1811 3388
355 211 758 261 AENEmos
795 212 931 260 ΜΒ.
967 213 1055 274 ιν,
1091 218 1380 266 507—-514
1531 224 1628 270 679

136 338 242 382 Ter
276 342 486 383 centum
521 342 668 382 tonat
700 349 793 382 ore
830 334 986 396 deos,
1022 335 1392 403 Erebumque,
1430 340 1626 389 Chaos-

906 421 1026 469 que,
1524 415 1626 462 510

134 468 612 535 Tergeminamque
632 473 888 532 Hecaten,
926 473 1020 522 tria
1053 474 1261 537 virginis
1295 490 1386 524 ora
1415 477 1624 531 Dianae.

132 539 398 601 Sparserat
423 547 474 586 et
495 538 668 587 latices
692 541 962 588 simulatos
988 540 1148 591 sontis
1166 545 1384 605 Averni3

127 605 364 654 Falcibus
387 615 438 654 et
461 624 661 657 messae
684 609 745 656 ad
768 612 971 658 Lunam
994 621 1318 676 quaeruntur
1337 613 1479 662 aenis

127 674 393 723 Pubentes
414 675 611 726 herbae
634 678 765 742 nigri
792 695 912 727 cum
934 679 1066 729 lacte
1086 681 1302 741 veneni3

194 758 307 806 514.
344 770 562 819 ΗΕΒΒΑΕ,

216 883 283 916 510
312 884 381 915 Ter
413 891 574 923 centurn,
607 883 763 925 divisim,
795 890 833 917 ut
859 884 905 917 sit
937 894 993 918 ter
1021 894 1128 920 tonat
1154 897 1297 921 centum
1327 888 1434 929 deos,
1465 887 1619 921 scribunt

125 927 184 960 alii
208 929 307 961 codd.
325 935 359 961 et
382 929 460 961 edd.
481 942 535 974 ap.
557 931 670 963 Burm.
717 940 825 963 sonat
844 932 968 965 Hamb.
998 945 1050 976 pr.
1099 935 1279 967 Prael'eras
1312 934 1416 967 facile
1445 934 1618 977 vulgatum

125 973 159 1005 in
178 982 323 1018 utroque
346 975 434 1007 loco.
483 978 569 1008 Sunt
593 977 741 1009 trecenti
759 977 816 1010 dii.
869 978 956 1020 <Etsi
974 982 1169 1013 trecentis.
1190 989 1387 1015 tercentum
1415 992 1521 1023 saepe
1550 992 1618 1013 nu-

124 1032 253 1052 merum
274 1028 372 1053 notat
394 1021 562 1054 infinitum
576 1048 584 1063 ,
609 1030 724 1055 tumen
745 1035 812 1055 nou
834 1024 972 1056 memini
993 1034 1174 1059 trecentos
1196 1027 1282 1059 deos
1303 1027 1386 1059 alibi
1407 1039 1460 1059 me
1480 1027 1616 1070 Iegere;

124 1077 325 1110 quamquam
345 1067 411 1099 erit
427 1068 596 1109 sortasse,
622 1069 679 1112 qni
695 1078 895 1102 tercentum
921 1070 1076 1104 delubra
1103 1073 1194 1112 VIII,
1223 1074 1301 1108 716.
1334 1080 1521 1105 memorata
1551 1073 1617 1107 huc

123 1113 264 1145 reserat.
314 1113 402 1146 Illud
432 1121 561 1146 certum
589 1122 661 1156 cst,
699 1123 732 1148 et
762 1117 1013 1149 ternarium
1042 1129 1235 1159 numerum,
1272 1126 1307 1151 ut
1337 1119 1371 1151 in
1399 1119 1473 1151 aliis
1499 1119 1617 1163 sacris,

123 1157 172 1190 ita
189 1159 333 1191 maxime
355 1160 388 1191 in
413 1160 552 1203 magieis
569 1161 768 1193 sollemnem
790 1161 912 1202 fuisse,
948 1162 1017 1195 vid.
1049 1164 1148 1198 Cerd.
1176 1165 1219 1197 ad
1248 1165 1320 1197 Ecl.
1349 1167 1443 1207 VIII,
1470 1166 1547 1205 73„
1581 1172 1617 1198 et

124 1206 439 1238 centenarium
461 1206 542 1238 item
563 1207 598 1238 in
619 1219 656 1239 re
685 1208 727 1239 ad
753 1208 838 1240 deos
866 1215 1065 1252 spectante5
1102 1211 1170 1244 vid.
1198 1212 1280 1244 Not.
1311 1211 1354 1243 ad
1381 1212 1442 1244 Ge.
1475 1213 1531 1253 III,
1560 1213 1615 1246 18.

122 1251 283 1291 Accedit,
310 1252 400 1295 qnod
422 1252 525 1284 silius
557 1252 580 1285 I.
600 1253 633 1285 iu
661 1255 745 1286 Not.
772 1253 885 1294 Iand.‚
922 1267 988 1298 quo
1018 1255 1109 1288 hunc
1138 1257 1329 1300 expressit,
1363 1258 1499 1290 videtur
1524 1258 1616 1300 apud

123 1297 303 1339 Virgilium
329 1307 383 1329 ter
401 1311 417 1330 a
439 1308 578 1330 centum
601 1312 779 1343 separasse
801 1307 834 1331 et
854 1313 927 1333 cum
947 1302 1052 1334 verbo
1074 1310 1177 1335 tonat
1196 1304 1366 1343 iunxisse,
1397 1304 1490 1348 quod
1510 1316 1615 1347 pree-

122 1343 203 1387 cipit
221 1344 322 1376 etiam
335 1345 482 1375 Servius.
522 1345 606 1377 Hinc
628 1346 720 1377 nolui
740 1346 880 1378 iunctim
901 1356 1097 1380 tercentum
1118 1349 1281 1382 scribere.
1295 1350 1390 1393 lVr.)
1463 1350 1528 1386 511
1547 1362 1615 1394 que

122 1389 221 1421 abest
256 1403 274 1422 a
304 1390 411 1421 tribus
438 1391 549 1423 llnrm.
608 1400 665 1423 ter
694 1394 849 1437 virginis
872 1405 940 1425 sec.
972 1395 1158 1435 Rottend.,
1190 1395 1290 1428 male.
1396 1397 1465 1431 513
1497 1399 1536 1428 F.
1567 1396 1615 1429 ad

122 1435 243 1467 lunam
265 1444 300 1468 et
324 1448 435 1468 messe
461 1438 580 1469 Franc.
630 1439 756 1480 (messe
786 1438 888 1471 etium
914 1440 1058 1477 Media,
1092 1441 1154 1473 sed
1186 1455 1207 1473 (ι
1232 1441 1476 1486 superscripta.
1516 1443 1611 1485 lVr.)

120 1482 267 1513 alteneis
284 1482 435 1514 scribunt
457 1483 556 1515 codd.
576 1495 630 1526 ap.
649 1484 749 1524 Pier.,
771 1484 876 1524 malc5
901 1497 978 1517 nam
999 1493 1034 1518 et
1051 1486 1161 1521 altera
1182 1488 1294 1521 forma
1315 1488 1461 1521 usitata:
1486 1500 1612 1521 aenas-

120 1528 272 1570 (—5l4.
298 1529 347 1560 De
367 1529 644 1572 interpunctione
669 1530 736 1563 vid.
757 1532 841 1563 Not.
871 1531 965 1575 ll'r.)

117 1638 236 1670 vocat
276 1630 406 1684 (vocat
446 1635 562 1672 Silius
602 1635 630 1683 1,
671 1635 738 1685 94,
769 1636 837 1674 ubi

117 1687 224 1726 hunc
242 1689 370 1727 locum
392 1691 614 1743 transtulit)
650 1692 742 1730 deos
770 1693 835 1730 in-

115 1746 240 1794 serOS,
279 1746 396 1797 longo
427 1748 567 1786 ordine
596 1762 732 1787 eorum
757 1763 834 1787 no-

115 1803 219 1840 mina
241 1804 432 1852 recitans,
461 1806 529 1856 qui
555 1806 593 1843 in
626 1805 687 1843 his
713 1807 833 1844 sacris

116 1857 354 1911 (exemplum
377 1862 415 1898 in
439 1862 520 1912 ipsa
555 1863 691 1900 Medea
723 1877 761 1902 v.
791 1864 830 1901 in

114 1917 229 1955 Ovid.
260 1918 353 1955 Met.
388 1919 469 1966 VII,
507 1922 584 1960 192
616 1919 716 1970 sqq.)
746 1934 830 1960 mos

113 1980 214 2022 erat,
245 1975 483 2024 omninoque
509 1977 550 2013 in
578 1976 735 2027 hymnis
758 1991 830 2015 ve-

112 2035 242 2068 terum
272 2038 310 2068 et
349 2033 526 2070 formulis
561 2034 689 2071 sacris.
733 2034 830 2085 (vid.

112 2086 158 2124 V.
187 2088 227 2124 L.
262 2088 311 2124 ad
348 2088 386 2125 h.
425 2103 481 2126 γε.
531 2089 642 2141 llsr.)
704 2091 830 2128 Etiam

111 2141 188 2180 hoc
209 2157 257 2180 ex
280 2158 409 2192 inore,
431 2146 538 2194 quod
558 2146 731 2183 eiusdem
752 2161 830 2184 nu—

112 2200 227 2237 minis
255 2201 369 2250 plura
403 2203 562 2239 nomina
597 2204 829 2252 recitantur,

112 2257 161 2293 ad
180 2257 283 2295 vires
305 2264 342 2294 et
366 2262 578 2309 potestates
605 2272 673 2297 seu
707 2267 827 2298 natu-

109 2326 176 2352 rae
198 2327 266 2351 seu
290 2316 460 2352 numinis
490 2315 666 2353 diversas
695 2317 827 2354 decla-

108 2371 274 2420 randas,
312 2378 358 2408 ut
399 2372 447 2409 ad
479 2374 696 2423 potentiani
733 2375 826 2411 deae

108 2441 177 2479 per
195 2441 334 2478 supera
356 2435 393 2465 et
417 2430 541 2466 intera
565 2436 604 2466 et
625 2431 825 2468 terrestria

107 2492 301 2522 meantem
358 2485 632 2524 declarandam
690 2489 826 2525 eadent

108 2544 258 2579 Hecate
283 2544 421 2592 triceps
444 2543 754 2592 τρισσυκέφαλυς
783 2545 822 2582 in

107 2597 231 2648 orph.
254 2599 396 2649 Argon.
417 2600 495 2640 974
519 2599 603 2651 (ubi
625 2601 735 2638 facile
751 2615 823 2652 ap-

106 2662 217 2705 paret
240 2656 308 2706 leg.
323 2653 674 2710 τρισσοκάρηνος);
703 2658 821 2695 etiam

107 2713 247 2748 Diana
274 2718 331 2749 est
358 2711 629 2763 τριπρόςωπος
659 2716 816 2764 trisdex,

106 2767 305 2815 trasbrmis,
329 2771 560 2819 τρίμορφος.
589 2772 689 2808 cons.
722 2773 818 2808 Cer-

105 2824 154 2860 da
182 2830 220 2860 et
247 2824 372 2861 Ursin.
431 2826 505 2863 Pro
533 2828 675 2864 Diana
705 2831 816 2877 virgo

105 2881 180 2916 tria
209 2894 277 2917 ora
305 2880 453 2917 habens·
497 2882 653 2920 doctius
684 2885 816 2934 posuit

895 1637 1064 1676 alterum
1103 1645 1229 1689 poeta.
1309 1639 1431 1687 Quod
1478 1645 1610 1677 autem

892 1694 1032 1732 Maura
1079 1709 1178 1734 anus
1227 1698 1388 1734 nomina
1444 1696 1610 1735 deorum

890 1765 1028 1801 graeca
1049 1754 1306 1803 pronuntiat,
1336 1753 1399 1802 id,
1430 1767 1610 1791 commu-

890 1809 930 1845 ni
949 1809 1220 1849 Romanorum
1239 1824 1348 1848 more
1373 1811 1480 1862 apud
1508 1823 1609 1862 poe-

889 1872 950 1902 tas
976 1873 1015 1903 et
1043 1865 1252 1905 historicos
1279 1874 1502 1919 receptum,
1541 1868 1608 1917 qui

888 1929 957 1960 aut
995 1923 1257 1962 barbarorum
1294 1925 1498 1975 religiones
1529 1925 1608 1962 suis

888 1979 1112 2018 nominibus
1151 1982 1489 2032 interpretantur,
1539 1987 1607 2018 aut

886 2035 1065 2074 barbaris
1091 2051 1178 2074 suas
1201 2038 1407 2088 religiones
1432 2038 1605 2075 tribuere

887 2092 1036 2141 solent,
1058 2094 1153 2132 vitio
1174 2094 1276 2132 verti
1298 2101 1437 2145 poetae
1456 2094 1604 2144 nequit.

889 2146 1036 2199 (Minus
1079 2150 1178 2188 bene
1222 2151 1473 2189 Burmannus
1520 2164 1602 2189 rem

887 2206 1073 2256 expedire
1090 2206 1280 2259 videtur.)

943 2264 1025 2303 512
1047 2285 1102 2292 —-
1121 2267 1214 2305 516.
1254 2263 1481 2302 Ess'unditur
1505 2292 1514 2312 ,
1561 2263 1600 2301 in

885 2331 1024 2368 rogum
1053 2334 1101 2357 an
1136 2321 1177 2357 in
1209 2335 1315 2369 aras,
1347 2334 1469 2370 aqua,
1501 2332 1601 2369 quae

886 2388 905 2410 e
930 2377 1048 2426 Styge
1080 2377 1203 2427 petita
1230 2391 1309 2415 esse
1331 2377 1458 2415 videri
1478 2376 1598 2414 debe—

884 2431 963 2469 bat.
1022 2435 1253 2482 simulatos,
1299 2434 1456 2485 proprie
1495 2432 1533 2470 h.
1571 2433 1596 2471 l.

884 2489 932 2526 cs.
967 2489 1029 2537 III,
1059 2493 1152 2531 302.
1181 2492 1275 2538 349,
1303 2505 1400 2541 quos
1428 2489 1596 2540 fingebat

882 2546 1098 2583 Avernales
1136 2547 1199 2598 (ut
1231 2548 1369 2585 Horat.
1396 2547 1520 2597 Epod.
1551 2547 1594 2595 V,

882 2602 952 2654 26)
974 2608 1013 2639 et
1032 2616 1080 2640 ex
1098 2603 1192 2641 Iocis
1210 2605 1339 2642 inseris
1351 2605 1492 2655 petitos
1502 2616 1593 2640 esse.

879 2660 1186 2709 Superstitiones
1231 2663 1396 2711 magicas
1451 2661 1594 2698 diserte

879 2728 1062 2753 enarrare
1084 2717 1181 2755 nihil
1207 2719 1372 2766 attinet,
1412 2717 1503 2755 vide
1531 2716 1592 2755 vel

877 2772 1055 2810 Cerdam.
1115 2775 1246 2812 Inerat
1266 2775 1310 2812 iis
1330 2775 1437 2812 lusus
1454 2773 1591 2822 aliquis

875 2841 894 2864 a
913 2829 1167 2868 similitudine
1183 2844 1338 2879 rerum,
1364 2831 1590 2881 plerumque

875 2884 1096 2936 allegorice,
1111 2888 1277 2939 petitus:
1307 2894 1352 2925 ut
1372 2888 1412 2924 in
1432 2885 1588 2936 ligando
