1811 3388
350 218 763 272 AENEIDOS
801 227 942 279 LIB.
982 233 1066 296 VI,
1108 241 1394 296 837-840

1534 260 1629 307 991

123 339 417 407 Ipsumque
433 346 716 413 Aeaciden,
736 366 903 416 genus
923 359 1289 425 armipotentis
1301 368 1487 423 Achilli
1500 399 1513 437 3
1535 384 1633 432 840

217 455 371 500 (—840.
395 460 555 496 Achillis
578 465 635 505 23
663 467 731 500 vid.
759 470 802 503 V.
827 471 866 504 L.
893 473 935 506 ad
961 475 1003 517 H,
1028 474 1106 511 476.
1138 480 1232 523 Wr.)

119 562 252 610 Argos
274 575 320 599 ac
348 565 403 602 M
410 580 549 607 menas
576 573 776 624 nominat,
807 577 849 615 in

117 624 299 656 veterum
327 620 585 665 historiarum
613 633 845 672 memoriam

116 674 337 716 iucundam
357 681 473 719 simul
497 690 536 721 et
557 696 781 737 augustam:
801 699 847 730 ut

115 732 193 770 iam
226 734 292 773 lib.
326 737 354 785 Ι,
399 742 482 780 283
508 767 558 772 ᾖ
581 747 663 786 285
693 748 842 787 sactum

115 791 310 842 vidimus3
341 808 457 845 quem
480 798 613 839 locum
646 805 713 853 cs„
748 806 841 845 item

114 848 232 887 Ovid.
268 851 371 890 fast.
405 854 468 903 VI,
506 857 572 907 47,
617 861 685 898 ubi
721 863 840 903 Iuno:

114 908 328 946 Poenileat
398 913 567 962 §panea
626 920 840 972 Argosque

112 977 300 1016 measque
341 969 542 1019 sllycenccs
578 975 632 1011 El
674 988 841 1017 velemus

111 1022 235 1058 Latio
260 1030 515 1074 supposui-951>
543 1031 715 1072 branton:
749 1036 787 1074 h.
807 1051 837 1076 e.

110 1079 346 1130 subiugasse.
413 1084 673 1140 Quantopere
705 1100 838 1134 autem

109 1137 279 1175 victoria
330 1140 379 1177 de
415 1142 678 1187 Macedonum
734 1152 837 1204 Rege

108 1194 250 1233 Perseo
292 1198 483 1239 afflixerit
515 1204 743 1258 Graeciam,
787 1224 836 1249 ex

107 1252 219 1290 Livio
258 1253 456 1308 intelligas
500 1262 618 1312 XLV,
664 1269 712 1307 31
755 1281 833 1319 seq.

105 1309 169 1347 Ad
190 1317 370 1364 tempora
394 1315 486 1354 belli
509 1319 670 1360 Troiani
690 1338 710 1360 a
734 1339 832 1376 poe-

105 1374 148 1405 ta
187 1373 486 1411 accommodata
524 1387 619 1416 sunt
665 1382 830 1434 reliqua,

69 1437 70 1440 ’
102 1427 307 1477 praeclare
329 1431 489 1481 utique,
513 1435 542 1472 si
563 1435 660 1475 haee
680 1439 833 1479 Aeneae

101 1493 401 1535 repraesentata
423 1493 666 1533 memineris:
697 1498 832 1549 itaque

100 1541 287 1581 Perseum
309 1545 463 1586 victum
486 1552 698 1602 appellavit
717 1560 831 1595 Aea-

100 1601 217 1637 viden
237 1631 248 1649 ,
298 1603 347 1640 ab
395 1605 547 1645 Achille
589 1612 829 1664 oriundum5

100 1657 198 1707 quid
227 1659 332 1698 enim
350 1662 406 1700 ad
440 1665 706 1708 Troianorum
734 1685 826 1710 sen—

98 1728 186 1752 sum
237 1716 379 1757 laetius
437 1724 600 1773 cogitari
656 1735 824 1779 poterat,

98 1785 217 1822 quam
237 1773 400 1815 Achillis
415 1787 595 1831 posteros
612 1785 825 1835 aliquando

98 1830 281 1869 Troianis
325 1847 405 1872 esse
451 1851 598 1888 poenas
660 1843 825 1883 daturos

96 1888 331 1928 calamitatis
379 1894 560 1935 Troianis
608 1899 739 1939 illatae
786 1910 826 1941 et

95 1958 255 1984 eversae
287 1950 398 1988 urbis
432 1954 610 2005 adeoque
651 1961 823 2011 templo—

93 2016 184 2041 rum
208 2005 349 2044 Troiae
369 2009 613 2050 violatorum
644 2023 683 2053 et
716 2019 825 2055 dire—

91 2067 275 2113 ptorum,
299 2066 367 2102 sed
388 2067 584 2119 ingeniose
601 2085 726 2112 unum
749 2076 823 2113 ali-

92 2119 203 2168 quod
225 2121 400 2173 facinus,
433 2132 478 2164 ut
507 2135 645 2178 poeta,
680 2138 718 2169 et
753 2133 820 2171 in—

90 2177 231 2227 primis
252 2179 380 2218 Aiacis
399 2183 641 2235 impietatem
660 2188 701 2226 in
722 2191 818 2228 Cas—

90 2234 278 2274 sandram
324 2249 519 2279 memorat
543 2273 553 2292 ,
615 2251 815 2297 tamquam

89 2293 307 2332 nefandum
338 2297 518 2348 inprimis
550 2303 695 2352 scelus,
736 2320 815 2356 quo

87 2348 232 2388 Achivi
256 2353 423 2392 deorum
447 2357 529 2394 irae
553 2365 592 2395 et
617 2361 816 2401 vindictae

87 2420 169 2444 sese
187 2408 501 2452 obstrinxerant.
534 2418 580 2454 cs.
603 2432 687 2469 sup.
709 2421 735 2469 l,
760 2424 813 2463 39

85 2478 169 2515 sqq.
217 2466 432 2517 Augustior
451 2472 549 2510 adeo
566 2488 702 2513 rerum
723 2492 814 2529 spe—

85 2523 161 2559 cies
181 2524 366 2564 redditur
390 2529 508 2567 etiam
534 2530 602 2569 hic
626 2534 813 2584 religione

84 2578 206 2619 illata.
268 2583 390 2630 Quod
421 2594 553 2626 autem
584 2591 713 2629 Persei
742 2607 811 2644 ge—

83 2650 158 2674 nus
180 2639 231 2677 ad
252 2639 445 2681 Achillem
466 2648 605 2685 referri
634 2650 684 2686 sit
716 2651 811 2689 soli-

82 2699 169 2731 tum
191 2725 200 2743 ,
246 2711 295 2735 ex
329 2700 537 2753 Propertio
563 2705 809 2746 illustratum

81 2757 141 2788 est
160 2753 214 2790 IV
236 2763 338 2795 extr.
360 2761 434 2800 39:
464 2763 518 2798 Ec
547 2769 671 2801 testor
704 2779 806 2816 eum,

86 2809 169 2857 Qui
205 2813 380 2863 Persen,
425 2823 573 2866 proavi
606 2825 806 2862 sinmlcm—

78 2873 156 2902 tem
181 2877 321 2917 pec-tus
353 2874 551 2925 Achillis,
594 2879 646 2916 Et
682 2882 804 2919 tumi—

78 2922 148 2961 das
161 2938 318 2974 proavo
348 2927 442 2980 (hoc
473 2946 581 2972 nunc
614 2939 803 2977 emenda—

909 580 988 618 tius
1011 581 1154 633 legitur
1173 587 1334 627 meliore
1362 593 1540 633 Santenii
1566 598 1632 637 iu—

907 637 1027 690 dicio)
1045 640 1201 692 stega,
1247 648 1430 698 Achille,
1472 652 1623 703 domos,

906 693 977 746 (sic
995 699 1206 750 coniunge:
1238 701 1277 742 h.
1302 718 1332 743 e.
1364 708 1547 748 Paullum
1568 718 1630 750 te-

902 759 1007 802 stor,
1040 757 1108 806 qui
1137 759 1279 798 Persen
1308 763 1406 803 vicit
1433 773 1471 804 et
1495 767 1629 807 Mace-

902 809 1062 850 doniam
1083 815 1253 868 subegit,
1280 834 1351 871 pro
1375 836 1452 872 qua
1472 839 1628 865 memo—

899 875 963 906 rat
999 878 1156 920 gentem
1198 877 1345 926 regiam
1384 881 1432 918 ab
1474 883 1627 922 Achille

899 927 1066 976 origines
1106 934 1322 985 petentem)
1365 944 1404 974 et
1440 951 1489 976 ex
1530 943 1624 980 Silio

899 984 987 1032 XV,
1007 989 1102 1028 291.
1126 992 1207 1031 292
1229 991 1277 1028 de
1296 992 1475 1046 Philippo
1494 998 1624 1037 Persei

897 1047 1031 1092 patre:
1061 1046 1147 1082 llic
1167 1057 1286 1097 genle
1307 1055 1511 1103 egregius,
1549 1072 1621 1094 ve·-

898 1102 1063 1151 terisque
1081 1103 1133 1139 ab
1155 1108 1307 1155 origine
1335 1113 1451 1159 regni
1466 1112 1620 1151 Aeaei-

895 1157 991 1193 (lum
1009 1163 1170 1209 sceptris·
1195 1178 1428 1216 procn'oque
1446 1171 1621 1209 tumebat

892 1214 1066 1253 Achille.
1121 1218 1334 1266 Quomodo
1357 1224 1618 1266 Macedonum

891 1284 999 1322 reges
1030 1274 1078 1311 ab
1118 1277 1270 1316 Achille
1309 1293 1431 1331 genus
1473 1284 1618 1324 ducere

890 1332 1118 1381 potuerint,
1147 1336 1214 1385 qui
1234 1336 1466 1377 Heraclidae
1487 1350 1616 1392 erant,

891 1387 931 1423 in
982 1395 1095 1426 tanta
1149 1398 1524 1437 commentariorum
1573 1401 1615 1438 in

891 1450 1106 1496 utrumque
1125 1449 1256 1489 locum
1286 1455 1389 1491 mole
1417 1457 1613 1495 neminem

889 1502 975 1540 vidi
1011 1505 1164 1545 docere.
1224 1510 1397 1549 Videtur
1439 1514 1489 1551 ad
1525 1528 1612 1552 ma·-

888 1566 1045 1599 ternam
1080 1564 1239 1616 stirpem
1281 1569 1330 1606 ab
1374 1570 1611 1622 Olympiade

888 1630 968 1655 esse
1024 1620 1276 1662 redeundum
1299 1656 1308 1674 ,
1377 1642 1477 1678 quae
1525 1638 1611 1668 erat

885 1675 1151 1729 Neoptolemi,
1184 1682 1293 1733 Epiri
1316 1685 1381 1733 11.,
1412 1685 1503 1724 filia.
1526 1688 1609 1726 vid.

884 1732 1022 1772 lustin.
1042 1735 1122 1785 VII,
1147 1742 1184 1779 6.
1217 1739 1470 1792 („Manifest0
1493 1758 1609 1795 prae-

884 1796 984 1840 stat,
1008 1794 1233 1833 testimonio
1263 1798 1403 1837 Iustini
1428 1802 1608 1849 XXVIII,

888 1851 923 1887 1.
946 1849 1031 1899 uti,
1063 1851 1105 1888 in
1124 1852 1343 1893 derivanda
1363 1856 1439 1895 hac
1464 1873 1609 1910 cogna-

884 1905 992 1944 tione
1024 1921 1045 1944 a
1076 1909 1243 1959 Phthia,
1284 1920 1410 1952 matre
1438 1916 1608 1969 Philippi

884 1963 963 2012 HL,
995 1966 1140 2017 quippe
1159 1983 1259 2018 quae
1280 1985 1401 2021 genus
1419 1987 1536 2011 suum
1558 1975 1605 2012 ab

884 2020 1035 2059 Achille
1061 2024 1197 2063 duxit:
1237 2028 1441 2079 Olympias
1471 2038 1605 2070 autem

881 2077 942 2115 his
987 2079 1241 2121 Macedoniae
1284 2087 1441 2137 regibus
1491 2089 1603 2127 nullo

876 2139 1149 2185 prognationis
1172 2142 1331 2180 vinculo
1351 2150 1436 2181 erat
1454 2145 1601 2184 iuncta.

877 2193 990 2231 Unde
1011 2202 1120 2246 patet
1138 2200 1341 2238 Aeaciden
1354 2214 1434 2239 esse
1444 2203 1600 2252 Persen,

876 2251 1063 2290 ultimum
1084 2254 1338 2295 Macedoniae
1356 2272 1500 2310 regem,
1527 2275 1601 2299 nee

876 2307 924 2344 (le
943 2309 1060 2360 Epiro
1085 2313 1244 2363 eiusque
1275 2315 1547 2355 devastatione
1578 2333 1599 2356 a

874 2366 1010 2404 Paullo
1059 2370 1225 2409 Aemilio
1274 2373 1383 2411 iussu
1430 2377 1598 2414 Senatus

872 2423 986 2461 Rom.
1001 2425 1105 2464 facta
1119 2442 1338 2468 sermonem
1354 2445 1433 2469 esse
1446 2438 1597 2484 posse.“

874 2482 1097 2537 Rulzkops.)
1150 2486 1235 2525 Hac
1253 2489 1409 2526 ratione
1431 2491 1597 2530 univer-

871 2551 911 2575 se
933 2548 1112 2591 servata,
1145 2543 1193 2581 de
1213 2546 1328 2583 Perse
1360 2553 1514 2598 tamen,
1547 2563 1596 2586 an

870 2596 921 2633 ad
955 2610 1044 2636 eum
1078 2613 1116 2638 v.
1151 2603 1234 2644 840
1265 2605 1500 2644 referendus
1533 2608 1593 2655 sit,

869 2653 1001 2693 adhuc
1021 2660 1156 2707 quaeri
1177 2667 1322 2710 potest.
1367 2664 1466 2701 Cum
1489 2666 1593 2701 enim

867 2713 993 2751 multo
1025 2716 1145 2767 magis
1169 2718 1333 2757 obvium
1361 2721 1433 2769 sit,
1475 2722 1590 2758 Ennii

866 2771 1047 2822 exemplo
1070 2803 1079 2821 ,
1119 2776 1324 2814 Aeaciden
1360 2778 1407 2815 de
1435 2777 1589 2828 Pyrrho

863 2826 973 2878 Epiri
992 2830 1039 2868 11.
1059 2838 1130 2869 aut
1161 2833 1243 2870 eius
1266 2835 1450 2884 progenie
1483 2835 1587 2872 acci-

862 2898 977 2935 pere,
1009 2889 1105 2937 quid
1132 2889 1163 2926 si
1182 2891 1324 2940 Regem
1353 2905 1424 2941 pro
1450 2905 1585 2943 regno,

863 2942 1040 2994 adeoque
1061 2959 1135 2996 pro
1156 2947 1296 2998 Epiro,
1330 2948 1480 2987 dictum
1515 2955 1586 2987 aut
