1827 3436
388 203 802 254 AENEmos
838 204 977 252 ΜΒ.
1015 203 1056 264 1,
1093 209 1138 254 3.
1177 207 1209 254 4

1487 211 1553 259 63

51 337 112 388 Vi
146 348 421 400 superum,
468 345 652 380 saevae
684 344 992 378 memorem
1025 327 1247 377 Iunonis
1285 328 1355 376 ob
1393 328 1554 391 iram3

138 472 163 508 4
185 481 220 506 ει
240 479 319 506 aute
350 482 486 504 saevae
519 467 719 504 auctoribus
752 468 853 502 libris
888 475 924 503 et
957 468 1037 501 edd.
1074 474 1145 503 ant.
1169 467 1300 502 abiecit
1323 467 1443 501 Heius.
1477 476 1557 514 post

47 521 205 556 Pierium.

47 629 366 677 frequentarunt,
399 623 604 671 Oenotrii,
636 622 774 660 Euan-

47 685 117 722 der
159 689 197 720 et
238 682 429 720 Hercules
452 711 462 728 ,
513 695 560 717 ex
599 680 774 717 Graecia

47 742 308 780 advenerant.
353 738 521 791 (Neutra
549 737 652 775 ratio
674 751 774 788 pro-

46 799 168 837 cedit:
197 798 307 848 qnasi
327 803 418 849 post
435 796 605 833 Aeneam
628 795 692 832 alii
710 794 774 832 vel

46 856 209 895 Troiani
248 856 312 893 vel
352 855 519 892 aliarum
567 853 772 903 regionum

47 915 218 952 cultores
256 913 306 950 ad
356 913 477 949 litora
514 910 678 948 Lavinia
718 910 773 947 ibi

45 972 270 1011 habitatum
308 970 511 1017 venerint,
560 968 629 1018 qui
674 967 773 1005 nulli

46 1035 335 1068 memorantur.
371 1026 489 1079 lVr.)
531 1025 608 1063 Sed
632 1031 773 1077 arguta

45 1088 144 1126 haec
168 1086 302 1138 potius
323 1098 443 1135 quam
463 1096 559 1122 vera
580 1088 704 1135 puto3
734 1088 774 1119 et

47 1151 186 1197 poetae
213 1144 346 1181 animo
377 1142 456 1180 hoe
489 1141 652 1179 unicum
673 1140 773 1178 insi-

48 1203 142 1241 dere
174 1201 333 1248 debuit,
375 1198 484 1250 quod
506 1199 554 1236 ab
577 1198 772 1248 antiquis-

48 1261 145 1298 sima
186 1257 372 1296 memoria
405 1256 574 1308 repetita
606 1269 669 1293 res
700 1262 771 1293 est.

48 1319 118 1356 Est
142 1323 273 1355 autem
286 1317 459 1365 primus,
490 1317 641 1363 primo,
673 1313 771 1349 sim-

48 1376 205 1427 pliciter
229 1374 378 1411 dietum
403 1385 477 1423 pro
506 1372 624 1416 olim,
660 1372 771 1406 αηίί-

48 1435 182 1484 quilus
199 1461 208 1477 ‚
246 1437 290 1468 ut
310 1442 407 1467 mox
428 1432 494 1469 24.
526 1428 620 1464 belli
631 1429 770 1477 prima

49 1490 157 1542 quod
175 1489 233 1526 acl
260 1488 423 1525 Troiam
438 1493 616 1536 gesserat
628 1498 644 1524 ‚⁹
674 1483 714 1522 h.
737 1497 769 1522 e.

49 1553 189 1595 antea,
229 1545 333 1582 olim.
395 1543 489 1580 Aen.
524 1542 632 1591 VIII,
673 1544 769 1584 319.

49 1606 210 1642 Primus
232 1601 282 1639 al)
295 1601 468 1639 aetherio
484 1601 679 1637 Saturnus
700 1613 771 1636 ve-

47 1664 108 1699 nit
132 1662 318 1711 Olympo.
353 1658 495 1695 Horat.
515 1657 559 1695 11.
580 1659 704 1694 Serm.
731 1658 770 1705 2,

47 1722 116 1760 93.
163 1718 236 1755 llos
272 1720 429 1753 ιιίίηαιη,
475 1717 575 1752 inter
610 1715 772 1752 Heroas

47 1785 188 1814 nalum
213 1775 326 1811 tellus
357 1787 418 1810 me
444 1774 580 1823 prima
601 1772 768 1808 lali-sset.

50 1832 154 1886 (Hoc
183 1831 425 1878 tenendum3
459 1829 541 1868 vid.
573 1829 692 1866 etiam
720 1829 771 1876 Q.

50 1892 95 1930 V.
119 1889 308 1936 XXVIII,
341 1891 388 1936 3,
421 1900 453 1925 e.
499 1885 617 1938 lVr.)
666 1889 773 1923 venit

49 1949 230 1995 ltaliam,
262 1945 471 1983 Homerica
492 1944 670 1993 ratione3
699 1938 774 1996 ἧκε

49 2002 170 2047 πόλιν
201 2010 241 2041 et
268 2004 495 2050 innumera,
535 2002 678 2039 omisso
707 2001 775 2049 εἰς.

49 2063 222 2101 Omnino
252 2060 329 2098 hoc
356 2059 601 2110 infigendum
629 2057 775 2107 animo,

50 2127 98 2158 ut
136 2119 252 2157 semel
280 2118 455 2156 monitus
490 2118 560 2165 sis,
614 2123 773 2167 poetam

51 2178 205 2215 Graeco
229 2188 338 2213 more
361 2175 586 2226 praeposita
609 2174 693 2222 ista,
713 2176 770 2221 in,

44 2249 140 2285 per,
175 2235 254 2281 acl,
298 2233 500 2283 negligere.
550 2233 718 2269 ltaliam
736 2236 775 2267 et

52 2293 233 2329 Lavinia
270 2291 387 2327 litora
427 2289 669 2327 declarative
702 2302 775 2326 cu-

52 2349 202 2386 mulata
245 2353 360 2395 sunt3
416 2348 598 2384 Lavinia
640 2352 775 2384 autem

53 2407 183 2452 litora,
217 2405 256 2442 in
281 2404 423 2455 quibus
443 2403 656 2453 aliquando
677 2403 774 2441 urbs

53 2463 259 2500 Lavinium
309 2468 392 2499 erat
440 2460 667 2508 condenda,
730 2466 777 2498 ut

54 2521 180 2558 solent
231 2525 372 2571 poetae
423 2524 554 2570 petere
601 2517 774 2570 epitheta

55 2578 172 2615 etiam
195 2591 214 2614 a
234 2577 443 2628 postmodo
464 2576 590 2613 sactis.

112 2637 150 2675 3.
176 2634 213 2674 4.
260 2633 307 2672 V
302 2636 380 2670 enit
409 2636 582 2670 iactatus
612 2641 646 2669 et
665 2647 772 2684 pas·-

56 2704 141 2739 sus,
181 2691 452 2742 interponitur
484 2704 533 2727 ex
557 2703 668 2727 more
691 2690 772 2726 ille.

59 2744 155 2796 (vid.
193 2748 238 2786 V.
281 2749 321 2785 L.
387 2746 503 2800 er.)
566 2754 776 2799 postquam

59 2815 214 2852 magnos
243 2805 396 2842 labores
421 2805 629 2842 maritimis
661 2817 777 2842 erro-

59 2859 188 2908 ribus,
224 2868 262 2899 et
293 2868 447 2900 tentata
474 2863 621 2900 frustra
655 2862 776 2900 variis

63 2916 102 2952 in
126 2917 219 2954 locis
240 2933 343 2957 nova
372 2919 487 2967 sede,
519 2920 774 2958 toleraverat.

835 618 973 661 Πολλοὶ
1006 617 1050 662 δ’
1081 616 1147 675 ’ὅγ’
1176 620 1221 662 ἐν
1254 616 1391 676 πόντῳ
1418 615 1558 659 πάθεν

832 676 955 732 ἄλγεα
985 675 1034 719 ὃν
1067 676 1169 718 κατὰ
1203 674 1355 731 θυμόν.
1414 677 1557 729 Odyss.

833 753 870 784 α,
902 736 940 776 4.
988 738 1045 775 lsi
1066 750 1277 786 superum,
1317 735 1480 773 numine
1511 748 1557 772 ac

831 793 1039 831 voluntate
1062 794 1252 831 deorum:
1290 792 1334 833 ἐκ
1356 795 1483 838 θεοῦ,
1515 791 1558 832 ἐκ

831 854 958 891 θεῶν.
1001 851 1083 903 (Fr.
1105 851 1194 889 Gall
1212 851 1254 888 in
1280 849 1558 902 Ephemeridi-

830 909 905 946 bus
940 909 1062 947 litter.
1088 909 1238 946 lenens.
1270 908 1318 946 ai.
1340 910 1461 949 1828.
1484 909 1558 945 ln-

830 966 1117 1017 telligenzblatt
1145 968 1229 1004 ,Na
1257 966 1321 1007 15.
1337 979 1443 1016 pag.
1464 967 1557 1006 119.

830 1023 1091 1062 vehementer
1123 1024 1315 1071 miratur,
1367 1021 1476 1073 quod
1509 1021 1558 1059 de

829 1087 893 1119 tot
903 1081 1053 1133 Virgilii
1073 1080 1365 1133 Interpretibus
1386 1093 1436 1117 ne
1454 1093 1559 1117 unus

831 1139 991 1189 quidem
1023 1145 1132 1177 recte
1162 1137 1407 1176 intellexerit
1436 1137 1555 1175 verba

837 1198 891 1234 Vt
923 1210 1138 1247 superum:
1176 1197 1335 1234 nullum
1374 1196 1477 1232 enim
1507 1207 1557 1232 ex

829 1254 931 1301 Diis,
983 1259 1142 1305 praeter
1182 1267 1302 1291 unam
1351 1253 1557 1300 Iunonem,

827 1311 1026 1349 insensum
1049 1311 1204 1348 Aeneae
1226 1310 1355 1348 fuisse.
1412 1310 1463 1348 At
1483 1323 1557 1347 au—

829 1369 984 1406 diamus
1007 1368 1211 1407 Servium:
1242 1367 1385 1417 „Multi
1414 1369 1471 1405 Vi
1487 1381 1558 1404 su-

819 1441 964 1477 peram
984 1439 1095 1477 posse
1113 1426 1236 1477 accipi
1259 1426 1401 1463 dicunt
1424 1424 1557 1471 Irim,

828 1484 1066 1531 Aeolum,
1098 1484 1389 1530 Iuturnam,
1433 1483 1557 1520 luno-

828 1554 942 1589 nem;
991 1541 1061 1578 sed
1094 1541 1233 1579 melius
1261 1540 1464 1578 iudicant:
1504 1539 1558 1587 vi,

828 1612 949 1649 quam
982 1598 1114 1649 superi
1150 1597 1340 1636 habent.“
1400 1597 1482 1635 Iam
1502 1597 1557 1634 ita

828 1656 958 1708 pergit
1002 1656 1073 1693 Vir
1114 1655 1221 1693 doct.
1266 1655 1387 1693 niodo
1429 1653 1559 1692 laud-,2

830 1713 961 1752 Verba
991 1716 1034 1750 νί
1061 1728 1249 1763 superum
1271 1727 1352 1750 non
1383 1712 1425 1750 id
1444 1712 1558 1750 vale-

829 1784 893 1809 re:
925 1771 1137 1808 deorum
1161 1771 1366 1808 numine
1395 1776 1440 1807 et
1469 1782 1558 1807 vo-

829 1829 882 1866 lu
896 1842 920 1865 n
934 1834 1065 1878 tate3
1087 1828 1157 1865 sed
1174 1828 1290 1879 plane
1316 1826 1558 1865 contrariam

830 1885 978 1923 habere
999 1885 1343 1936 significationem:
1375 1898 1395 1922 c
1406 1899 1427 1922 o
1440 1899 1465 1922 n
1478 1890 1526 1922 tr
1537 1897 1558 1920 a

830 1944 1166 1981 voluntatem
1199 1943 1431 1990 deorum,
1463 1954 1559 1978 ma-

831 2015 927 2051 gno
955 2014 1067 2038 eum
1099 2000 1287 2038 dolore
1319 2000 1559 2048 deorum5

832 2058 990 2108 dicique
1010 2057 1088 2095 hoc
1107 2058 1164 2095 ita
1178 2088 1187 2106 ‚
1219 2056 1559 2108 quemadmodum

832 2116 984 2153 Graece
1022 2116 1181 2153 dicatur
1207 2116 1276 2170 βίᾳ
1299 2112 1449 2167 νόμου,
1490 2114 1560 2169 βίᾳ

829 2176 912 2212 τῶν
937 2175 1126 2213 πολιτῶν.
1186 2173 1265 2210 Sed
1286 2172 1317 2209 si
1339 2171 1437 2222 quid
1457 2185 1555 2208 con-

831 2237 897 2268 tra
924 2231 1177 2268 voluntatem
1207 2229 1373 2267 deorum
1409 2228 1477 2277 fit,
1517 2227 1560 2265 id

832 2302 914 2325 non
932 2287 978 2325 fit
995 2287 1187 2324 continuo
1210 2287 1280 2341 βίᾳ
1299 2289 1425 2326 θεῶν.
1457 2286 1559 2323 Tum

831 2358 876 2382 ea
897 2358 959 2383 res
989 2345 1174 2396 exemplis
1204 2350 1291 2383 erat
1320 2357 1400 2382 non
1431 2344 1559 2381 solum

832 2415 883 2439 ex
919 2403 1189 2450 Graecorum,
1245 2401 1313 2439 sed
1354 2401 1473 2438 etiam
1510 2413 1559 2437 ex

832 2460 1067 2497 Latinorum
1101 2473 1177 2496 usu
1228 2458 1363 2510 petitis
1407 2457 1558 2495 confir-

832 2516 992 2554 manda.
1072 2515 1266 2566 Equidem
1311 2516 1365 2553 ita
1412 2521 1559 2563 statuo,

832 2588 919 2612 voc.
945 2588 1131 2624 superum
1151 2573 1200 2610 ad
1227 2587 1349 2611 unam
1378 2573 1560 2610 referen—

833 2632 930 2669 dum
952 2644 1033 2669 esse
1059 2631 1274 2679 Iunonem3
1303 2630 1359 2667 sic
1386 2630 1491 2667 enim
1521 2635 1561 2666 et

836 2688 978 2727 Graeci
1006 2695 1047 2726 et
1072 2687 1200 2725 Latini
1232 2687 1446 2738 scriptores
1467 2687 1561 2738 plu-

835 2747 910 2784 rali
946 2746 1160 2784 Nominum
1186 2750 1359 2783 utuntur
1379 2757 1559 2791 numero,

834 2804 903 2842 ubi
927 2818 1054 2842 unum
1076 2803 1259 2853 aliquem,
1290 2802 1360 2839 sed
1386 2815 1458 2839 suo
1484 2815 1560 2838 110—

833 2861 939 2898 mine
969 2874 1051 2898 non
1085 2859 1320 2908 definitum,
1361 2859 1561 2897 indicant:

833 2919 902 2968 XI,
944 2917 1041 2960 784.
1072 2931 1150 2968 sq.:
1198 2929 1449 2969 „superos
1481 2915 1560 2954 Ar-
