1779 3420
125 173 226 222 578
494 162 1290 216 EXCURSUSVII

129 325 180 331 —
205 310 409 350 uncaeque
429 310 575 334 manus
599 318 648 324 —
683 297 778 337 226.
800 294 965 344 magnis
983 293 1168 344 quatiunt
1188 289 1448 343 clangoribus
1472 293 1565 330 alas
1588 315 1646 322 —

126 365 213 397 tum
236 371 313 395 vox
330 356 421 393 dira
442 376 500 383 -—-
527 355 624 396 233.
646 352 819 403 pedibas
850 348 998 404 uncis.)
1058 348 1124 388 Ad
1146 349 1265 388 huius
1294 355 1437 402 poetae
1476 350 1646 389 ductum

127 414 385 468 cogitandum
403 412 481 451 erit
503 411 551 449 de
568 410 731 449 alitibus
751 410 929 461 virgineo
949 421 1017 446 ore
1033 407 1262 460 insignibus.
1296 408 1494 447 Convenit
1511 408 1645 448 Schol.

126 472 325 527 Lycophr.
352 472 446 513 653.
469 467 633 522 σώματα
651 470 816 522 γυπῶν,
848 463 1044 520 πρόςωπα
1059 469 1196 519 κορῶν
1226 466 1410 518 ἔχουσαι,
1438 466 1510 505 5οᾶ
1538 466 1646 506 ἰ(10111

126 533 228 571 miro
247 529 369 569 modo
391 528 524 577 addit,
559 521 640 567 ὦτοι
665 523 846 579 ἄρκτων,
877 539 993 562 aures
1015 526 1173 561 ursinas
1198 536 1261 562 eas
1280 523 1441 563 habere.

242 589 325 627 Iam
343 599 549 639 expressas
566 584 748 623 videmus
768 583 811 621 in
834 582 964 620 numis
989 594 1034 618 ac
1066 582 1229 633 gemmis
1257 583 1405 620 formas
1439 583 1647 621 volucrum

126 649 260 699 capite
283 648 464 697 virgineo
485 645 792 681 instructarum.-
823 653 921 691 quas
940 639 1063 677 variis
1084 639 1213 677 modis
1240 640 1498 692 interpretari
1516 640 1647 678 solent

126 706 207 745 viri
233 705 363 752 docti,
394 701 516 740 modo
545 701 723 749 Sirenes,
763 698 884 736 modo
918 696 1234 749 Stymphalides,
1273 697 1395 736 modo
1432 697 1646 750 Harpyias⁸

126 763 327 802 Posterius
344 760 530 799 1100011111
557 757 690 808 aliqua
716 755 999 809 probabilitate
1027 755 1148 792 statui
1176 768 1292 806 posse
1320 755 1507 794 videtur:
1546 769 1647 794 con-

125 821 297 861 veniunt
328 819 432 856 enim
463 817 616 854 formae
645 829 736 853 cum
771 813 953 865 exemplo
983 813 1221 865 Virgiliano,
1263 813 1338 851 nisi
1379 813 1489 864 quod
1518 828 1646 852 uncae

126 893 271 917 manus
292 877 458 924 absunt,
490 881 531 912 et
549 873 659 924 quod
679 872 914 925 plerumque
933 871 1042 923 galea
1070 872 1252 923 apposita
1281 877 1341 909 est
1368 872 1506 923 capiti:
1550 871 1645 910 vide

125 937 263 975 saltem
282 935 502 973 Montfauc.
522 933 634 970 Toni.
657 931 684 969 I.
712 931 766 983 pl.
795 933 892 973 222.
917 929 984 967 vel
1013 930 1148 981 Beger.
1181 929 1298 968 Thes.
1324 929 1475 969 Brand.
1509 930 1553 968 T.
1582 930 1645 968 ΙΙΙ.

124 1009 163 1047 p.
181 996 278 1036 371.
337 991 506 1043 Propius
526 990 576 1027 ad
597 989 804 1040 Virgilium
826 1001 1012 1040 expressa
1036 994 1094 1025 est
1112 988 1231 1025 facies
1250 990 1291 1026 in
1315 988 1412 1027 Cod.
1440 988 1567 1026 Vatic.
1595 987 1646 1025 ad.

125 1052 222 1090 Aen.
246 1051 311 1100 VI,
333 1052 432 1098 289,
452 1048 521 1087 ubi
538 1049 580 1086 111
605 1047 701 1085 10015
728 1047 862 1085 inferis
879 1052 1156 1084 memorantur
1186 1045 1413 1098 Harpyiae3
1450 1053 1510 1084 est
1532 1046 1645 1097 virgo

124 1110 178 1148 ibi
200 1110 305 1147 alata
327 1108 369 1146 in
392 1120 507 1146 avem
528 1105 710 1144 desinens
730 1119 822 1143 cum
846 1104 1029 1142 manibus
1056 1104 1180 1142 1111015.
1239 1105 1391 1143 Verum
1425 1103 1468 1142 in
1497 1118 1646 1142 monu-

123 1168 268 1207 mentis
284 1166 360 1205 hae
382 1166 543 1203 absunt.
591 1163 741 1201 Addita
755 1164 879 1215 igitur
899 1168 957 1200 est
971 1163 1103 1214 galea,
1137 1162 1268 1200 nescio
1298 1176 1377 1213 qua
1407 1161 1456 1199 de
1488 1176 1646 1212 caussa,

125 1232 195 1265 aut
215 1224 429 1264 dicendum
451 1229 531 1272 est,
561 1235 716 1260 merum
733 1221 972 1274 phantasma
991 1220 1212 1269 artificum,
1242 1220 1507 1272 symbolicum
1527 1221 1645 1270 sorte,

125 1297 211 1322 eam
229 1283 399 1336 speciem
414 1294 508 1319 esse.
568 1281 740 1318 Possunt
757 1292 916 1332 quoque
945 1279 1078 1317 omnia
1110 1277 1209 1317 haec
1236 1280 1387 1331 pariter
1417 1292 1499 1316 esse
1537 1291 1646 1328 vera,

124 1343 158 1380 si
179 1348 289 1381 recte
304 1355 348 1379 ea
370 1338 633 1378 constitueris.

239 1400 397 1438 Scilicet
428 1403 522 1436 sunt
553 1395 664 1435 haud
699 1408 827 1447 pauca
858 1395 1124 1444 Graecorum,
1163 1394 1346 1446 inprimis
1371 1394 1416 1432 in
1455 1392 1646 1444 Odyssea,

124 1465 324 1507 monstra,
355 1469 457 1508 quae
475 1456 524 1494 ab
544 1454 705 1505 antiqua
726 1453 856 1504 aliqua
872 1454 1001 1491 forma
1017 1452 1235 1505 symbolica
1257 1452 1380 1490 ducta
1397 1458 1513 1502 sunt;
1538 1465 1645 1489 non-

125 1517 237 1555 nulla
275 1528 434 1566 quoque
472 1513 719 1552 conveniunt
749 1525 840 1550 eum
865 1510 1067 1564 Aegyptiis
1095 1510 1389 1563 hieroglyphis,
1431 1523 1501 1548 seu
1538 1523 1645 1559 casu,

125 1587 194 1612 seu
217 1574 327 1624 quod
343 1573 438 1611 inde
465 1572 589 1610 ducta
619 1576 756 1619 erant,
788 1569 871 1608 aliis
899 1576 1035 1608 tamen
1059 1569 1189 1607 modis
1218 1575 1391 1607 tractata
1420 1574 1461 1606 et
1488 1573 1644 1606 ornata.

123 1632 182 1670 Ita
203 1631 402 1683 Harpyias
424 1629 625 1682 Aegyptiis
645 1627 783 1679 figuris
815 1628 975 1666 alitibus
1005 1641 1096 1665 cum
1126 1627 1254 1678 capite
1281 1626 1460 1678 virgineo
1491 1624 1645 1679 (quales

125 1690 232 1742 apud
250 1689 468 1728 Montfaue
491 1686 603 1741 sunt)
626 1686 770 1724 similes
791 1698 872 1723 esse
890 1685 1001 1724 haud
1024 1698 1184 1737 negem,
1217 1691 1384 1736 potuere
1404 1697 1563 1735 quoque
1591 1696 1640 1721 ex

123 1748 305 1800 Aegypto
325 1747 470 1785 ductae
485 1758 578 1784 esse.
638 1744 786 1782 Eadem
809 1744 940 1782 forma
967 1743 1090 1782 serius
1111 1742 1462 1794 superstitionibus
1490 1742 1645 1779 amule-

124 1811 262 1844 torum
279 1804 488 1853 inserviit,
515 1803 702 1854 varieque
722 1815 767 1839 ea
789 1803 967 1841 occurrit
989 1808 1132 1840 ornata
1165 1802 1207 1838 in
1235 1801 1420 1852 gemmis:
1463 1813 1502 1838 v.
1531 1799 1646 1838 Gorii

125 1864 310 1902 Gemmas
332 1861 457 1900 astrif.
486 1861 568 1899 tab.
600 1860 693 1903 135.
729 1863 766 1901 6.
796 1863 834 1901 7.
895 1861 1017 1898 Extat
1047 1873 1194 1899 numus
1225 1858 1507 1897 Gabalensium
1535 1857 1645 1910 apud

124 1922 313 1961 Patinum
332 1921 374 1958 111
396 1921 633 1958 Numismat.
652 1919 778 1970 Impp.
797 1932 835 1970 p.
859 1917 954 1960 243.
972 1919 1015 1956 in
1037 1931 1117 1969 quo
1141 1917 1322 1969 Harpyia
1348 1931 1439 1955 011111
1469 1915 1645 1969 Sphinge

126 1979 254 2018 efficta
275 1978 534 2031 symbolicam
553 1977 721 2029 speeiem
741 1975 876 2014 habet.

241 2038 343 2076 Cum
361 2050 405 2074 ea
421 2037 549 2075 forma
571 2035 690 2073 semel
709 2035 910 2072 instructa
943 2038 1044 2070 esset
1067 2033 1197 2085 galea,
1229 2032 1384 2071 adiecta
1414 2032 1526 2070 fuere
1554 2030 1644 2081 alia,

125 2102 173 2135 ut
193 2095 360 2148 clipeuS,
390 2094 528 2142 hasta,
559 2093 616 2131 ita
636 2099 683 2131 ut
705 2092 868 2130 tandem
887 2091 1058 2130 Palladis
1075 2091 1256 2143 symbola
1276 2105 1321 2128 ea
1343 2091 1493 2135 referre
1527 2089 1644 2128 vide-

125 2160 252 2193 retur.
311 2153 406 2191 Tale
448 2153 603 2204 signum
638 2151 680 2189 111
713 2150 881 2189 donario
921 2150 1049 2201 gentis
1078 2149 1257 2188 Valeriae
1282 2149 1481 2197 occurrit,
1520 2146 1644 2199 quod,

127 2212 256 2251 ductu
276 2211 448 2250 duarum
468 2223 714 2261 gemmarum
737 2209 852 2262 (quas
866 2214 1002 2246 tamen
1020 2222 1094 2259 pro
1121 2208 1323 2257 amuletis,
1346 2221 1428 2245 non
1446 2220 1521 2258 pro
1548 2217 1645 2244 vere

126 2270 274 2321 graecis
291 2269 440 2307 habere
457 2268 608 2318 malim)
631 2267 740 2319 apud
756 2267 974 2305 Montfauc.
996 2266 1078 2304 tab.
1102 2266 1261 2315 CXXII,
1286 2268 1323 2307 8.
1357 2268 1395 2307 9.
1433 2264 1484 2302 ad
1514 2263 1644 2302 Palla-

129 2327 220 2365 dem
238 2327 456 2366 revocabat
473 2325 627 2364 Eekhel
643 2326 833 2363 Doctrina
854 2339 1012 2363 numor.
1033 2325 1144 2362 Tom.
1165 2324 1212 2362 V.
1243 2337 1282 2376 p.
1313 2326 1409 2365 331.
1469 2322 1549 2360 Nee
1578 2327 1643 2359 ta-

128 2398 219 2423 men
242 2385 350 2423 ultra
372 2384 638 2436 opinationem
658 2383 843 2435 progredi
862 2383 906 2420 in
921 2382 984 2420 his
1006 2383 1111 2420 licet.

244 2443 426 2480 Sirenum
444 2442 592 2494 species
614 2448 697 2479 tam
719 2442 876 2480 diversa
895 2447 974 2490 est,
1004 2447 1051 2479 ut
1084 2453 1171 2477 eam
1200 2452 1291 2477 cum
1320 2436 1507 2489 Harpyiis
1544 2449 1643 2473 con-

130 2499 247 2538 fundi
270 2500 437 2538 mireris,
496 2501 602 2537 Sunt
619 2512 686 2536 eae
706 2499 879 2551 virgines
900 2499 1045 2547 alatae,
1077 2497 1170 2535 inde
1195 2510 1217 2533 a
1248 2495 1463 2533 semoribus
1492 2494 1534 2531 in
1567 2507 1644 2531 vo-

128 2557 260 2597 lucres
287 2557 531 2607 desinentes3
560 2556 777 2606 πτερωταὶ,
817 2554 865 2596 τοὶ
892 2552 1003 2596 κάτω
1031 2552 1215 2603 ὀρνίθων
1246 2553 1407 2605 ἔχουσαι
1437 2557 1484 2590 ut
1510 2548 1643 2590 Schol.

129 2613 329 2667 Lycophr.
350 2616 446 2658 653.
477 2620 518 2652 et
546 2614 730 2665 Apollon.
759 2615 825 2664 IV,
857 2616 939 2655 898
968 2606 1069 2654 ἄλλο’
1089 2610 1162 2663 μὲν
1192 2611 1423 2659 οἰωνοῖσιν,
1452 2607 1573 2650 ’Ἀλλο
1601 2606 1645 2650 δὲ

129 2675 386 2728 παρθενικῇς
424 2671 645 2724 ἐναλίγκιαι
685 2671 802 2712 ἔσκον
833 2670 1006 2712 ἰδέσθαι.
1065 2670 1218 2708 Tubam
1244 2670 1325 2707 fere
1354 2668 1418 2706 Vel
1447 2667 1645 2706 citharam

130 2736 288 2779 tenent,
318 2735 365 2768 ut
393 2729 459 2768 vel
488 2729 598 2781 apud
626 2729 847 2768 Montsauc.
873 2729 1020 2767 videas
1080 2727 1270 2778 Exempla
1301 2732 1443 2764 extant
1470 2726 1645 2777 plurima

131 2789 173 2827 in
193 2787 347 2838 numis,
376 2786 421 2824 in
441 2787 603 2839 gemmis
631 2785 686 2839 (v.
708 2801 742 2828 0.
764 2802 826 2840 ap.
850 2785 999 2840 Tassie)
1021 2793 1060 2824 et
1079 2785 1342 2837 sarcophagis.
1401 2784 1552 2822 Nobilis
1586 2789 1646 2822 est

132 2845 321 2884 denarius
348 2845 473 2896 gentis
501 2845 708 2883 Petroniae
737 2846 793 2897 (v.
824 2858 856 2883 c.
885 2844 1078 2883 Thesaur.
1107 2843 1259 2882 Morell.
1294 2843 1370 2880 tab.
1404 2843 1433 2892 Ι,
1468 2845 1504 2883 1.
1529 2848 1569 2879 et
1596 2840 1645 2879 al.

133 2904 225 2943 add.
245 2902 457 2957 Spanhem.
478 2903 591 2942 Tom.
609 2902 637 2942 Ι.
662 2917 702 2956 p.
734 2901 850 2956 251).
910 2902 1094 2955 Inprimis
1120 2901 1233 2941 numi
1258 2900 1444 2954 Neapolis
1473 2898 1647 2939 Parthe-
