1779 3420
184 247 285 296 846
567 241 1170 293 EXCURSUS
1243 241 1324 291 IV

555 425 1142 485 EXCURSUS
1226 425 1317 481 IV

316 541 511 585 Vestis
556 556 679 584 cum
718 547 892 596 raptu
936 538 1295 596 Ganymedis
1339 540 1576 584 intexto.

301 648 349 697 V,
381 646 636 690 250—257.
668 645 824 684 Talium
854 643 1040 694 vestium,
1073 650 1159 683 arte
1185 645 1365 697 inprimis
1385 644 1703 697 Babyloniorum

187 713 228 745 et
266 705 469 757 Phrygum
511 704 824 750 celebratarum,
874 715 966 740 cum
1010 699 1127 750 ζώοις
1168 702 1487 755 ἐνυφασμένας,
1533 701 1702 740 intextis

187 763 325 816 figuris
356 775 401 799 ac
430 761 572 812 signis,
603 774 698 799 usus
729 760 822 798 olim
850 760 1037 810 frequens
1067 773 1148 797 esse
1181 760 1330 798 debuit.
1380 760 1623 812 Exemplum
1651 759 1703 796 sit

187 821 310 861 vestis
340 819 563 871 Sybaritica
601 819 644 856 in
683 817 852 856 Mirabil.
890 817 1140 857 Auditionib.
1172 831 1204 856 c.
1243 820 1310 860 99.
1367 817 1512 856 Poetae
1541 817 1702 868 quidem

187 880 230 918 in
261 891 398 917 earum
433 876 677 928 argumentis
708 875 942 914 enarrandis
974 888 1135 928 operam
1165 888 1314 927 ponere
1350 881 1498 914 amant.
1556 875 1703 913 Nostro

188 943 330 990 poetae
360 934 532 986 praeivit
562 934 798 986 Apollonius
830 934 857 983 l,
899 937 978 975 721
1021 947 1105 984 sqq.
1145 933 1187 971 in
1230 933 1380 971 Iasonis
1409 934 1545 983 laena,
1588 939 1628 971 et
1657 933 1702 981 is,

189 995 258 1046 qui
286 993 401 1032 nimis
432 993 614 1045 copiosus
646 992 688 1030 in
719 997 829 1030 veste
859 991 935 1030 tori
967 991 1184 1043 coniugalis
1222 990 1403 1029 Thetidis
1442 992 1603 1042 eiusque
1634 1004 1703 1028 ar-

188 1057 378 1104 gumento
412 1056 469 1088 est
480 1080 489 1099 ‚
522 1050 666 1088 Catull.
697 1049 871 1101 Epithal.
903 1051 957 1091 50
986 1062 1043 1099 sq.
1103 1050 1163 1087 Ex
1192 1049 1404 1101 Apollonio
1436 1055 1476 1087 et
1505 1048 1584 1086 hoc
1609 1048 1704 1087 Vir-

189 1109 270 1162 gilii
299 1110 387 1147 loco
429 1122 498 1146 sua
537 1108 834 1146 adumbrarunt
863 1107 995 1145 Valer.
1027 1106 1084 1145 Fl.
1115 1108 1169 1155 Il,
1207 1107 1291 1148 409
1321 1120 1404 1157 sqq.
1466 1107 1584 1145 Silius
1614 1106 1703 1154 XV,

190 1169 271 1211 421
296 1181 352 1218 sq.
385 1167 433 1204 cf.
465 1166 572 1214 XIV,
603 1166 686 1209 657
708 1179 791 1216 sqq.
844 1164 931 1218 (Est
962 1178 1120 1215 quoque
1149 1165 1192 1203 in
1226 1165 1425 1216 Euripidis
1455 1165 1550 1203 Ione
1578 1164 1702 1213 Iocus,

192 1225 262 1276 qui
293 1225 342 1263 de
373 1230 483 1263 veste
524 1224 632 1276 picta
662 1223 878 1275 accipitur,
925 1222 967 1260 in
1005 1223 1154 1275 templo
1200 1222 1390 1275 Delphico
1429 1236 1467 1262 v.
1510 1224 1589 1264 190
1619 1235 1703 1273 sqq·

192 1284 248 1321 De
279 1289 389 1322 veste
420 1281 597 1333 quidem,
624 1282 770 1332 quibus
792 1281 964 1333 parietes
990 1280 1146 1319 inducti
1177 1281 1270 1329 sint,
1301 1281 1372 1319 vix
1390 1280 1483 1318 licet
1513 1279 1702 1332 accipere.

193 1340 350 1380 Chorus
379 1339 648 1392 spectantium
687 1346 768 1377 stat
805 1347 897 1376 ante
938 1338 1076 1376 aedem
1119 1338 1218 1390 [vid.
1248 1341 1344 1379 223.
1385 1340 1498 1391 238}
1557 1338 1706 1376 Saltem

194 1399 244 1437 de
274 1399 364 1437 velo
395 1398 571 1437 obducto
601 1398 643 1435 in
675 1398 778 1435 atrio
811 1397 871 1448 agi
902 1396 1117 1434 dicendum
1148 1396 1247 1446 erit,
1295 1396 1369 1434 etsi
1408 1409 1493 1434 rem
1524 1395 1706 1434 nondum

194 1456 290 1494 satis
331 1456 561 1508 expeditam
603 1468 684 1492 esse
726 1455 872 1504 sentio,
920 1454 995 1492 alia
1036 1455 1140 1493 enim
1173 1454 1224 1492 ad
1253 1454 1452 1506 picturam
1482 1454 1524 1491 in
1554 1454 1706 1506 pariete

194 1529 268 1553 nos
297 1520 504 1554 revocant.
564 1514 687 1551 Docte
717 1512 946 1551 emendavit
975 1519 1012 1550 et
1040 1512 1259 1551 illustravit
1286 1512 1419 1551 locum
1450 1525 1579 1563 nuper
1607 1511 1706 1551 Wa-

194 1572 341 1610 kefield
370 1572 411 1610 in
443 1571 697 1622 Tragoediar.
726 1571 910 1620 Dilectu.)
970 1570 1165 1608 Omnibus
1196 1570 1282 1608 dux
1310 1570 1435 1608 sactus
1465 1575 1524 1607 est
1552 1569 1705 1607 Home—

194 1645 278 1679 rus,
308 1631 350 1668 in
382 1630 569 1668 Laodices
598 1629 678 1667 tela
709 1629 818 1666 Iliad.
850 1647 884 1683 y,
921 1630 1000 1670 125
1032 1642 1115 1679 sqq.
1175 1627 1239 1666 Ad
1267 1634 1429 1680 paterae
1461 1627 1704 1665 caelaturam

195 1688 347 1739 Virgilii
377 1688 511 1725 locum
541 1687 752 1725 transtulit
783 1687 934 1724 Statius
964 1686 979 1723 I
1011 1685 1134 1724 Theb.
1165 1686 1248 1728 548
1279 1700 1362 1736 sqq.
1430 1685 1634 1736 Virgilium
1664 1685 1706 1722 in

195 1746 356 1798 pictura
385 1745 603 1783 aemulatus
643 1757 724 1782 esse
754 1745 880 1782 fertur
917 1743 1087 1781 Michael
1116 1744 1289 1794 Angelus
1318 1744 1555 1782 Bonam-oia:
1594 1743 1706 1781 cuius

196 1803 312 1855 plura
344 1808 487 1840 extant
529 1802 753 1854 apographa
794 1814 882 1839 aere
913 1814 1117 1852 expressa:
1158 1815 1258 1852 quae
1298 1800 1365 1839 hic
1395 1813 1707 1839 commemorare

198 1860 296 1899 nihil
333 1861 496 1909 attinet3
525 1866 573 1898 ut
603 1873 675 1898 nec
702 1872 874 1909 geminas
904 1859 1079 1897 eiusdem
1111 1859 1355 1910 argumenti,
1401 1873 1499 1910 quas
1529 1872 1638 1897 nunc
1665 1858 1706 1896 in

198 1918 384 1970 Catalogo
429 1924 666 1969 ectyporum
697 1917 830 1955 Tassie
865 1923 1103 1954 memoratas
1129 1917 1269 1955 videre
1296 1917 1400 1955 licet.
1458 1915 1513 1954 At
1541 1917 1583 1954 in
1614 1915 1706 1954 Vir-

197 1977 289 2028 gilio
320 1981 600 2027 argumentum
638 1975 818 2027 picturae
856 1974 971 2025 quale
1001 1975 1165 2012 tandem
1205 1988 1286 2012 esse
1318 1974 1523 2013 dicemus?
1573 1974 1705 2012 Primo

198 2034 389 2086 adspectu
421 2033 572 2085 duplex
606 2046 687 2070 esse
727 2032 910 2071 videtur:
951 2032 1199 2084 Ganymedes
1236 2038 1386 2070 venatu
1423 2033 1527 2070 feras
1565 2044 1705 2084 prose—

198 2105 341 2144 quens,
371 2098 459 2129 tum
490 2091 595 2129 idem
627 2091 676 2128 ab
709 2090 839 2141 aquila
874 2096 1037 2141 raptus,
1069 2091 1165 2128 dum
1199 2090 1376 2128 sublimis
1405 2090 1446 2127 in
1478 2102 1608 2128 aerem
1626 2090 1706 2127 ser-

199 2157 289 2199 tur,
321 2149 600 2188 allatrantibus
636 2149 740 2186 infra
781 2148 957 2186 canibus.
1017 2148 1138 2186 Forte
1178 2154 1311 2186 tamen
1350 2148 1481 2185 dicere
1511 2152 1706 2199 praestat:

199 2208 333 2260 priora
366 2208 499 2245 valere
541 2207 588 2244 ad
623 2212 810 2244 ornatum
843 2206 1045 2258 poeticum
1076 2212 1115 2243 et
1145 2219 1285 2244 verum
1317 2212 1596 2257 argumentum
1625 2217 1707 2241 esse

199 2265 451 2313 habendum,
493 2265 601 2316 quod
635 2277 654 2300 e
684 2270 852 2312 venatu,
891 2277 961 2301 seu
990 2264 1094 2302 inter
1124 2270 1316 2302 venatum
1345 2270 1497 2301 turmas
1527 2276 1627 2314 puer
1658 2262 1707 2299 ab

200 2324 330 2374 aquila
361 2329 502 2374 raptus
533 2323 572 2360 in
603 2322 771 2360 sublime
801 2323 941 2361 fertur.
1001 2322 1156 2359 Fit-mat
1184 2322 1376 2360 iudicium
1407 2322 1557 2358 Statius
1584 2320 1706 2358 Theb.

200 2382 230 2429 I,
262 2380 344 2422 548
380 2394 436 2431 sq.
465 2382 578 2417 Hinc
608 2380 812 2431 Phrygius·
837 2380 975 2430 sitlvis
1004 2388 1167 2417 venator
1198 2380 1349 2416 lollilur
1376 2379 1483 2426 alis,
1516 2380 1708 2429 Gargara

200 2439 405 2486 cles-islant,
439 2440 618 2487 smgenti
647 2447 682 2474 et
712 2440 831 2475 Troia
859 2439 1029 2474 recessit.
1091 2438 1208 2474 Stant
1238 2438 1381 2474 maesti
1407 2438 1583 2483 eomz'leS,
1604 2436 1707 2485 sim-

201 2504 358 2546 simque
389 2498 573 2532 sonantia
604 2496 748 2532 laxant
785 2496 867 2532 Ora
898 2509 1017 2531 canes
1034 2524 1043 2542 ,
1078 2494 1337 2545 umbramque
1362 2503 1525 2544 pellant,
1569 2503 1603 2530 et
1631 2507 1708 2529 mt-

202 2552 285 2589 ln'la
316 2553 479 2589 latrant.
543 2552 629 2590 Hac
657 2552 783 2603 specie
815 2566 864 2589 ex
895 2558 1045 2589 venatu
1074 2552 1177 2603 rapti
1209 2552 1462 2603 Ganymedis,
1497 2551 1708 2587 allatrante

202 2609 304 2646 insra
338 2622 445 2657 cane,
477 2615 606 2646 statua
639 2616 697 2646 est
727 2610 833 2660 apud
866 2609 1082 2660 Hispanos,
1115 2610 1155 2646 in
1176 2610 1281 2659 regia
1310 2609 1400 2646 villa
1422 2610 1459 2646 S.
1480 2606 1708 2659 lldeplionsi

205 2664 261 2720 (v.
297 2667 436 2703 (faerno
477 2668 597 2715 Vago
633 2668 809 2704 llalicmo
841 2668 952 2704 Toni.
982 2666 1013 2703 ll
1046 2680 1083 2716 p.
1119 2666 1215 2718 141)
1257 2672 1294 2702 et
1329 2667 1471 2703 Romae
1514 2665 1623 2703 aliud
1654 2665 1708 2701 si—

203 2737 342 2775 gnum,
374 2724 563 2761 resectum
596 2730 636 2760 et
666 2729 817 2760 sartum
850 2738 870 2759 a
901 2723 1101 2773 sculptore
1130 2723 1276 2760 Paceni
1310 2722 1363 2776 (v.
1390 2725 1589 2760 (ιίιαίίιιηί
1608 2725 1709 2760 stlo—

204 2783 368 2819 m‘menlc'
408 2781 549 2817 inmlili
588 2784 695 2821 1786
738 2794 776 2830 p.
819 2778 903 2831 76).
975 2781 1093 2816 Extat
1135 2794 1292 2831 quoque
1336 2780 1487 2831 signum
1526 2780 1631 2831 rapti
1662 2779 1710 2816 ab

205 2838 334 2889 aquila
366 2837 606 2888 Ganymedis
646 2837 687 2874 in
727 2837 839 2874 Atrio
872 2836 1138 2874 Bibliothecae
1176 2840 1214 2876 S.
1245 2838 1369 2876 Marci
1401 2838 1573 2876 Venetiis
1612 2836 1710 2889 (vid.

207 2897 367 2934 Zanelti
404 2896 504 2932 delle
546 2895 703 2931 antiche
748 2896 884 2931 Siccam
918 2901 991 2932 etc..
1029 2895 1072 2932 T.
1105 2895 1149 2933 ll.
1197 2895 1221 2932 l.
1255 2894 1311 2948 7.)
1353 2895 1521 2933 ductum
1555 2895 1659 2932 sorte
1690 2907 1713 2930 a

205 2953 425 2992 Leocharis
451 2953 560 3003 signo
592 2952 698 3004 apud
729 2952 900 2990 Plinium
931 2952 1119 3001 XXXIV,
1153 2956 1217 3001 19,
1253 2956 1300 2994 11
1336 2953 1561 2990 Leochares
1587 2950 1711 3004 (fecit)
