1827 3436
433 264 850 314 AENEIDOS
887 265 1029 315 LIB.
1064 267 1131 328 Π,
1172 273 1468 323 636-649
1611 280 1711 328 357

185 390 515 456 Exuviasque
538 399 701 456 petet.
775 390 962 440 Facilis
988 391 1184 442 iactura
1208 395 1450 461 sepulcri.

183 462 297 509 Iam
322 459 536 526 pridem
560 461 755 509 invisus
779 460 935 524 divis,
977 471 1029 510 et
1049 463 1272 529 inutilis,
1305 483 1474 515 annos

179 532 477 594 Demoror‚
518 546 579 579 ex
602 546 712 597 quo
739 547 830 581 me
854 531 1038 581 divom
1062 542 1218 599 pater
1240 544 1401 603 atque
1420 536 1705 588 hominum

976 619 1067 652 rex

179 668 438 719 Fulminis
463 667 676 719 adflavit
699 670 892 733 ventiS,
934 681 987 721 et
1010 673 1231 738 contigit
1248 674 1371 739 igni.

181 808 315 852 cedite,
351 821 418 853 ego
433 821 518 843 vero
548 809 700 850 moriar5
735 811 941 845 moriturum
962 813 1054 846 enim
1076 826 1114 847 se
1134 826 1210 848 esse
1235 815 1303 849 iam
1334 828 1383 849 vs-
1415 815 1496 852 644.
1522 816 1703 862 significa-

176 862 295 896 verat3
319 857 495 900 quomodo
514 857 704 891 moriturus
726 858 790 899 sit,
826 858 863 891 id
890 860 1003 892 solum
1028 862 1218 905 quaeritur.
1267 865 1353 909 Ipse
1381 876 1510 904 manu,
1544 865 1567 898 i.
1599 878 1629 898 e.
1661 878 1702 900 ex

176 914 240 936 usu
258 903 424 947 Virgilii,
447 916 481 936 m
495 916 541 937 ea
559 917 679 945 manu3
705 904 775 938 vid.
798 907 839 947 Q.
863 907 907 940 V.
928 908 1060 950 XVIII,
1084 910 1116 950 2,
1135 908 1159 942 l.
1208 911 1250 942 Et
1271 911 1365 954 quod
1384 911 1540 955 Heynius
1559 912 1595 944 in
1615 914 1700 946 Not.

175 957 333 993 veretur,
359 957 398 983 ut
417 962 523 983 senex
544 951 728 984 imbecillis
748 959 898 986 mortem
913 953 981 986 sibi
1006 955 1101 988 ferro
1130 956 1246 1000 possit
1279 957 1520 999 consciscere,
1555 959 1592 992 id
1623 959 1699 992 dis-

174 997 314 1041 quirere
334 1009 375 1030 eo
395 997 503 1042 magis
527 1010 777 1041 supervacuum
797 1000 896 1041 (luco,
921 1002 1015 1045 quod
1033 1002 1109 1046 ipse
1129 1003 1298 1036 Anchises
1323 1005 1434 1047 addit,
1460 1005 1567 1038 etiam
1586 1006 1699 1040 hostis

173 1056 276 1076 mauu
296 1045 409 1077 occidi
427 1057 465 1077 se
485 1057 602 1089 posse.
655 1049 752 1087 Quae
774 1059 876 1091 quum
895 1047 945 1080 ita
963 1048 1051 1091 sint,
1078 1049 1194 1082 nullus
1213 1050 1357 1094 dubito,
1385 1052 1466 1096 quin
1490 1060 1572 1095 post
1597 1056 1697 1086 inve-

173 1091 273 1123 niam
290 1091 462 1135 partieula
480 1100 546 1124 aut
565 1092 735 1125 exciderit
748 1119 757 1134 ‚
785 1106 850 1138 per
872 1102 1060 1129 extremam
1079 1098 1279 1141 praegressi
1302 1098 1401 1131 verbi
1437 1099 1609 1144 syllabam
1640 1101 1698 1134 in-

172 1143 345 1182 tercepta.
392 1138 449 1171 Sic
468 1139 573 1171 etiam
594 1146 707 1184 patet,
733 1142 945 1183 exuviaszre,
977 1143 1071 1187 quod
1091 1144 1252 1187 proximo
1274 1157 1324 1178 vs.
1343 1146 1513 1190 proponit
1530 1147 1697 1192 Heynius‚

170 1184 257 1218 ferri
274 1196 345 1218 non
366 1197 491 1229 posse3
516 1198 596 1218 nam
614 1199 655 1219 ex
677 1186 870 1220 coniunctis
890 1189 1027 1222 demum
1048 1189 1102 1222 his
1122 1191 1307 1224 sententiis
1326 1192 1558 1227 miserebitur
1579 1196 1698 1229 hostis

172 1237 208 1263 et
227 1233 383 1265 exuvias
398 1241 498 1278 petet
525 1232 761 1266 interficiendi
786 1235 885 1267 notio
916 1236 1101 1269 enascitur.
1139 1237 1236 1280 lVr.)

1333 1239 1402 1275 646
1434 1249 1541 1285 petat
1568 1243 1681 1276 Hamb
1688 1269 1695 1277 .

171 1290 240 1311 sec.
291 1280 329 1311 In
357 1279 424 1311 fine
446 1291 564 1312 versus
584 1289 638 1312 est
659 1280 816 1313 additum
840 1288 914 1314 erat
937 1283 970 1315 in
993 1284 1072 1316 edd.
1093 1285 1271 1317 nonnullis
1303 1294 1383 1319 ante
1412 1286 1575 1320 Pierium.
1620 1290 1694 1333 (Se-

165 1325 317 1370 pulchri
337 1334 393 1358 est
414 1326 526 1360 Palat.
554 1327 652 1370 lVr.)
701 1327 803 1360 Licet
825 1329 928 1362 etiam
947 1330 1137 1375 suspicari:
1162 1333 1378 1366 Exuviasve
1395 1346 1431 1378 p.

169 1373 228 1404 nis
244 1375 363 1416 Sprot.
385 1379 420 1404 et
438 1374 573 1414 Frane.,
597 1373 697 1407 male.
719 1386 750 1407 v.
768 1376 882 1409 Burm.

169 1430 257 1451 marn
280 1419 450 1463 Virgilius
469 1420 637 1465 sequitur.
664 1422 707 1454 cf.
726 1422 840 1455 Burni.

165 1536 278 1574 bellis
306 1551 428 1575 senex
451 1538 523 1588 sit,
567 1539 638 1577 sed
664 1539 812 1590 hostis,
851 1548 899 1579 ut

165 1594 266 1632 bene
288 1595 544 1634 Burmannus
565 1610 614 1635 ex
647 1611 754 1649 sequ.
774 1602 897 1638 mise-

162 1652 311 1690 rebitur
325 1653 467 1703 hostis,
497 1660 545 1692 ut
562 1655 626 1693 vel
642 1656 897 1695 miseratione

161 1716 295 1748 motus
313 1724 382 1749 me·
398 1712 710 1764 supplicantem,
741 1721 787 1753 ut
810 1717 896 1754 vita

159 1767 303 1806 liberet
320 1783 403 1818 me,
436 1770 613 1821 occidat3
641 1772 705 1811 vel
727 1776 895 1811 exuvias

153 1834 285 1876 petet,
325 1834 365 1865 et
389 1828 542 1866 occidet
561 1842 646 1877 me,
680 1837 727 1868 ut
749 1832 893 1883 spoliet

158 1896 233 1922 me.
266 1882 352 1937 (sed
369 1885 450 1926 vid.
479 1886 521 1924 V.
545 1887 585 1925 L.
623 1887 741 1941 lVr.)
776 1890 890 1928 Prio-

156 1953 240 1979 rem
261 1948 415 1993 partem
438 1945 603 1982 Servius
621 1944 762 1984 habet:
786 1949 890 1985 dixit

156 1999 308 2051 affectu
327 2003 427 2047 eius,
463 2005 534 2053 qui
560 2004 745 2053 cupiebat
764 2007 888 2042 inter—

155 2058 253 2105 imi,
298 2066 340 2094 ut
369 2073 458 2095 eum
477 2059 601 2097 hosii-s·
627 2064 746 2112 quasi
766 2065 885 2100 mise-

156 2122 267 2151 ratus
293 2116 502 2165 occideret,
537 2124 584 2155 ut
603 2117 670 2157 ins.
694 2120 762 2168 IX,
790 2120 886 2162 495.

154 2170 207 2219 X,
229 2174 324 2214 676.
355 2173 537 2211 Cadaver
551 2174 797 2227 insepultum
812 2178 885 2215 ab-

153 2227 239 2276 iici,
270 2229 381 2279 quod
400 2231 485 2268 aliis
511 2237 590 2270 tam
620 2232 886 2286 horrendum,

152 2284 249 2323 mihi
273 2300 394 2337 grave
420 2302 502 2326 non
522 2296 593 2327 est.

209 2343 293 2385 647
315 2366 364 2373 ——
391 2346 486 2388 649.
526 2346 694 2385 Fundus
726 2349 883 2388 fabulae

149 2400 191 2437 in
213 2400 375 2453 Hymno
395 2403 436 2440 in
455 2403 649 2442 Venerem
671 2419 709 2444 v.
731 2409 881 2448 287—-

149 2459 253 2499 289:
284 2460 443 2498 afflatus
468 2462 636 2500 fulmine
664 2469 704 2501 et
735 2477 880 2503 secun—

149 2514 247 2553 dum
266 2517 362 2555 alios
382 2526 635 2570 excaecatus,
667 2522 781 2559 iuxta
802 2537 878 2561 no—

148 2577 276 2611 strum
298 2581 460 2614 tantum
490 2578 721 2616 debilitatus
749 2594 878 2618 mem-

147 2629 307 2682 brisque
331 2640 496 2685 captus,
529 2635 743 2686 Anchises,
766 2639 876 2689 quod

147 2691 475 2730 consuetudinem
488 2707 580 2732 cum
593 2695 746 2733 Venere
759 2697 876 2734 evul-

145 2752 270 2793 garat.
319 2750 366 2786 cs.
402 2749 570 2790 Excurs.
601 2753 712 2791 XVII
751 2754 804 2791 ad
833 2753 873 2793 h.

144 2799 233 2839 libr.
275 2801 452 2856 (inutilis
473 2838 483 2857 ‚
537 2805 698 2863 ἅχρεῖον
735 2810 876 2864 δέμας,

144 2856 284 2897 Aes-eh.
321 2862 450 2902 Prom.
499 2879 557 2904 vs.
596 2870 691 2910 371.
729 2869 872 2911 Bloms.

148 2914 265 2968 IVr.)
295 2931 422 2956 annos
442 2922 643 2972 demoror,
673 2928 785 2975 quasi
811 2928 872 2964 fe—

142 2971 336 3012 stinantes
376 2975 445 3016 diu
484 2979 660 3019 vivendo
700 2982 871 3024 detineo.

1527 1335 1596 1370 647
1622 1348 1693 1369 an-

976 1377 1046 1415 649
1070 1379 1158 1424 igne
1177 1379 1335 1422 Oudart.‚
1360 1380 1423 1413 sed
1444 1381 1590 1415 alteram
1614 1384 1693 1416 for—

959 1543 1068 1580 Serv.
1103 1541 1264 1582 Dictum
1282 1559 1359 1597 pro
1379 1548 1529 1585 morari
1542 1547 1582 1585 in
1593 1549 1689 1598 vita,

956 1603 1107 1638 morari
1152 1604 1280 1640 vitam
1297 1633 1307 1652 ,
1355 1601 1431 1656 (ne
1471 1605 1688 1659 decurrat)

955 1672 1096 1708 annos,
1117 1665 1181 1697 ut:
1212 1663 1363 1698 morari
1380 1671 1555 1712 mortem,
1562 1664 1683 1715 fata,

961 1716 1131 1766 Oreum,
1163 1720 1360 1759 animam.
1402 1721 1596 1773 Exempla
1617 1723 1689 1762 dat

952 1773 1091 1814 Burni.
1114 1775 1313 1826 fulminis
1341 1779 1518 1828 adflavit
1542 1783 1684 1825 ventis,

949 1845 1025 1883 pro
1048 1832 1237 1883 fulmine,
1270 1835 1599 1887 quandoquidem
1619 1852 1687 1877 aer

949 1889 1129 1928 fulminis
1152 1892 1259 1929 iactu
1280 1893 1476 1945 impulsus
1501 1902 1541 1933 et
1570 1910 1685 1934 rare-

950 1947 1080 1986 factus
1098 1949 1337 1988 intercludit
1366 1952 1572 2003 spiritum,
1604 1955 1685 1992 sal-

947 2011 1030 2043 tem
1048 2013 1183 2045 motus
1205 2015 1245 2046 et
1267 2009 1441 2060 impetus
1468 2012 1569 2049 aeris
1591 2026 1683 2050 cum

946 2063 1110 2101 fulmine
1127 2066 1317 2105 sentitur:
1339 2074 1447 2105 recte
1467 2070 1571 2107 enim
1593 2085 1683 2108 mo-

947 2127 1014 2158 net
1050 2121 1261 2161 Meierotto
1282 2124 1322 2162 in
1362 2125 1499 2163 Dubiis
1539 2141 1579 2179 p.
1613 2128 1680 2177 56,

945 2185 1128 2217 nostram
1171 2181 1434 2220 subtilitatem
1473 2183 1681 2236 physicam

944 2235 985 2273 in
1014 2244 1151 2275 vetere
1182 2246 1301 2290 poeta
1330 2240 1464 2278 locum
1497 2256 1579 2280 non
1602 2242 1679 2280 ha-

941 2293 1053 2332 bere:
1096 2309 1238 2334 verum
1271 2297 1441 2336 docebat
1479 2299 1563 2350 ipsa
1602 2314 1678 2351 res,

941 2364 1032 2389 cum
1055 2354 1154 2391 aeris
1173 2353 1350 2405 impulsu
1372 2356 1525 2395 fulmen
1555 2359 1677 2396 cade-

939 2422 1005 2459 re,
1030 2409 1125 2448 hine
1156 2418 1253 2449 noto
1281 2427 1359 2451 usu
1388 2413 1580 2465 loquendi
1610 2417 1675 2454 di—

939 2473 1003 2504 cta
1022 2482 1125 2506 aura
1142 2469 1366 2520 fillmz'nc's5
1400 2473 1508 2510 unde
1544 2474 1674 2526 ipsum

937 2526 1096 2576 adflare
1120 2526 1302 2567 ductum.
1342 2528 1442 2582 (vid.
1457 2532 1673 2572 Weichert.

936 2583 1062 2635 Epist.
1090 2584 1180 2623 crit.
1199 2600 1237 2637 p.
1257 2587 1324 2629 55.
1349 2601 1434 2638 sqq.
1459 2611 1516 2618 -—
1547 2591 1672 2642 „Epi-

936 2642 1045 2679 curei
1067 2649 1203 2681 autem
1220 2643 1275 2681 ita
1298 2650 1487 2695 tractant,
1507 2654 1555 2685 ut
1572 2662 1671 2700 poe-

934 2705 978 2736 ta
1017 2700 1200 2738 elocutus
1243 2700 1323 2755 (est
1340 2701 1378 2756 ‚)
1421 2711 1669 2757 ventumque

932 2756 1091 2808 igneum
1112 2759 1265 2797 fulmen
1296 2767 1471 2811 vocant,
1512 2777 1557 2800 ac
1587 2777 1666 2802 nu-

930 2814 1048 2853 bibus
1071 2817 1209 2854 excuti
1228 2817 1363 2867 aiunt,
1394 2819 1499 2857 sicut
1520 2827 1560 2858 et
1583 2822 1666 2858 Lu—

931 2874 1080 2911 cretius
1098 2874 1267 2913 tradit.“
1301 2876 1460 2914 Lucret.
1483 2877 1545 2926 VI,
1567 2878 1663 2919 294.

931 2943 1016 2981 sqq.
1045 2931 1155 2969 Haec
1175 2932 1347 2983 Interpr.
1367 2934 1461 2971 Maii
1482 2935 1533 2971 ad
1565 2934 1604 2972 h.
1634 2936 1660 2973 l.

929 2987 1068 3040 Itaque
1100 2989 1214 3039 vide,
1264 3004 1314 3028 an
1353 2992 1474 3029 verba
1506 2992 1658 3043 Virgilii
