1811 3388
372 225 788 277 AENEIDOS
826 226 968 274 LIB.
1008 226 1094 288 VI,
1134 229 1422 282 754—766

136 354 258 416 Ille,
297 353 469 415 videS,
507 368 639 418 pura
661 351 865 400 iuvenis
894 351 983 417 qui
1005 351 1188 400 nititur
1211 351 1369 411 hasta,

1557 239 1658 285 973

1559 366 1658 412 760

136 424 382 474 Proxima
409 431 553 471 sorte
574 430 724 470 tenet
748 422 877 470 lucis
899 421 1038 483 loca,
1072 422 1276 486 primus
1302 422 1367 471 ad
1388 439 1533 474 auras

138 494 412 544 Aetherias
435 491 566 541 Italo
592 492 888 540 conminus
915 491 1170 555 sanguiue
1197 501 1388 555 surget,

138 563 356 622 Silvius,
396 562 661 611 Albanum
686 578 916 623 nomen,
955 570 1041 609 tua
1065 570 1311 626 postuma
1340 562 1549 627 proles:

138 636 316 695 Quem
336 632 432 681 tibi
456 632 716 696 longaevo
742 648 923 680 serum
941 630 1152 679 Lavinia
1175 632 1403 679 coniunx

135 703 344 752 Educet
368 702 508 751 silvis
528 717 737 765 regem,
775 716 1073 767 regumque
1100 710 1405 766 parentem:

1561 705 1662 752 765

137 773 295 823 Unde
317 788 487 837 genus
510 775 691 835 Longa
711 780 958 820 nostrum
980 770 1344 819 dominabitur
1363 769 1508 821 Alba.

206 871 324 917 761.
361 880 526 926 LOCA3

670 870 700 915 7
706 870 786 917 62.
824 879 1027 921 SURGET
1067 865 1116 914 S.

229 995 299 1029 760
323 993 416 1035 Ille,
442 993 565 1033 vides,
591 999 712 1037 potest
730 1004 869 1038 quoque
889 992 1012 1025 scribi:
1039 992 1129 1033 Ille,
1155 990 1282 1024 vides?
1301 1003 1340 1037 p.
1388 992 1534 1024 iuvenis
1564 1003 1662 1036 pura

136 1041 284 1073 Dorvill.

136 1099 206 1120 non
227 1087 330 1120 video
348 1087 432 1131 quid
450 1086 597 1119 intersit.

137 1136 260 1180 surgit
278 1134 404 1167 Medic.

380 1042 446 1075 761
484 1040 560 1072 luci
586 1040 704 1072 Heius.
731 1040 901 1079 malebat3
948 1047 985 1072 ut
1015 1039 1082 1081 sit,
1116 1039 1206 1072 vitae
1233 1049 1313 1070 mox
1342 1037 1410 1082 ipsi
1439 1038 1659 1077 reddendae3

692 1088 762 1121 762
787 1087 887 1119 Italo
908 1088 1042 1120 mixtus
1061 1086 1106 1118 de
1132 1098 1159 1118 s.
1189 1084 1323 1129 antiqui
1349 1085 1450 1117 codd.
1484 1098 1540 1130 ap.
1569 1085 1660 1118 Pier.

456 1135 505 1178 (ln
528 1134 594 1165 fine
614 1133 714 1165 huius
731 1145 849 1166 versus
871 1133 1131 1177 interpungitur
1151 1132 1185 1164 in
1203 1132 1381 1170 Medice03
1406 1138 1524 1172 recte5
1548 1132 1660 1165 maior

137 1181 218 1214 hinc
237 1181 445 1215 conciliatur
464 1181 595 1213 nomini
614 1180 731 1221 Silvii‚
756 1193 821 1225 per
841 1180 1100 1225 appositionem
1119 1179 1258 1211 adiecto
1273 1204 1280 1218 ‚
1306 1179 1459 1221 gravitas
1479 1191 1517 1211 ac
1539 1178 1658 1222 digui-

136 1235 209 1269 1355
235 1228 386 1261 admissa
404 1235 518 1261 antem
539 1228 603 1260 hac
624 1227 850 1259 distinctione
869 1227 1057 1260 semicolon
1072 1252 1080 1266 ‚
1106 1226 1198 1270 quod
1219 1226 1373 1269 Heynius
1398 1231 1479 1269 post
1500 1225 1580 1258 loca
1606 1238 1656 1259 vs,

137 1278 320 1319 superiore
337 1282 522 1320 posuerat.
548 1274 581 1306 in
605 1285 737 1306 comma
760 1274 1028 1307 convertendum
1054 1273 1131 1305 suit.
1171 1271 1265 1314 Wr.)

1361 1273 1428 1306 763
1463 1272 1658 1316 posthuma

136 1323 226 1355 male
247 1322 415 1368 scriptum
440 1329 475 1354 et
493 1321 549 1354 hic
566 1321 602 1353 in
622 1321 805 1354 Gothanis.
850 1323 1035 1366 postumia
1060 1321 1201 1359 Franc.‚
1229 1318 1359 1362 inepte.
1410 1318 1510 1362 Piget
1536 1318 1571 1350 in
1601 1319 1658 1350 his

136 1370 278 1403 morari.
375 1370 446 1404 764
476 1381 618 1401 servam
645 1369 745 1401 Rom.

137 1417 261 1450 Hamb.
291 1424 326 1449 et
359 1416 467 1450 Goth.
496 1421 598 1454 tert.‚
634 1415 726 1447 idem
756 1427 831 1448 cum
856 1426 909 1460 pr.
936 1423 1144 1460 parentum.

840 1368 908 1402 765
937 1368 1071 1400 Educit
1098 1365 1223 1398 Medic.
1274 1365 1414 1397 Educet
1440 1367 1478 1397 in
1510 1377 1537 1397 s.
1570 1365 1658 1397 alter

1240 1413 1310 1446 766
1343 1424 1365 1444 n
1373 1421 1509 1444 ostrum
1543 1412 1657 1456 longa

136 1470 209 1496 tres
231 1463 351 1496 Heins.
378 1462 441 1507 (ita
461 1462 564 1494 etiam
586 1462 733 1503 Medic.⁷
759 1462 823 1495 sed
853 1462 961 1505 signis
990 1461 1161 1505 appictis,
1196 1471 1285 1504 quae
1314 1459 1455 1502 vulgato
1484 1458 1568 1492 haec
1593 1470 1656 1491 or—

137 1511 218 1543 dine
237 1510 386 1555 legenda
407 1510 569 1542 doceant.
597 1509 694 1553 ll'r.)

138 1617 269 1668 epicae
308 1617 480 1668 poetices
513 1622 597 1654 tam
628 1615 777 1667 ignari,
822 1621 870 1653 ut

137 1675 326 1713 historiae
358 1671 566 1713 ‘Romanae
603 1688 748 1726 corpus
793 1674 869 1710 ali-

138 1733 247 1783 quod
266 1734 306 1770 in
331 1746 375 1770 eo
396 1738 648 1783 quaererent.

196 1794 436 1832 760-766,
453 1791 557 1828 Gens
573 1790 670 1827 iulia
683 1789 730 1826 ab
748 1788 869 1826 Asca—

138 1849 204 1887 nio
241 1862 311 1886 seu
344 1849 431 1886 Iulo
475 1848 617 1895 ducta,
663 1848 728 1897 qui
764 1847 870 1899 patri

138 1907 328 1945 suecessit
352 1912 388 1944 et
409 1906 552 1944 Albam
573 1907 746 1956 Longam
768 1919 868 1942 con-

139 1965 254 2002 didit.
286 1965 334 2002 cf.
366 1978 452 2015 sup.
486 1964 583 2001 Aen.
626 1963 652 2009 l,
685 1966 769 2004 267
799 1976 868 2012 sq.,

139 2023 208 2060 sed
249 2035 357 2073 reges
384 2022 526 2059 Albani
565 2035 587 2057 a
615 2020 759 2067 silvio,
801 2020 867 2070 qui

139 2094 190 2118 ex
211 2081 374 2118 Lavinia
393 2086 602 2130 postumus
623 2077 775 2114 Aeneae
793 2091 869 2113 na-

139 2145 206 2176 tus
230 2144 324 2176 erat.
385 2138 494 2175 Haec
517 2143 576 2173 est
596 2137 720 2182 sama,
748 2148 868 2184 quam

138 2196 224 2234 11.1.
252 2202 369 2246 poeta
398 2195 589 2245 sequitur.
650 2192 727 2229 Alii
749 2195 870 2228 Asca-

138 2255 195 2291 nii
236 2253 362 2290 filium
407 2259 446 2290 et
487 2263 753 2289 successorem
789 2250 869 2286 Sil-

139 2313 250 2350 vium
283 2311 449 2348 faciunt.
521 2309 596 2346 Alii
629 2307 744 2344 aliter
782 2314 868 2344 tra-

140 2370 256 2406 dunt.
281 2382 317 2406 v.
338 2370 421 2406 Liv.
445 2368 472 2414 I,
493 2369 531 2407 3.
590 2365 728 2402 Victor
749 2365 795 2401 0.
822 2365 867 2402 G.

138 2429 185 2464 l'i.
217 2430 280 2467 16.
308 2429 370 2467 17.
397 2426 553 2474 Dionys
580 2423 705 2460 llalic.
737 2422 765 2468 I,
799 2425 866 2462 70.

139 2483 258 2522 Ovid.
291 2483 341 2520 [V
374 2483 475 2519 Fast.
505 2482 573 2523 40,
605 2487 643 2516 et
669 2483 780 2516 Serv.
816 2479 865 2514 ad

138 2542 178 2579 h.
215 2542 239 2579 l.
267 2542 369 2577 cons.
399 2541 493 2576 Exc.
526 2539 574 2575 {H
611 2537 659 2574 ad
694 2537 759 2574 lib.
793 2536 866 2573 Xll

140 2601 236 2639 Aen.
298 2598 471 2635 fabulae
499 2596 546 2632 de
571 2595 692 2632 silvio
724 2594 765 2631 in
796 2594 866 2630 sil—

139 2658 200 2696 vis
220 2656 366 2694 educto
391 2656 521 2692 locum
544 2653 675 2690 secisse
705 2651 867 2689 videtur

141 2727 285 2752 nomen
331 2715 460 2764 ipsum
485 2742 493 2758 ,
534 2710 594 2748 uti
636 2709 777 2747 sabulis
819 2709 868 2745 de

143 2772 312 2809 Romulo
336 2777 373 2807 et
397 2772 518 2807 Remo
542 2769 639 2805 licus
672 2767 867 2804 Rumina—

141 2830 185 2866 lis
217 2835 256 2866 et
289 2827 507 2865 similitudo
538 2825 646 2863 vocis
680 2826 864 2872 numnis,

139 2887 215 2923 hoc
235 2892 313 2931 est,
345 2896 548 2922 mammae.
600 2883 762 2919 hastam
781 2897 869 2932 2111-

136 2959 248 2993 ram,
273 2943 368 2996 ὁὸρυ
391 2938 608 2994 (ἕσίὸηρον,
630 2940 736 2978 idem
757 2938 867 2990 quod

928 1613 1220 1664 antiquioribus
1252 1617 1478 1664 sceptrum,
1518 1624 1656 1661 regum

928 1678 967 1709 et
997 1671 1167 1710 heroum
1196 1671 1346 1720 insigne
1384 1669 1446 1707 vel
1482 1682 1532 1706 ex
1568 1668 1657 1706 Ho—

928 1743 1038 1767 mero
1070 1736 1224 1768 notum.
1267 1729 1314 1765 cs.
1348 1727 1488 1764 cerda.
1539 1725 1658 1777 (luci-s·

927 1789 1017 1826 loca
1045 1817 1055 1836 ‚
1108 1787 1189 1824 vid.
1233 1786 1322 1824 Not.
1373 1785 1423 1821 ad
1462 1797 1520 1822 VS.
1560 1786 1656 1826 832.

933 1844 1039 1896 ῘΓν.)
1100 1845 1308 1882 Albanum
1337 1856 1510 1888 nomen,
1553 1840 1592 1879 h.
1625 1853 1656 1878 e.

928 1903 1131 1950 Albanus,
1184 1901 1307 1939 Albae
1370 1901 1523 1949 Longae
1571 1911 1655 1936 rex.

928 1961 1007 1998 ..Nec
1046 1960 1147 1996 male
1197 1965 1329 1995 tamen
1372 1958 1426 1994 sie
1466 1956 1656 2007 accipias=

927 2018 1087 2055 nomine
1119 2018 1224 2053 inter
1257 2016 1428 2052 Albanos
1463 2013 1658 2050 domesti—

928 2089 973 2113 co
1000 2074 1221 2125 appellatus
1240 2073 1396 2110 Silvius.
1458 2071 1548 2118 Quo
1578 2070 1657 2107 du·-

929 2146 1017 2169 cere
1051 2138 1182 2182 potest
1216 2130 1350 2167 Livius
1384 2128 1479 2166 ibid.
1507 2129 1656 2164 manst‘t

929 2191 1082 2227 iS'z'lrz'us
1112 2197 1256 2238 pos-lea
1291 2185 1469 2223 omnibus
1503 2199 1654 2234 cogno-

927 2262 1014 2283 men
1036 2276 1046 2293 ,
1107 2248 1177 2297 qui
1234 2244 1365 2281 slllaac
1419 2250 1650 2293 regnarunt.

927 2304 1114 2354 Argutias
1156 2308 1254 2340 vett.
1292 2300 1655 2338 Grammaticorum

927 2375 1045 2413 super
1071 2369 1260 2410 postuma
1285 2360 1417 2409 proles
1439 2357 1520 2396 vid.
1547 2357 1656 2409 apud.

927 2420 1024 2457 Gell.
1043 2419 1089 2456 ll.
1116 2421 1166 2459 16
1188 2424 1228 2455 et
1247 2417 1427 2454 Cerdam.
1489 2414 1575 2452 Alia
1597 2421 1656 2451 est

925 2477 1125 2514 subtilitas
1150 2475 1275 2512 Servii
1299 2481 1337 2512 et
1360 2479 1585 2510 ceterorum
1614 2473 1655 2509 111

924 2536 1155 2582 longaevo,
1215 2533 1305 2582 quia
1353 2531 1503 2568 Aeneas
1543 2530 1655 2567 annis

925 2592 1112 2629 fatalibus
1134 2590 1316 2627 nondum
1338 2588 1505 2640 expletis
1526 2588 1653 2639 periit,

927 2662 1009 2686 esse
1048 2648 1191 2686 debere
1245 2648 1397 2685 dictum
1443 2660 1516 2697 pro
1564 2646 1650 2691 (leo,

927 2707 1039 2745 euius
1074 2719 1236 2754 aevum,
1276 2704 1316 2742 11.
1357 2717 1388 2744 e.
1429 2703 1652 2749 aeternitas,

926 2764 1137 2816 proprium
1165 2763 1224 2801 sit.
1285 2762 1497 2800 Enimvero
1523 2765 1653 2810 potest

927 2823 1067 2873 aliquis
1097 2834 1218 2859 senex
1246 2833 1327 2858 esse
1355 2826 1393 2856 et
1427 2818 1503 2854 13111
1533 2829 1652 2853 senex

926 2881 1055 2918 sactus
1084 2879 1230 2916 liberos
1266 2877 1483 2926 suscipere,
1523 2879 1559 2910 el
1588 2885 1651 2910 se-

925 2951 1005 2975 nex
1025 2937 1199 2976 violenta
1221 2940 1349 2972 morte
1370 2931 1510 2984 perire.
