1827 3436
356 251 768 306 AENEIDOS
812 251 952 298 LIB.
994 251 1032 310 I,
1077 253 1364 300 442—448
1518 252 1613 299 155

112 387 207 435 Hic
226 380 486 447 templum
516 377 710 427 Iunoni
732 377 918 439 ingens
941 373 1158 423 Sidonia
1178 372 1318 421 Dido

115 452 419 511 Condebat,
460 448 613 496 donis
642 445 960 511 opulentum
982 453 1034 491 et
1054 443 1276 490 numine
1303 440 1477 490 divae:

114 529 282 574 Aerea
310 521 389 568 cui
411 517 661 582 gradibus
682 514 969 578 surgebant
990 512 1192 574 limina,
1231 526 1504 575 nexaeque

210 647 278 684 448
314 649 422 681 nixae
458 646 586 679 multos
619 645 738 688 legere
774 643 841 675 iam
875 641 1014 675 Servius
1044 640 1190 673 notavit.
1255 638 1408 671 Eandem
1442 637 1626 669 lectionem

116 696 254 731 codices
277 708 297 728 a
316 696 512 726 Burmauno
533 691 725 724 enumerati
744 690 874 722 habere
893 689 1074 727 videntur,
1100 698 1169 719 non
1183 712 1192 727 ,
1226 697 1351 719 nexae.
1386 685 1506 728 (nixae
1526 682 1626 713 vide-

115 751 173 776 tur
194 743 297 775 etiam
320 741 354 773 in
373 741 496 784 fragm.
517 741 598 771 vat.
622 738 704 781 legi.
734 736 830 778 Wr.)
895 734 1034 768 Trabes
1061 746 1146 766 aere
1173 734 1281 766 nixae
1313 732 1463 763 Catroeo
1496 729 1628 761 arrise-

116 797 216 828 runt,
244 796 283 820 ut
302 789 372 820 sint
393 787 573 820 columnae
591 796 721 818 aeneae
747 782 912 828 epistylio
936 781 1115 814 subiectae
1131 806 1139 820 ,
1164 779 1257 824 quod
1280 778 1368 811 adeo
1389 776 1568 809 columnae
1588 787 1629 807 ex

118 849 198 870 aere
214 835 390 867 innititur:
413 833 463 865 uti
486 839 626 865 constat
637 831 809 878 capitulis
819 831 937 862 aereis
949 829 1138 861 columnas
1150 827 1294 858 usitatus
1310 823 1495 868 aliquando
1509 822 1626 854 fuisse.

119 882 452 920 cf.1’1in.XXX1V‚
470 880 503 914 7.
553 879 736 910 Enimvero
761 878 804 909 de
822 883 1002 921 portarum
1024 873 1181 919 postibus
1207 872 1262 915 agi
1286 884 1338 911 ea,
1365 882 1451 914 quae
1472 869 1630 912 utrinque

120 930 371 972 adiunguntur:
416 924 618 972 surgebant
646 921 993 968 limina—foribus
1032 921 1144 953 cardo
1183 928 1227 951 st.
1260 932 1292 951 α.
1320 917 1404 949 satis
1441 916 1630 948 declarant.

120 978 269 1010 Possent
300 983 336 1007 et
356 974 423 1018 ipsi
453 979 574 1017 postes
600 972 717 1005 aeneis
744 970 887 1004 basibus
914 967 1024 1001 innixi
1045 967 1134 1000 dici:
1160 978 1276 999 verum
1305 964 1353 997 sic
1379 964 1422 996 de
1436 963 1553 995 limine
1579 961 1631 994 bis

121 1030 228 1068 poeta
253 1026 473 1054 memoraret.

123 1131 245 1169 gnum
271 1123 425 1167 genten]
455 1115 681 1153 bellicosam
705 1114 789 1151 fore
814 1117 852 1148 et

123 1175 235 1213 bellis
259 1174 355 1211 fines
378 1174 711 1225 ainplilicaturam
734 1183 853 1222 opes—

125 1247 201 1283 que
232 1233 541 1282 acquisituranl3
583 1229 691 1280 quod
718 1229 854 1266 firmat

128 1291 302 1329 lustinus
335 1289 383 1327 de
411 1289 550 1326 eodem
579 1293 767 1338 portento
798 1286 854 1323 ita

128 1348 305 1385 scribens
321 1347 462 1393 XVIII,
485 1347 542 1388 5.:
585 1345 675 1394 „Ibi
698 1355 855 1393 quoque

130 1406 220 1456 equi
243 1411 362 1455 caput
384 1410 603 1455 repertum,
634 1402 856 1439 bellico-

130 1477 236 1501 sum
260 1469 634 1514 potentemque
663 1459 857 1510 populum

131 1522 313 1559 futurum
337 1519 572 1570 significans,
603 1517 695 1555 urbi
722 1516 858 1567 auspi-

132 1584 261 1617 catam
286 1577 417 1614 sedem
443 1576 594 1614 dedit.“
632 1573 742 1624 lVr.)

190 1635 287 1675 446.
326 1636 537 1684 Templum
560 1633 673 1669 (lonis
693 1631 859 1681 opulen-

134 1702 218 1730 tum
241 1701 277 1729 el
305 1695 466 1728 numine
493 1692 625 1728 (lirae.
673 1690 780 1726 (lona
811 1686 860 1723 de

134 1751 250 1797 vasis,
261 1750 496 1787 utensilibus
509 1755 674 1798 totoque
688 1758 861 1797 appara-

135 1815 182 1846 tu
214 1821 326 1844 sacro
355 1807 550 1855 intelligo:
596 1819 741 1841 numen
771 1816 860 1839 cum

136 1865 276 1903 Servio
299 1865 446 1915 accipio
470 1864 517 1901 de
536 1863 747 1899 simulacro
768 1861 861 1897 deae

137 1937 185 1960 ex
217 1936 315 1960 auro
343 1923 469 1960 aliave
499 1921 672 1972 pretiosa
698 1918 862 1956 materia

138 1982 264 2027 sacto,
305 1980 411 2030 quod
450 1976 492 2018 τὸ
521 1979 752 2027 opztlenlum
786 1989 863 2027 po-

138 2039 289 2076 stulare
310 2037 491 2085 videtum
525 2035 615 2087 (nec
645 2041 779 2072 tamen
809 2032 865 2069 sic

139 2110 285 2133 numen
312 2102 370 2132 est
398 2094 665 2140 simulacrum,
698 2092 763 2128 sed
787 2105 864 2127 nu·-

141 2167 230 2190 metz
250 2154 368 2189 (lirae
392 2167 464 2203 pro
487 2153 600 2198 (lira,
636 2156 672 2187 et
696 2148 794 2186 haec
814 2147 864 2184 ad

142 2211 396 2247 simulacrum
425 2207 630 2261 refertur).
690 2207 765 2244 Alii
788 2220 866 2242 1111-

141 2283 229 2304 men
243 2281 287 2305 eo
297 2268 487 2313 referunt,
499 2272 545 2303 ut
558 2265 732 2303 numinis
747 2275 866 2315 prae-

142 2326 268 2363 sentia
292 2325 501 2370 horrorem
534 2323 781 2360 intrantibus
802 2320 868 2357 in-

143 2383 291 2431 cutiat,
323 2382 432 2433 quod
461 2382 715 2419 Burmannus
745 2378 869 2416 malit.

143 2441 200 2478 Ita
230 2454 325 2479 vero
361 2440 591 2489 opulentum
622 2438 756 2490 paullo
791 2435 870 2473 du-

143 2499 226 2536 rius
247 2498 412 2536 dictum.
455 2496 516 2534 Ad
538 2494 869 2546 magnificentiam

144 2557 303 2607 templi,
334 2556 375 2593 in
407 2568 485 2604 quo
517 2553 729 2591 condendo
749 2565 870 2589 occu-

146 2614 226 2665 pati
268 2619 383 2650 erant
415 2612 557 2659 Poeni,
590 2609 871 2648 declarandam

146 2671 266 2721 magis
297 2670 440 2707 idonea
469 2683 550 2706 esse
570 2669 736 2706 videtur
762 2666 872 2718 prior

146 2728 450 2779 interpretatio,
484 2740 610 2776 neque
640 2726 802 2764 omnino
833 2724 870 2760 in

148 2786 296 2836 templo
309 2785 555 2823 exstruendo
568 2783 742 2822 numinis
753 2795 873 2834 prae—

148 2843 273 2880 sentia
305 2843 434 2894 operis
474 2842 642 2880 faciendi
674 2855 766 2893 pars
804 2845 874 2876 est.

150 2899 255 2951 (Vim
275 2902 479 2951 propriam
496 2900 715 2938 verborum
737 2897 768 2934 si
785 2910 875 2947 spe-

150 2963 316 3006 ctamus,
342 2957 669 3009 simplicissimam
694 2961 794 3007 puto
814 2967 876 2990 es-

909 1123 948 1147 se
978 1108 1084 1146 hanc
1123 1107 1337 1146 rationem:
1385 1105 1631 1156 Opulentum

910 1181 943 1205 ei
957 1173 995 1203 at
1024 1166 1217 1217 templum
1246 1164 1358 1202 donis
1395 1169 1434 1199 et
1472 1161 1634 1199 numine

912 1225 1049 1273 divae,
1082 1224 1173 1274 quia
1205 1237 1276 1273 per
1316 1220 1487 1259 numinis
1523 1232 1634 1256 sum-

913 1297 1015 1320 mani
1044 1282 1263 1333 potentiani
1290 1286 1329 1316 et
1356 1277 1634 1316 auctoritatem

914 1341 1047 1387 Iicbat,
1077 1345 1123 1376 ut
1144 1337 1302 1389 plurimi
1330 1336 1411 1373 eius
1437 1348 1548 1386 opem
1571 1333 1635 1370 in-

916 1403 1107 1435 vocarent
1129 1395 1321 1444 donisque
1347 1393 1536 1443 templum
1567 1405 1635 1427 or-

916 1460 1071 1493 narent.
1120 1453 1300 1491 Potentia
1323 1452 1443 1502 igitur
1464 1448 1637 1487 numinis

916 1513 1107 1563 templum
1164 1510 1278 1548 donis
1325 1508 1487 1555 ditavit;
1544 1505 1638 1543 hinc

916 1571 1045 1622 ipsum
1074 1569 1190 1606 divae
1212 1567 1374 1605 numine
1406 1565 1636 1616 opulentum

918 1628 1077 1665 dicitur.
1127 1627 1355 1675 Congruens
1375 1630 1433 1660 cst
1453 1622 1547 1659 huic
1567 1634 1640 1657 ex-

918 1684 1133 1737 plicationi,
1165 1682 1273 1733 quod
1291 1682 1394 1719 infra
1415 1681 1559 1730 legitur
1583 1692 1640 1715 vs.

920 1743 1032 1784 454:
1073 1741 1226 1790 „dum,
1259 1752 1386 1789 quae
1423 1739 1641 1775 fortuna

921 1801 992 1837 sit
1022 1799 1158 1846 urbi,
1201 1798 1423 1844 Miratur;“
1462 1794 1534 1832 nisi
1566 1793 1642 1830 hoe

922 1857 971 1895 ad
994 1858 1197 1894 fortunam
1221 1868 1360 1905 resque
1382 1853 1492 1890 urbis
1512 1852 1551 1889 in
1575 1865 1641 1887 ar—

923 1916 974 1953 tis
1003 1914 1187 1966 operibus
1220 1925 1444 1963 expressim,
1484 1923 1562 1947 non
1594 1908 1643 1944 ad

923 1986 1027 2024 opes,
1058 1973 1208 2010 referre
1238 1969 1434 2007 malueris.
1487 1967 1524 2003 Si
1547 1965 1643 2015 quid

924 2037 1058 2068 tamen
1075 2026 1404 2080 supererit,quod
1430 2025 1645 2076 displiceat,

924 2102 967 2125 ea
987 2089 1153 2124 sortasse
1174 2092 1311 2137 poetae
1331 2091 1401 2131 est,
1424 2097 1501 2120 non
1521 2083 1646 2119 inter-

923 2146 1046 2198 pretis
1076 2158 1202 2182 causa.
1276 2140 1474 2179 (Jomlelaat
1502 2146 1646 2184 autem,

927 2227 974 2232 —
1004 2217 1077 2254 pro
1107 2216 1186 2252 quo
1213 2201 1298 2251 quis
1318 2198 1545 2236 condiderat
1576 2209 1646 2232 ex—

927 2260 1166 2312 spectaverit
1188 2280 1244 2287 —-
1267 2264 1336 2294 aut
1358 2257 1446 2306 quia
1473 2255 1648 2291 restabat

927 2319 1058 2368 aliqua
1090 2331 1181 2368 pars
1219 2315 1371 2367 operis,
1410 2319 1500 2361 aut,
1541 2310 1647 2361 quod

927 2389 1066 2414 verum
1099 2380 1209 2426 puto,
1243 2372 1332 2423 quia
1355 2384 1439 2409 rem
1469 2368 1651 2419 inprimis

928 2432 1223 2471 memorabilem
1281 2429 1536 2480 expositurus
1593 2432 1652 2462 est

929 2498 1057 2543 poeta.
1095 2487 1211 2541 Wr.)

989 2548 1083 2588 448.
1122 2546 1218 2586 449.
1287 2544 1349 2582 Ad
1400 2543 1650 2580 heroicorum

930 2614 1157 2656 temporum
1191 2601 1520 2651 magnificentiam
1560 2613 1652 2650 pcr—

932 2667 1045 2711 tinet,
1078 2661 1184 2712 quod
1211 2661 1339 2697 omnia
1363 2673 1412 2695 ex
1437 2672 1525 2694 aere
1551 2657 1653 2693 fecit.

932 2723 1059 2759 Unam
1099 2718 1270 2756 laudabo
1315 2717 1464 2754 Alcinoi
1510 2715 1653 2764 regiam

933 2779 1076 2830 Odyss⁸
1100 2793 1140 2827 η,
1159 2779 1212 2816 86
1233 2789 1315 2825 sqq.
1349 2775 1544 2811 Homerus
1562 2785 1653 2808 ean-

935 2837 1023 2875 dem
1058 2833 1288 2885 elegantiam
1318 2832 1366 2869 ad
1400 2831 1564 2868 deorum
1594 2841 1655 2864 sc-

936 2894 1024 2931 dem
1046 2922 1055 2940 ‚
1128 2892 1368 2942 Olympum,
1442 2885 1654 2925 transtulit.

936 2951 1077 3000 Quid'?
1118 2947 1227 2999 quod
1263 2948 1411 2984 Romae
1448 2945 1537 2982 talis
1572 2956 1655 2979 ma—
