1811 3388
447 171 571 218 AD
642 171 1178 228 LIBRUMV
1464 190 1562 237 845

51 294 156 332 ierat
187 308 278 332 cum
308 294 488 347 Aegesto.
540 310 579 335 v.
611 298 774 350 Dionys,
804 299 833 349 I,
875 300 929 342 52
961 308 1000 339 et
1031 317 1115 354 sup.
1149 304 1242 343 Exc.
1275 305 1289 343 I
1331 308 1381 345 ad
1411 308 1450 348 h.
1482 311 1561 361 lib„

53 352 126 389 etsi
166 352 231 389 alii
270 353 378 403 apud
408 354 594 393 Strabon.
625 356 742 404 XIII,
783 371 820 408 p.
853 360 934 398 608
962 360 1003 396 Β.
1036 373 1126 398 eum
1157 362 1310 400 Aeneae
1351 367 1562 405 comitibus

53 409 362 460 adscripserunt.
435 411 584 449 Verum
621 414 739 451 etiam
771 415 1011 467 Lycophron
1054 432 1089 456 v.
1132 421 1215 462 965
1251 420 1446 460 Anchisae
1485 439 1563 462 no-

51 466 167 504 thum
209 480 299 504 eum
337 466 539 519 perhibet,
580 476 618 507 et
660 471 707 509 ab
738 472 904 523 Aegesto
952 474 992 512 in
1023 475 1195 514 Siciliam
1235 478 1468 519 adductum.
1513 483 1560 520 cf.

49 524 102 561 ib.
142 523 273 562 Schol.
313 531 351 563 et
393 528 505 565 Serv.
536 526 587 564 ad
619 528 664 577 V,
710 532 776 571 73.
837 531 972 581 Itaque
1006 532 1190 584 Virgilius
1229 535 1345 574 docte
1376 538 1562 589 Elymum

49 581 214 618 Acestae
245 583 430 621 comitem
461 584 647 624 adiunxit
677 600 715 625 v.
748 589 802 630 73
841 595 880 625 et
909 589 979 627 ins.
1011 592 1108 632 300.
1139 595 1233 635 301·
1284 595 1384 632 cons.
1420 596 1561 634 Silium

50 638 155 688 XIV,
187 639 253 680 45.
286 639 352 681 46.

162 696 223 734 Ab
254 696 333 735 hoc
363 698 503 750 Elymo
535 700 729 751 populum
761 701 921 753 Elymos
950 703 991 741 in
1022 704 1161 743 iisdem
1193 707 1297 744 circa
1327 709 1493 760 Erycem
1518 717 1559 749 et

48 755 246 804 Segestam
277 755 373 793 locis
394 756 658 808 '1'l1ucyd.vl‚
691 761 716 799 2
749 765 788 796 et
821 760 977 811 Dionys.
1012 762 1039 809 I,
1073 766 1125 805 53
1157 764 1324 803 ductum
1355 779 1436 804 esse
1471 774 1556 806 tra—

49 811 253 850 diderunt.
313 814 559 863 Antiquioris
590 821 724 853 tamen
755 817 811 854 illi
842 818 959 855 fuisse
986 820 1145 869 originis
1175 822 1385 873 videntur3
1414 831 1462 863 ut
1492 826 1556 864 vel

46 869 133 907 loca
167 869 312 907 docent
347 885 367 908 a
401 871 603 911 Bocharto
634 874 726 911 Can.
760 875 786 922 I,
819 877 885 923 30,
917 890 953 926 p,
990 877 1072 918 569
1104 892 1186 928 sqq.
1219 888 1412 929 congesta.

163 926 348 966 Ceterum
380 929 564 980 Virgilius
596 931 713 969 etiam
751 932 791 969 in
823 931 900 969 hoc
930 933 1034 972 libro
1067 937 1226 973 nomina
1259 938 1439 976 virorum
1471 954 1553 979 non

46 983 299 1035 indiligenter
339 987 482 1037 partini
525 1000 574 1024 ex
615 988 789 1027 Homero
829 991 1058 1040 transtulit,
1098 995 1244 1044 partim
1285 1008 1335 1032 ex
1365 995 1552 1037 historiis.

45 1041 105 1078 lta
137 1056 174 1080 v.
205 1045 288 1084 298
320 1045 456 1082 Salias
487 1051 526 1081 et
556 1047 708 1083 Patron
739 1060 858 1085 cursu
889 1054 1054 1087 certant.
1114 1052 1242 1089 Salius
1273 1059 1404 1090 autem
1430 1053 1552 1094 Arcas

46 1112 137 1136 cum
168 1099 300 1137 Aenea
340 1101 382 1139 in
421 1102 572 1139 [taliam
614 1104 768 1141 venisse
799 1105 1008 1143 Polemone
1048 1115 1207 1146 auctore
1248 1110 1354 1161 apud
1387 1111 1550 1151 Festum

43 1155 85 1193 in
117 1158 252 1194 Salios
282 1159 469 1197 traditur.
530 1160 676 1198 Patron
707 1160 881 1200 'I'hurius
919 1164 960 1200 in
987 1163 1186 1203 Aluntinis
1224 1168 1323 1218 agris
1356 1170 1546 1212 consedit.

43 1227 82 1251 v.
117 1214 276 1266 Dionys.
310 1216 336 1264 I,
379 1217 445 1257 51.
507 1219 681 1268 Euryali
721 1218 775 1271 (v.
807 1220 889 1262 294
930 1227 969 1258 et
1001 1222 1066 1274 al.)
1106 1237 1250 1261 nomen
1293 1238 1342 1262 ex
1372 1226 1547 1266 Homero

43 1271 134 1308 satis
165 1278 318 1320 notum,
350 1273 455 1311 inter
485 1275 635 1325 pugiles
664 1277 704 1314 in
734 1276 838 1314 ludis
859 1278 1091 1316 funebribus
1120 1281 1310 1331 Patrocli,
1340 1289 1387 1320 ut
1414 1291 1548 1323 autem

42 1329 77 1365 ei
109 1329 392 1380 pulcritudinis
425 1331 586 1369 laudem
617 1334 873 1383 attribueret,
906 1337 1083 1387 suspicor
1114 1338 1272 1389 Virgilio
1303 1340 1343 1377 in
1374 1349 1547 1381 mentem

41 1386 194 1424 venisse
224 1401 273 1425 ex
304 1401 370 1437 eo,
403 1389 511 1439 quod
538 1390 647 1441 Ibyci
679 1392 851 1429 carmine
883 1393 974 1430 olim
996 1395 1072 1432 fuit
1097 1397 1444 1436 celebratissimum
1470 1414 1545 1438 no·-

39 1456 131 1481 men
162 1445 344 1496 Euryali,
385 1447 499 1497 pueri
529 1447 716 1498 formosi,
758 1455 805 1487 ut
835 1463 887 1486 ex
918 1452 1146 1503 [ragmentis
1175 1454 1408 1505 intelligitur
1437 1458 1545 1508 apud

40 1500 185 1540 Athen.
213 1503 318 1551 XIII,
349 1517 387 1554 p.
420 1503 502 1544 564
522 1505 564 1542 F.

155 1560 358 1597 Entellum
389 1568 521 1598 autem
560 1576 599 1601 v.
632 1564 714 1602 387
745 1576 827 1612 sqq.
860 1563 963 1602 inter
1000 1565 1141 1604 heroes
1173 1568 1323 1606 Siciliae
1361 1570 1544 1611 habitum

38 1616 174 1665 fuisse,
214 1618 277 1655 vel
312 1631 361 1655 ex
391 1619 501 1656 urbis
541 1618 715 1657 Entellae
747 1621 905 1658 nomine
937 1624 1143 1663 coniectes.
1188 1627 1285 1663 Nam
1326 1643 1410 1666 mos
1449 1644 1543 1681 per-

37 1679 182 1724 petuus
214 1675 462 1725 antiquitatis
489 1682 567 1723 est,
599 1690 648 1713 ex
678 1677 839 1714 urbium
870 1681 1096 1719 nominibus
1130 1684 1355 1723 conditores
1385 1687 1542 1737 fingere.

37 1731 198 1769 Servius
235 1733 287 1770 ad
317 1733 362 1781 V,
395 1735 496 1774 389:
530 1735 634 1771 Sane
665 1736 892 1784 sez'emlmn,
925 1737 1031 1774 lumc-
1063 1739 1296 1792 (Entellum)
1328 1747 1544 1782 seezmslum

35 1790 276 1839 Iiygiunm,
313 1792 383 1842 qui
411 1791 459 1827 cle
488 1791 519 1827 F
523 1792 661 1829 amiliis
691 1792 872 1830 Troianis
905 1798 1062 1845 scripsit
1079 1827 1087 1843 ,
1122 1812 1246 1835 unum
1284 1802 1543 1840 Domum-[cm

24 1845 183 1896 suis-se,
223 1848 270 1884 cle
309 1862 386 1899 quo
424 1850 626 1898 Virgilius
665 1858 793 1886 mutat
822 1850 1043 1890 hisnu-iam.
1108 1854 1140 1892 A
1181 1855 1312 1894 Schol.
1344 1859 1540 1910 Lycoplir.

35 1903 87 1939 ad
118 1917 154 1944 v.
190 1905 270 1945 953
303 1905 399 1942 urbs
430 1906 582 1943 Entella
620 1906 726 1943 inter
756 1908 874 1945 urbes
908 1910 955 1946 ab
987 1911 1152 1961 Aegosto
1179 1914 1357 1951 conditas
1389 1929 1541 1954 meino-

35 1966 162 1998 ratur.
213 1963 262 1999 cf.
295 1963 452 2000 Cluver.
484 1964 588 2004 Sicil,
628 1971 708 2001 ant.
741 1978 776 2014 p.
809 1967 891 2005 377
923 1980 1016 2017 sqq.,
1066 1970 1132 2018 qui
1172 1970 1211 2006 in
1253 1971 1335 2008 Silii
1362 1975 1541 2011 versibus

35 2018 139 2065 XIV,
171 2019 267 2059 204.
292 2020 373 2060 205
404 2019 671 2057 dilucidandis
712 2021 887 2060 laborat:
930 2026 1090 2062 lintella
1130 2029 1323 2065 Hectoreo
1354 2031 1540 2068 dilectum

33 2089 175 2111 nomen
204 2076 387 2113 Acestae.
451 2077 528 2114 Sed
558 2078 737 2127 sequitur
768 2079 885 2115 Silius
917 2083 1043 2119 nostri
1068 2090 1206 2133 poetae
1234 2085 1364 2133 fidem,
1395 2101 1539 2126 secun-

35 2131 131 2169 dum
163 2146 281 2182 quam
313 2133 492 2171 Entellus
529 2135 631 2171 inter
663 2142 814 2172 ceteros
851 2137 1011 2174 Acestae
1053 2142 1214 2178 comites
1256 2149 1347 2180 ante
1385 2145 1537 2183 Aeneae

33 2195 215 2240 tempora
247 2191 285 2227 in
318 2191 490 2228 Siciliam
522 2198 698 2237 venerat,
732 2193 843 2242 eique
867 2196 1037 2232 amicitia
1066 2197 1226 2236 iunctus
1255 2201 1394 2239 suerat.
1440 2205 1536 2240 Sae-

30 2246 121 2298 pius
152 2247 228 2284 iam
259 2250 507 2296 monuimus,
544 2249 792 2287 diversitates
823 2250 892 2287 lias
924 2253 1147 2292 fabularum
1177 2257 1340 2305 docere,
1387 2273 1406 2295 a
1438 2274 1534 2310 poe-

30 2303 82 2341 tis
112 2304 294 2355 pluribus
325 2305 489 2343 eandem
521 2306 692 2343 fabulam
724 2307 843 2344 fuisse
874 2315 1108 2359 tractatam,
1148 2314 1326 2364 adeoque
1358 2316 1534 2367 Virgilio,

31 2360 259 2399 doctissimo
282 2369 433 2414 poetae,
467 2377 547 2401 non
569 2365 750 2413 defuisse,
782 2366 888 2403 unde
914 2370 1116 2406 materiam
1141 2372 1323 2409 carminis
1350 2382 1533 2414 sumeret.
