1827 3436
354 234 763 285 AENmDos
800 235 939 284 ΜΒ,
978 236 1016 295 1,
1055 241 1275 285 51—39

1496 244 1560 288 73

69 369 245 426 Quum
266 363 422 421 Iuno,
461 370 736 408 aeternum
758 376 969 408 servans
993 359 1088 407 sub
1115 368 1333 424 pectore
1360 360 1564 422 volnus,

66 437 205 482 Haec
236 447 442 480 secum:
486 433 647 478 Mene
679 430 891 494 incepto
925 428 1178 477 desistere
1207 429 1410 491 victam,

66 505 173 551 Nec
202 515 357 564 posse
387 497 530 547 Italia
562 502 897 548 Teucrorum
930 506 1167 546 avertere
1199 504 1418 561 regem?

67 569 275 635 Quippe
306 577 457 618 vetor
487 567 617 618 satiS.

688 567 925 619 Pallasne
957 583 1175 617 exurere
1209 566 1428 616 classem

157 697 203 730 36
228 697 264 728 in
281 704 430 741 pectore
448 695 580 728 Zulieh.
606 707 647 728 ex
671 694 800 739 glossa.
834 701 894 727 aut
915 695 952 727 in
973 706 1014 725 ex
1035 692 1104 726 alio
1125 692 1268 734 ordine,
1292 693 1403 738 qualis
1423 693 1457 725 iu
1474 693 1567 726 Dor-

66 741 138 774 vill.
160 754 312 774 servans
330 751 529 774 aeternum.

623 743 669 778 38
695 742 773 775 Nec
791 753 941 787 possum
968 739 1134 773 Rottcnd.
1165 752 1233 773 sec.
1273 752 1345 773 non
1372 752 1483 786 posse
1498 741 1568 772 Pu-

67 796 134 831 get.
163 795 198 820 et
230 788 277 820 sic
296 790 451 821 Donatus
473 788 572 832 legit.
622 797 784 820 evertere
803 788 911 820 Goth.
929 799 982 831 pr.
1033 795 1198 819 avertere
1214 794 1359 831 gentem
1385 793 1456 819 tres
1477 786 1569 831 apud

68 837 177 868 Burni.
205 843 238 868 et
263 835 368 868 Goth.
394 842 475 868 tert.
524 835 675 867 classem
699 834 835 867 ZuIich.
859 846 924 880 pro
951 845 1022 866 var.
1046 833 1129 866 lect.
1157 844 1197 865 ex
1220 844 1323 865 versu
1344 844 1440 878 sequ.

67 935 281 980 conspectu
320 928 508 977 haberet,
558 935 789 980 tempestate

67 1001 89 1023 a
129 987 313 1038 Neptuno
362 988 534 1024 excitata
573 988 788 1037 naufragus

69 1051 218 1082 enatat.
277 1044 396 1091 Quod
419 1045 470 1082 ibi
492 1044 699 1095 Neptunus
725 1045 788 1081 sa-

68 1102 138 1149 cit,
170 1101 368 1139 tributum
388 1101 426 1139 h.
447 1102 472 1139 l.
494 1102 628 1150 Aeolo,
659 1101 786 1152 quod-

69 1172 143 1209 que
185 1159 430 1207 Leucothea,
486 1158 553 1196 liic
592 1159 789 1210 Neptuno.

69 1218 115 1253 cs.
142 1216 313 1255 Mam-ob.
347 1219 427 1254 Sat.
460 1217 504 1264 V,
535 1219 573 1257 2.
633 1217 676 1254 In
699 1217 788 1254 Ho-

69 1287 178 1310 mero
201 1281 331 1311 tamen
356 1274 479 1311 maior
497 1287 631 1311 rerum
652 1274 787 1312 varie-

68 1338 129 1368 tas
149 1332 466 1381 narrationisque
488 1332 673 1369 suavitas.

128 1388 194 1429 35.
249 1390 354 1427 Vela
389 1388 563 1436 (labant,
605 1402 693 1426 cum
718 1401 788 1439 per

71 1446 298 1496 epexegesin
328 1445 407 1483 hoc
436 1446 554 1483 vellet
580 1446 789 1497 explicare,

71 1503 206 1541 saltem
243 1503 374 1540 vorbis
419 1509 506 1540 erat
550 1503 788 1552 ornandum,

73 1574 161 1597 cum
196 1561 387 1597 sententia
419 1561 555 1597 cadem
593 1567 791 1611 maneret3

73 1616 169 1668 (vid.
193 1618 236 1655 V.
254 1619 294 1655 l..
331 1616 442 1670 lVr.)
474 1618 606 1668 itaque
627 1632 790 1668 spumas

71 1676 183 1720 salis,
214 1672 355 1725 ἅλμης,
386 1675 524 1724 maris3
556 1676 733 1713 occurrit
751 1682 791 1713 et

72 1732 173 1768 alibi.
215 1748 328 1780 aere,
375 1739 508 1769 aerata
548 1733 660 1780 navi,
701 1731 791 1784 (nec

71 1789 190 1825 niodo
210 1799 333 1826 roslrcz
360 1799 499 1827 amala
525 1790 592 1827 sed
614 1796 653 1827 et
676 1805 790 1840 pap-

64 1861 139 1896 pes·
169 1855 328 1884 aeratae
357 1856 392 1883 et
423 1862 579 1897 aereae,
622 1853 668 1885 ut
692 1847 789 1886 Aen.

72 1903 125 1951 V,
182 1903 286 1956 198)
338 1904 500 1941 mebant
521 1934 531 1952 ‚
582 1906 790 1953 secabant,

73 1958 242 2011 (potiusz
273 1961 559 1999 sulcabant
595 1962 705 2014 lVr.)
747 1968 792 2000 ut

72 2025 176 2055 terra
196 2021 324 2056 ruitur
345 2019 452 2056 sulco
472 2020 588 2067 sacto,
620 2020 786 2068 eruitur,

73 2076 190 2122 laeli,
226 2076 393 2123 alacres,
425 2077 577 2125 Italiae,
610 2077 791 2114 laborum

73 2139 212 2179 metae,
252 2145 358 2170 nunc
386 2136 545 2170 tandein
573 2135 790 2185 propiores,

76 2186 297 2240 πρόθυμοι,
321 2191 427 2238 cs.11‚
453 2191 546 2231 394.
570 2192 661 2232 395.
686 2194 792 2230 Serv.

73 2245 223 2283 Habuit
258 2248 357 2285 sorte
386 2255 499 2298 poeta
535 2255 623 2285 ante
660 2249 794 2287 oculos

74 2316 230 2340 versum
262 2308 343 2345 269
376 2305 515 2356 Odyss.
548 2321 576 2353 ε,
608 2303 792 2358 γηθόσυ-

74 2377 142 2406 νος
180 2357 217 2400 ὁ’
250 2359 358 2418 οὔρῳ
394 2358 535 2402 πέτασ’
568 2363 673 2402 ἱστία
708 2364 794 2411 δῖος

73 2413 295 2465 Όὸυσσεύς.

144 2477 196 2515 36
216 2498 259 2502 -
280 2479 345 2515 38.
389 2476 602 2513 Aelernmn
641 2478 794 2526 rollum,

78 2532 145 2580 qul
170 2533 272 2573 v.25
293 2534 595 2571 .scc<11¹c'‹l0l‹›1-‹2.s·.·
624 2534 647 2571 i.
673 2548 704 2572 e.
727 2536 797 2572 ira.

76 2589 129 2625 ita
164 2604 219 2637 gr.
252 2589 372 2636 ἕλκος.
442 2590 691 2628 Adumbrata
723 2605 796 2629 au-

78 2652 151 2682 ten)
174 2647 333 2685 Iunonis
352 2647 570 2698 indignatio
592 2661 640 2685 ex
654 2649 796 2700 (dess.

78 2717 107 2748 f,
137 2705 212 2743 231
247 2719 350 2754 Μμμ,
400 2706 467 2742 ubi
498 2706 633 2742 similis
666 2707 794 2744 oratio

77 2759 256 2809 Neptuni.
326 2762 426 2799 ltine
457 2763 590 2800 nullus
617 2763 696 2800 sere
737 2770 794 2800 est

80 2822 212 2864 poeta,
253 2819 317 2867 qui
341 2833 416 2856 non
441 2819 608 2857 eundem
632 2820 681 2857 ad
706 2834 794 2858 ino-

81 2871 171 2908 ‹luni
212 2874 308 2912 iram
339 2877 500 2914 alicuius
531 2877 589 2913 dei
624 2876 794 2915 finxerit.

81 2928 248 2967 Similem
282 2946 442 2982 prorsus
484 2935 611 2972 locuni
644 2935 795 2972 videbis

844 927 912 965 inf.
935 927 1002 965 lib.
1023 927 1111 976 VII,
1153 930 1415 976 286—3203
1452 941 1567 978 quem

847 998 1094 1036 comparasse
1115 998 1196 1022 non
1221 985 1449 1036 poenitebit.
1508 986 1568 1022 Ex

847 1049 1019 1093 utroque
1064 1042 1207 1080 Bacchi
1262 1043 1343 1079 lovi
1380 1042 1569 1093 supplicis

848 1100 970 1138 verba
987 1101 1105 1138 finxit
1119 1102 1184 1137 Sta
1192 1099 1269 1137 tius
1281 1100 1346 1137 lib.
1363 1100 1432 1137 Vll
1445 1099 1567 1137 Theb.

852 1158 924 1199 151
949 1171 1004 1207 sq.
1025 1161 1101 1199 182
1114 1171 1170 1207 sq.
1207 1158 1387 1194 Ceterum
1404 1157 1569 1208 legenda

845 1214 944 1252 llaec
955 1223 1049 1252 sunt
1067 1215 1248 1252 oratione
1267 1228 1338 1265 per
1354 1215 1435 1251 irae
1456 1216 1566 1252 etin-

847 1272 1087 1323 dignatiouis
1114 1273 1306 1323 impetum
1328 1272 1567 1323 intercepta:

846 1336 892 1367 ut
914 1330 1083 1367 solemus
1104 1331 1144 1367 in
1171 1343 1311 1380 niagno
1341 1330 1460 1366 animi
1483 1344 1570 1366 mo—

845 1393 893 1424 tu
912 1387 1053 1437 eloqui.
1096 1389 1241 1424 vic-lam
1271 1387 1423 1438 poetica
1457 1387 1567 1438 copia

847 1444 1047 1483 adiicitur.
1132 1446 1365 1482 Teucrorum
1418 1459 1565 1495 regem,

849 1502 1002 1540 ducem.

905 1561 959 1600 39
995 1572 1050 1609 sq.
1092 1558 1229 1595 Potuit
1262 1563 1394 1595 tamen
1432 1558 1568 1604 Pallas,

851 1614 1027 1670 (quanto
1065 1615 1185 1665 inagis
1227 1628 1317 1666 ego:
1373 1615 1465 1668 46.)
1503 1616 1567 1653 *vel

849 1679 988 1711 contra
1011 1674 1092 1710 sata
1131 1672 1187 1723 (h.
1210 1686 1241 1710 e.
1272 1673 1452 1723 quamvis
1479 1674 1569 1711 sau—

849 1737 934 1768 stus
972 1731 1128 1768 reditus
1157 1731 1239 1767 sato
1271 1736 1356 1767 erat
1393 1729 1569 1767 destina-

848 1787 945 1842 tus),
976 1787 1222 1825 Achivorum
1249 1788 1408 1824 classem
1442 1788 1572 1824 coele-

849 1847 899 1883 sti
927 1846 1005 1896 igni
1042 1845 1274 1882 comburere
1316 1851 1354 1881 et
1382 1845 1571 1882 fluctibus

849 1903 1097 1955 opprimere,
1144 1902 1261 1940 unius
1305 1902 1431 1939 Aiacis
1469 1903 1570 1939 ulci-

849 1961 986 1998 scendi
1002 1973 1151 1998 caussa.
1183 1959 1243 1996 Ab
1265 1959 1454 2010 Euripide
1474 1958 1571 1996 haec

849 2025 981 2055 sumta
1011 2031 1113 2066 esse,
1155 2016 1329 2054 Macrob.
1362 2017 1396 2055 V
1427 2018 1508 2054 Sat.
1540 2032 1570 2053 c.

849 2082 953 2113 extr.
989 2081 1137 2112 monet.
1196 2074 1362 2112 Ursinus
1392 2073 1440 2110 ad
1464 2075 1571 2110 „slia-

850 2147 932 2181 εφη
990 2133 1149 2169 Odeum
1191 2132 1361 2169 fabulam
1410 2131 1571 2182 Euripi-

853 2190 968 2227 deam
1025 2195 1246 2241 provocat,
1312 2201 1411 2239 quae
1465 2189 1572 2225 nulla

851 2248 947 2295 suit,
999 2247 1067 2283 sed
1102 2244 1244 2293 Οἰλεῦς
1285 2245 1438 2282 eredita
1483 2246 1572 2293 suit,

853 2317 951 2354 quae
973 2302 1128 2352 Συλεῦς
1144 2304 1217 2354 legi
1239 2303 1365 2351 debet,
1397 2309 1443 2340 ut
1466 2302 1573 2340 Hea-

852 2362 960 2400 thius
983 2362 1131 2399 docuit.
1173 2360 1249 2413 (Ex
1275 2374 1319 2398 eo
1341 2374 1446 2397 nunc
1468 2361 1574 2410 frag-

857 2425 990 2457 menta
1027 2419 1107 2456 vid.
1141 2432 1202 2469 ap.
1231 2418 1344 2455 Valk.
1375 2417 1413 2454 in
1453 2418 1573 2454 Diatr.

858 2483 897 2514 et
925 2490 985 2527 ap.
1006 2476 1205 2526 Musgrav.
1238 2476 1291 2511 De
1319 2475 1436 2526 Syleo
1464 2489 1500 2513 v.
1524 2475 1571 2511 ad

858 2533 1039 2585 Apollod.
1058 2548 1095 2584 p.
1116 2531 1215 2585 443)
1233 2532 1431 2583 Euripidis
1454 2533 1574 2579 lorus,

855 2606 972 2642 quein
995 2590 1178 2641 Virgilius
1206 2590 1398 2640 respicere
1426 2589 1574 2636 debuit,

854 2657 914 2687 est
946 2650 986 2687 in
1008 2648 1152 2686 'fi-oud.
1180 2661 1217 2685 v.
1240 2649 1440 2689 77—86.
1470 2646 1575 2683 unde

854 2707 972 2744 eliani
1013 2719 1150 2744 versus
1200 2707 1254 2745 23
1293 2716 1374 2753 sqq.
1415 2704 1575 2754 Virgilio

854 2770 945 2801 ante
969 2764 1104 2801 oculos
1122 2764 1241 2800 suere.
1284 2759 1457 2797 Fabulae
1480 2762 1572 2798 sun-

854 2821 928 2859 (lus
976 2827 1034 2858 est
1070 2819 1109 2856 in
1145 2820 1319 2856 Homero
1364 2818 1505 2869 Odyss.
1542 2836 1575 2870 y,

858 2880 936 2920 135
961 2893 1015 2928 sq.
1049 2884 1088 2914 et
1114 2877 1242 2913 multo
1277 2875 1396 2925 magis
1426 2876 1459 2921 ὁ,
1495 2873 1576 2915 499

854 2950 950 2986 sqq.,
982 2934 1048 2972 sed
1079 2933 1130 2971 ibi
1164 2934 1348 2984 Neptuno
1370 2931 1575 2970 tribuitur,
