1779 3420
117 234 220 281 226
505 219 1275 274 EXCURSUSVI

117 359 191 401 sub
222 360 366 398 vertice
408 353 567 410 (subter
607 350 770 406 quibus)
811 351 893 388 lale
924 349 1117 401 Aequora
1157 357 1244 388 tuta
1276 350 1408 387 silent.
1472 346 1584 385 Haec
1614 352 1654 384 et

118 419 259 472 pulcre
292 416 400 455 dicta
432 421 472 452 et
502 413 712 452 intellectu
743 408 887 447 facilia.
956 409 1077 456 'l'um,
1112 414 1344 460 praetcrea,
1378 407 1552 457 desuper
1573 408 1654 443 im-

119 480 243 516 minet
273 474 415 530 (supra
446 472 521 527 est)
554 484 673 508 scena
704 468 821 505 silvis
852 469 1052 513 coruscis,
1089 472 1325 518 prospectus
1357 465 1572 513 silvarum,
1616 471 1653 500 ec

118 544 254 574 atrum
285 547 426 571 nemus
471 531 651 568 imminet
690 527 865 563 horrenIi
895 524 1037 562 umbra
1070 522 1127 577 (in
1160 525 1246 576 ipso
1282 522 1530 572 continenti,
1572 535 1653 560 uon

120 595 162 633 iu
191 593 345 640 insula,
377 596 425 629 ut
459 589 556 627 olim
586 582 849 637 acceperam).
923 582 1006 620 Sul>
1037 584 1209 621 adversa
1233 582 1374 633 fronte
1393 613 1402 629 ‚
1443 582 1485 619 in
1519 581 1654 618 littore

120 652 199 691 hoc
239 647 487 696 continenti,
528 658 578 683 ex
605 643 777 682 adverso
809 641 877 691 iis,
917 640 986 692 qui
1028 654 1079 679 ex
1110 642 1190 679 alto
1220 640 1528 692 ingrediuntur,
1575 653 1653 675 (m—

121 720 225 749 lrum
256 715 316 747 est
354 705 531 756 scopulis
557 700 898 754 pendenlibas—
925 701 1007 736 llic
1048 698 1149 752 (non
1193 705 1275 737 tam
1313 699 1355 736 in
1396 697 1475 735 hoc
1520 703 1653 746 antro,

122 783 243 821 quam
274 767 316 805 in
348 770 434 803 tota
464 762 542 800 hae
573 761 684 798 sinus
716 764 854 811 parte,
905 770 1007 808 quae
1038 772 1112 809 pro
1145 763 1269 810 portu
1301 755 1376 810 est)
1407 756 1551 807 fessas
1575 769 1655 791 non

124 827 287 866 vincula
317 824 435 861 navis
473 820 572 858 Ulla
607 827 751 857 tenent.
820 816 951 856 Verba
980 830 1020 854 v.
1056 819 1137 859 162
1167 817 1282 853 Hinc
1313 824 1433 867 alque
1463 813 1558 851 ltine
1577 827 1655 850 να-

121 895 207 923 stae
237 896 382 934 rupes,
437 879 523 918 visa
562 876 661 916 mihi
702 876 799 914 olim
840 880 956 913 erant
996 874 1207 912 reserenda
1247 886 1329 911 esse
1369 872 1422 910 ad
1460 871 1656 920 insulam3

123 943 216 995 quia
249 943 532 980 antecesserat:
572 936 718 974 Insula
738 943 929 987 portum,
977 938 1018 971 et
1048 933 1252 984 sequitur:
1296 933 1442 969 Fronte
1469 929 1540 967 sul)
1574 929 1655 966 cul-

124 1015 252 1040 versa.
316 998 375 1036 Ita
413 1008 574 1047 quoque
612 993 748 1034 visum
779 998 866 1031 erat
904 992 1103 1043 Scaligero
1144 992 1254 1029 Poet.
1288 990 1333 1039 V,
1362 993 1400 1031 3.
1462 987 1656 1040 Expensis

123 1067 258 1098 tamen
290 1055 477 1095 omnibus
509 1054 635 1106 ipsam
666 1065 804 1090 rerum
836 1051 1039 1090 rationem
1069 1049 1112 1087 id
1145 1049 1352 1102 postulare
1382 1047 1490 1096 vidi,
1521 1052 1569 1084 ut
1605 1044 1658 1083 ad

124 1117 396 1156 continentem
429 1113 661 1152 referantur
693 1110 837 1149 omnia.
896 1109 1028 1148 Etiam
1059 1108 1168 1161 apud
1195 1108 1419 1145 Homerum
1448 1101 1523 1146 δύο
1555 1119 1656 1157 προ-

124 1179 270 1230 βλῆτες
302 1169 422 1214 α’κταὶ
454 1167 693 1224 ἅποῤῥῶγες
722 1169 766 1207 in
797 1168 882 1220 ipso
914 1166 1142 1206 continenti
1169 1166 1374 1205 visuntur.
1438 1164 1483 1202 In
1519 1176 1566 1201 eo
1592 1168 1658 1200 ta-

125 1248 216 1273 men
246 1232 358 1271 uulla
389 1230 553 1269 omnino
585 1228 718 1267 insula
748 1227 905 1265 obiecta
938 1232 1009 1266 est.

241 1291 438 1330 Exoritur
469 1289 595 1326 altera
635 1285 880 1338 disputatio,
922 1286 964 1322 in
995 1298 1075 1335 qua
1114 1282 1272 1321 Africae
1303 1287 1443 1334 parte,
1494 1285 1535 1316 et
1565 1278 1658 1329 qui—

125 1352 217 1390 dem
255 1350 297 1388 in
336 1347 481 1388 vicinis
521 1344 754 1396 Carthagini
797 1342 1002 1382 littoribus
1030 1342 1102 1380 iste
1132 1342 1245 1379 locus
1284 1340 1361 1389 sit,
1412 1343 1483 1376 aut
1523 1336 1659 1375 fuerit.

125 1411 207 1449 Iam
240 1422 333 1447 cum
376 1407 496 1445 talem
532 1405 718 1443 locorum
758 1403 881 1440 situm
922 1416 944 1439 a
984 1401 1143 1439 nemine
1183 1399 1260 1436 alio
1301 1401 1659 1436 commemoratum

125 1468 333 1516 viderent,
365 1466 609 1516 Interpretes
641 1468 734 1515 post
764 1462 975 1508 Servium,
1007 1473 1125 1510 quem
1156 1457 1373 1505 habemus,
1405 1461 1446 1494 et
1466 1455 1660 1506 Pompon.

126 1526 321 1565 Sabinum
362 1525 445 1562 sere
485 1523 527 1561 in
573 1535 660 1560 eam
701 1519 941 1558 sententiam
984 1518 1221 1566 discessere,
1265 1521 1310 1554 ut
1350 1521 1485 1553 totum
1526 1512 1661 1550 locum

127 1591 270 1638 poetae
299 1582 459 1635 ingenio
491 1580 654 1629 deberi,
686 1592 816 1630 neque
847 1591 938 1616 eum
970 1589 1149 1627 unquam
1179 1587 1275 1614 vere
1306 1573 1486 1612 extitisse
1518 1570 1661 1608 existi-

128 1648 301 1682 marent.
361 1642 412 1679 Et
454 1652 597 1679 verum
638 1639 778 1688 utique
828 1642 909 1684 est,
964 1634 1076 1686 quod
1115 1634 1194 1671 iam
1236 1632 1422 1670 Mam-ob.
1457 1631 1488 1668 V
1520 1630 1602 1667 Sat.
1634 1631 1660 1669 3

129 1709 169 1740 et
200 1700 365 1739 Servius
397 1697 520 1737 adh.
560 1698 585 1736 l.
630 1702 849 1744 notarunt,
891 1701 1052 1746 poetam
1089 1691 1328 1744 expressisse
1371 1687 1663 1727 nobilissimum

128 1759 296 1799 Homeri
327 1758 461 1796 locum
493 1755 542 1794 de
573 1754 803 1806 Phorcynio
835 1758 958 1805 portu
986 1761 1026 1789 et
1056 1749 1337 1803 Nympharum
1368 1754 1487 1785 antro
1517 1745 1662 1797 Odyss.

129 1836 166 1867 ν,
199 1821 255 1860 96
287 1830 370 1868 sqq.
404 1822 525 1866 atque
559 1813 657 1852 adeo
692 1812 943 1851 transtulisse
976 1823 1044 1858 ea,
1087 1822 1189 1860 quae
1221 1808 1422 1846 Homerus
1453 1804 1502 1842 de
1532 1803 1663 1842 insula

133 1877 269 1916 Ithaca
309 1879 626 1922 memoraverat,
680 1871 732 1909 ad
777 1870 1007 1908 ornandum
1058 1868 1171 1906 littus
1206 1866 1374 1904 Africae.
1446 1862 1662 1902 Enimvero

130 1934 307 1974 mutavit
338 1947 420 1972 non
452 1946 601 1984 pauca,
637 1938 685 1969 ut
720 1930 802 1968 sive
831 1934 1003 1966 certasse
1035 1940 1125 1964 cum
1153 1925 1331 1963 Homero
1353 1925 1435 1961 sive
1457 1920 1556 1960 certi
1586 1920 1662 1957 loci

132 2000 302 2032 naturae
329 2006 401 2030 sua
431 1989 754 2029 accommodasse
783 1986 913 2026 videri
937 1986 1093 2023 debeat.
1154 1984 1283 2021 Fuere
1309 1995 1430 2034 porro
1461 1981 1663 2031 interpre-

131 2059 211 2101 tes,
257 2050 349 2102 qui‚
387 2049 608 2087 secundum
641 2046 848 2093 Servium,
890 2050 1050 2097 poetam
1093 2048 1256 2096 portum
1287 2054 1405 2079 suum
1436 2039 1488 2077 ad
1518 2043 1663 2089 portus

132 2123 263 2150 novae
303 2107 555 2158 Carthaginis
597 2106 639 2144 in
682 2104 876 2157 Hispania
925 2102 1097 2155 speciem
1147 2099 1407 2139 adumbrasse
1446 2100 1664 2149 putarent3

132 2168 325 2221 quoniam
363 2166 473 2219 apud
502 2165 661 2203 Livium
692 2162 906 2215 descriptio
942 2161 1056 2200 istius
1088 2165 1231 2212 portus
1270 2164 1330 2196 est
1359 2156 1457 2195 huic
1486 2155 1575 2193 loco
1606 2153 1663 2191 si·-

133 2227 325 2275 millima,
372 2225 440 2264 lib.
462 2223 611 2273 XXVI,
643 2222 717 2264 43:
751 2222 933 2260 Celerum
962 2222 1042 2257 sila
1077 2217 1284 2268 Carthago
1315 2218 1373 2253 sic·
1404 2222 1475 2252 est.
1543 2213 1665 2250 Sinas

134 2294 191 2323 est
222 2286 347 2322 maris
377 2284 513 2322 media
533 2282 626 2334 stre
656 2281 892 2332 Hispaniae
923 2292 1018 2326 ora,
1052 2278 1231 2315 maxime
1267 2274 1411 2326 Asi-ivo
1443 2279 1558 2311 vento
1590 2284 1664 2320 op-

128 2345 288 2395 positus
319 2350 355 2380 et
385 2343 624 2394 quingenlos
646 2354 800 2392 passus
830 2339 1019 2375 introrsus
1050 2343 1254 2382 relraclzis,
1278 2359 1330 2364 --
1353 2333 1474 2369 lulius
1495 2331 1538 2367 in
1565 2329 1664 2366 ostio

135 2404 272 2449 sinus,
311 2415 448 2451 parva
481 2400 619 2438 insula
649 2398 802 2437 obiecta
832 2395 884 2433 αἶ)
916 2396 1000 2433 allo
1031 2402 1191 2438 porlum
1223 2391 1275 2430 ab
1305 2389 1489 2429 omnibus
1519 2387 1661 2434 ventis,

133 2467 420 2510 praeterquam
446 2458 610 2509 Afric-0,
645 2464 776 2495 tulum
800 2454 935 2506 facit,
973 2451 1025 2490 ab
1055 2452 1198 2489 intimo
1228 2452 1319 2487 simi
1342 2446 1562 2500 peninsula
1594 2458 1664 2481 ex-

137 2519 282 2565 currit,
325 2517 503 2554 tumulus
534 2518 568 2553 is
598 2517 683 2566 ipse
701 2544 710 2561 ‚
763 2515 806 2551 in
837 2526 915 2566 quo
954 2510 1117 2548 condita
1149 2507 1240 2546 urbs
1270 2515 1340 2544 est.
1407 2505 1664 2556 Prospectum

138 2575 250 2614 urbis
282 2573 525 2612 delineatum
560 2573 674 2611 dedit
701 2571 841 2610 Cei-da.
889 2570 937 2608 cs.
968 2568 1109 2607 Silium
1142 2566 1231 2615 XV,
1263 2564 1519 2607 220—229.
1578 2559 1664 2597 Ad·-

140 2634 306 2672 disonus
339 2629 554 2685 (Remeat-ks
586 2646 635 2668 on
667 2631 823 2669 several
853 2631 979 2667 Paris
1010 2625 1064 2677 os
1084 2625 1194 2675 Italy
1225 2637 1262 2675 p.
1300 2624 1378 2663 153
1399 2618 1502 2672 sqq.)
1534 2618 1664 2656 Sinum

141 2690 325 2743 Neapolis
356 2690 467 2728 urbis
498 2689 650 2740 Virgilii
680 2689 805 2726 oculis
843 2699 927 2725 esse
967 2685 1224 2724 obversatum
1265 2679 1459 2732 putabat,
1507 2690 1581 2714 nec
1616 2675 1665 2712 ab

141 2764 187 2789 eo
222 2748 427 2797 dissentit,
459 2747 530 2798 qui
560 2747 661 2785 haee
691 2747 778 2784 loca
810 2746 928 2793 adiit,
960 2742 1164 2782 Grosleius
1198 2737 1453 2793 (1V0111'0a11x
1485 2735 1667 2772 Jle'moi-

140 2823 201 2847 res
231 2822 301 2846 sar
328 2807 362 2843 l’
396 2807 517 2844 llalie
549 2806 594 2844 T.
632 2804 676 2853 ll,
712 2818 749 2856 p.
786 2804 880 2846 105.
915 2800 1013 2855 106)
1047 2807 1087 2839 et
1118 2805 1251 2852 potest
1281 2795 1360 2834 hoc
1390 2793 1560 2846 speciem
1594 2792 1668 2829 ali·-

142 2880 263 2918 quam
290 2863 460 2913 habere,
491 2864 524 2902 si
555 2868 716 2915 poetam
747 2860 914 2914 Neapoli
947 2860 1075 2898 otium
1105 2871 1222 2896 suum
1252 2852 1515 2893 consumsisse
1545 2863 1669 2902 repu-

142 2932 224 2974 tes,
263 2929 302 2961 et
331 2924 507 2975 Capreae
537 2921 710 2960 insulam
750 2919 867 2958 obiici
895 2917 1028 2957 littori
1065 2915 1270 2955 montibus
1302 2918 1341 2950 et
1371 2910 1481 2949 silvis
1512 2908 1669 2947 munito

145 2981 382 3021 memineris.
442 2981 484 3018 ln
517 2979 577 3017 his
610 2986 741 3017 tamen
772 2977 958 3016 omnibus
988 2974 1183 3014 nonnulla
1216 2978 1333 3019 sunt,
1365 2981 1468 3021 quae
1499 2967 1671 3020 probare
