1811 3388
399 162 820 216 AENEIDOS
867 164 1010 213 LIB.
1049 165 1110 226 V,
1142 167 1433 216 599—611
1564 175 1663 224 803

150 293 293 339 Dum
324 289 473 337 variis
492 287 705 337 tumulo
728 286 972 337 referunt
994 288 1276 339 sollemnia
1294 289 1455 341 ludis:
1562 298 1662 346 605

150 360 277 408 Irim
301 358 368 406 de
394 356 545 406 coelo
571 358 715 406 misit
736 359 978 407 Saturnia
997 361 1135 408 Iuno

151 428 366 477 Iliacam
397 426 462 475 ad
494 425 736 487 classem,
775 437 1074 495 ventosque
1101 428 1330 494 adspirat
1351 430 1512 490 eunti,

148 496 314 547 Multa
335 512 574 557 movenS‚
593 497 828 546 necdum
851 499 1129 565 antiquum
1150 506 1375 547 saturata
1400 497 1662 550 dolorem.

148 566 264 625 Illa,
304 567 442 614 viam
471 566 707 614 celerans
729 584 828 632 per
847 567 995 617 mille
1022 568 1292 617 coloribus
1315 585 1512 629 arcum,

148 635 290 685 Nulli
316 636 442 698 visa,
483 636 585 684 cito
614 636 847 686 decurrit
879 638 1089 687 tramite
1111 638 1274 700 virgo,
1559 644 1662 691 610

151 706 421 771 Conspicit
444 706 718 769 ingentem
743 723 1060 756 concursum
1079 749 1092 771 ,
1131 717 1185 757 et
1204 707 1359 757 litora
1382 706 1581 770 lustrat,

240 845 308 879 607
333 845 491 889 iaspis-at
526 857 578 890 pr.
613 846 736 879 Hamb.
771 859 792 879 a
825 858 870 879 m.
896 859 966 881 sec.
1001 853 1037 879 et
1073 850 1189 892 Sprot.
1226 848 1372 891 (ventos
1398 847 1512 890 Rom„
1547 860 1616 891 que
1640 860 1661 881 a

147 903 247 923 manu
271 893 402 924 recenti
435 892 603 925 additum.
636 894 730 936 IVr.)
812 895 880 928 608
905 905 1055 927 monens
1078 894 1248 927 Montalb.
1276 900 1312 926 et
1331 893 1386 926 ed.
1416 895 1493 926 Iunt
1509 919 1518 935 ,
1551 894 1658 927 solito

146 937 263 982 lapsu:
290 946 462 970 saturata
486 939 588 971 codd.
622 940 711 972 Pier.
738 947 772 972 et
796 952 937 972 suorum
962 953 1002 973 ac
1032 941 1192 974 Arusiani
1219 940 1338 973 Messii
1363 941 1571 974 auctoritate
1596 953 1660 974 so-

146 984 249 1028 nique
292 985 459 1017 suavitate
504 985 638 1030 recepit
684 987 802 1020 Heius.
875 987 991 1031 Vulgo
1035 996 1265 1020 exsaturata.
1311 987 1380 1030 (ita
1415 988 1524 1020 Palat.
1564 989 1658 1031 Wr.)

146 1033 214 1066 609
249 1029 437 1063 celebrans
467 1032 593 1064 Medic.
628 1039 662 1064 et
693 1033 839 1075 Zulich„
875 1040 960 1066 noto
995 1033 1202 1078 sphalmate.
1249 1034 1313 1077 (sic
1350 1033 1453 1066 etiam
1480 1036 1511 1069 1.
1536 1035 1590 1074 3.;
1623 1035 1660 1068 in

147 1077 275 1110 Medic.
301 1076 319 1109 b
346 1085 472 1121 puncto
499 1085 639 1118 notata3
665 1079 733 1113 vid.
760 1082 803 1113 V.
822 1081 861 1113 L.
881 1081 926 1113 ad
948 1081 1006 1121 1V,
1018 1081 1097 1115 641.
1129 1080 1225 1123 lVr.)
1256 1093 1327 1126 pro
1349 1080 1418 1112 Erl'.
1491 1082 1559 1116 610
1578 1089 1659 1115 orto

145 1136 209 1169 pro
236 1127 307 1156 cito
331 1127 449 1168 Sprot.
498 1126 532 1156 d.
553 1134 599 1158 tr.
620 1128 714 1159 Iuno
739 1128 808 1160 Erf.
835 1140 851 1159 a
874 1139 919 1159 m.
937 1139 988 1171 pr.
1084 1128 1150 1162 611
1178 1139 1386 1160 consessum
1411 1127 1539 1160 Medic.
1563 1140 1582 1160 a
1612 1140 1657 1161 m.

146 1183 198 1215 pr.
224 1171 351 1203 Moret.
379 1183 446 1203 sec.
472 1172 692 1210 (consessum
712 1181 764 1206 est
788 1174 885 1217 prior
908 1173 1013 1206 lectio
1041 1174 1209 1213 Medicei3
1247 1173 1383 1216 syllaba
1408 1186 1475 1206 cur
1508 1174 1550 1207 ab
1577 1174 1657 1216 alia,

145 1229 213 1249 non
240 1217 347 1262 ipsius
372 1218 529 1258 librarii,
575 1231 676 1251 manu
702 1220 950 1264 superscripta.
993 1221 1088 1263 lVr.)
1148 1233 1294 1253 cursum
1317 1221 1440 1253 Franc.
1476 1227 1511 1253 et
1539 1223 1657 1265 Sprot.

146 1276 334 1296 occursum
358 1264 467 1297 Wall.
516 1265 597 1297 Mox
623 1266 740 1298 nescio
766 1279 808 1299 an
834 1267 955 1299 melius
980 1266 1078 1311 legas
1107 1275 1167 1306 ut;
1212 1278 1290 1299 nam
1323 1275 1359 1298 et
1384 1267 1495 1299 litora
1520 1267 1657 1300 lustrat

144 1310 233 1343 inter
258 1311 391 1355 reliqua
419 1310 569 1343 otiosum
595 1324 671 1344 esse
696 1313 841 1346 videtur.
892 1313 1003 1357 Igitur
1027 1313 1117 1346 coni.
1144 1314 1307 1346 decurrit
1331 1314 1453 1358 vt'rg03
1481 1315 1657 1359 conspicit

145 1359 220 1402 ing.
249 1370 475 1390 concursum.
513 1361 560 1390 Ut
586 1358 672 1401 (ubi)
699 1360 812 1393 litora
835 1360 992 1393 lustrat:
1017 1364 1260 1404 Deserto-sque
1286 1378 1328 1384 -—
1349 1360 1571 1404 classemque
1595 1373 1656 1393 re·—

145 1404 277 1436 Ιιέιαηι.
329 1405 422 1447 (Non
451 1415 549 1437 unam
577 1406 620 1437 ob
647 1418 783 1438 causam
808 1406 1038 1450 improbanda
1062 1406 1150 1439 haec
1176 1405 1394 1445 coniectura;
1432 1405 1462 1438 si
1488 1405 1656 1451 displice-

145 1450 227 1482 bant
251 1450 360 1489 haec,
386 1451 554 1484 lustrans
578 1451 798 1485 scribendum
823 1461 918 1495 erat5
957 1454 1019 1487 sed
1053 1465 1097 1486 ne
1121 1453 1190 1486 hoc
1216 1452 1356 1498 quidem
1379 1464 1542 1493 necesse3
1581 1453 1652 1486 vid.

145 1498 187 1537 Q.
214 1498 257 1530 v.
283 1498 471 1539 xxxnn,
496 1498 530 1532 3.
559 1499 656 1543 Wr.)

143 1602 448 1641 delectationem
485 1617 535 1642 ex
567 1618 702 1644 rerum
733 1607 868 1644 varie-

142 1667 246 1709 tate,
286 1661 399 1698 facile
426 1663 700 1712 unusquisque
727 1665 866 1702 obser-

141 1724 218 1756 vet.
252 1719 353 1756 conf.
379 1720 524 1771 Trapp.
546 1720 597 1757 ad
618 1720 657 1758 h.
678 1721 701 1759 l.

200 1775 283 1818 604
298 1800 349 1805 -
368 1779 462 1818 610.
505 1787 661 1815 mutata
682 1781 861 1827 novavit,

139 1847 213 1886 pro
232 1834 430 1883 mutavit,
454 1842 606 1873 ornate.
642 1836 775 1874 Manil.
800 1837 864 1885 IV,

141 1893 236 1933 580.
257 1892 417 1929 Scilicet
436 1894 477 1929 ιἠ,
497 1895 654 1942 piscem
680 1908 761 1930 sese
785 1895 865 1945 Cy-

140 1949 273 1986 thesea
293 1952 471 1986 novavit.
507 1950 711 1987 Fortunae
731 1958 864 1990 autem

136 2006 310 2056 persidia
337 2020 381 2043 ac
401 2007 511 2053 fides
537 2008 700 2059 proprio
730 2009 862 2058 aliquo

140 2063 260 2101 modo
289 2064 501 2110 tribuitur,
540 2072 735 2114 quatenus
764 2067 863 2103 fallit

140 2134 248 2171 spem
288 2121 350 2158 vel
401 2127 598 2159 sustentat
640 2124 865 2160 constantia

139 2185 208 2216 aut
231 2179 390 2215 levitate
419 2192 501 2216 sua.
562 2189 696 2216 ventos
723 2181 865 2230 adspi-

138 2245 200 2272 rat
232 2239 352 2282 eunti,
383 2237 583 2287 praeclare
605 2251 688 2288 pro,
721 2238 864 2274 volan-

137 2299 217 2330 tem
258 2293 430 2341 incitat,
494 2307 710 2344 properare
750 2295 863 2344 facit,

139 2350 246 2400 quod
279 2351 427 2402 optime
456 2351 502 2389 fit
533 2358 653 2389 vento
686 2353 860 2390 secundo

137 2408 208 2445 alis
226 2408 409 2446 immisso.
442 2409 503 2446 Ad
524 2409 765 2447 Mercurium
788 2410 858 2447 lu-

136 2466 239 2517 piter
266 2480 352 2517 sup.
385 2466 457 2513 IV,
497 2470 579 2507 <223
612 2468 730 2504 Vade
760 2482 854 2517 age,

135 2532 249 2570 nale,
304 2538 404 2560 voca
433 2525 636 2574 Zephyros
666 2533 702 2561 et
729 2525 858 2562 labere

132 2583 290 2630 pennis.
355 2583 456 2619 Sunt
486 2588 618 2619 autem
649 2583 756 2619 modi
781 2597 858 2620 vo-

136 2638 259 2675 latum
278 2638 508 2676 declarandi
530 2640 628 2677 varii
641 2640 747 2690 apud
762 2653 858 2690 poe-

139 2700 207 2731 tas.
248 2696 367 2733 modo
391 2697 528 2746 serlur
547 2698 697 2748 aliquis
728 2706 853 2744 vento,

135 2757 181 2788 ut
200 2757 239 2787 et
257 2753 365 2802 apud
388 2753 548 2791 Homer.
574 2754 710 2794 πέτετο
738 2771 857 2794 πνοι-

133 2803 206 2862 ῇσ’
242 2805 417 2860 αὐὲμοιο.
460 2811 580 2848 modo
623 2812 733 2849 volat
773 2809 856 2863 ἅμα

134 2862 302 2920 πνοιῇσ’
324 2862 487 2918 ἀνέμοιο
512 2867 619 2920 apud
635 2868 856 2907 Homerum

926 1611 964 1643 et
995 1605 1237 1654 Hesiodum,
1295 1605 1404 1656 quod
1447 1604 1654 1643 redditum

925 1669 1012 1701 erat
1033 1677 1153 1715 supra
1178 1663 1243 1711 IV,
1276 1663 1377 1705 241:
1407 1662 1654 1701 Mercurium

924 1721 1065 1758 talaria
1083 1720 1291 1758 sublimem
1313 1720 1404 1770 alis,
1435 1720 1664 1770 volantem,

923 1779 1068 1829 rapido
1083 1781 1239 1829 pariter
1258 1792 1350 1814 cum
1361 1779 1539 1828 flamine
1551 1792 1653 1829 por-

923 1844 1010 1873 tant
1032 1849 1101 1873 seu
1120 1842 1166 1874 ut
1200 1840 1340 1885 aequet
1361 1841 1526 1873 ventum
1540 1865 1550 1885 ,
1582 1848 1653 1873 seu

922 1900 970 1931 ut
1002 1894 1112 1931 volet
1141 1907 1221 1931 una
1257 1906 1347 1930 cum
1379 1899 1522 1941 vento,
1558 1907 1652 1931 nam

922 1957 969 1989 ut
987 1951 1060 1988 sit:
1089 1951 1199 1989 volat
1219 1956 1301 1988 tam
1323 1950 1503 1988 celeriter
1531 1964 1651 2000 quam

921 2014 1088 2055 ventus,
1119 2021 1209 2056 seu,
1241 2013 1288 2045 ut
1307 2007 1508 2055 reddunt,
1540 2008 1651 2045 simi-

921 2065 1011 2102 liter
1043 2079 1088 2101 ac
1123 2071 1289 2112 ventus,
1330 2070 1529 2116 repugnat
1559 2065 1649 2103 usui

923 2121 1115 2172 loquendi
1132 2125 1205 2162 τοῦ
1228 2118 1310 2173 ἅμα
1338 2128 1377 2160 et
1398 2125 1473 2162 τοῦ
1491 2124 1650 2172 pariter

922 2194 1028 2217 cum.
1070 2179 1167 2217 Mox
1194 2180 1299 2217 illius
1329 2179 1488 2217 volatus
1511 2179 1646 2216 decla-

921 2237 1112 2275 rabatur:
1151 2240 1240 2286 agit
1273 2245 1409 2273 ventos
1439 2246 1474 2274 et
1503 2236 1646 2274 nubila

921 2303 1070 2341 tranat,
1104 2294 1224 2332 findit
1256 2306 1409 2342 aerem,
1442 2308 1520 2345 qua
1551 2307 1645 2345 per-

921 2352 1053 2399 volat,
1085 2358 1125 2388 et
1148 2353 1246 2401 agit,
1278 2357 1436 2397 movet,
1469 2357 1560 2389 ante
1589 2365 1640 2389 se.

917 2411 1047 2447 mulla
1067 2422 1255 2447 movens:
1286 2409 1448 2460 sup.H[,
1468 2410 1521 2450 34
1534 2411 1643 2446 mal-

917 2475 959 2504 ta
981 2481 1142 2504 mowers
1164 2469 1315 2513 animo,
1337 2467 1523 2515 volvens3
1554 2480 1642 2504 ma-

916 2523 1089 2561 chinata.
1122 2525 1173 2572 X,
1207 2526 1291 2564 890
1315 2526 1457 2562 Jlulta
1483 2539 1642 2561 movens

920 2585 1057 2619 animo
1104 2584 1190 2619 tam
1239 2582 1401 2618 tandem
1451 2584 1637 2632 erumpit.

917 2640 1042 2677 Porro
1081 2640 1250 2676 nec-<lum
1282 2641 1495 2690 antiquum
1527 2647 1640 2676 salu—

914 2705 1005 2734 rata
1026 2697 1213 2733 dolorem.
1276 2696 1403 2733 Erant
1422 2710 1507 2748 sup.
1530 2696 1558 2743 l,
1586 2696 1640 2736 25

915 2768 972 2805 sq.
993 2754 1198 2805 expositae
1215 2766 1395 2802 caussae,
1425 2759 1463 2790 et
1493 2752 1587 2790 hinc
1610 2752 1638 2799 l,

915 2812 942 2854 4
960 2826 1170 2849 memorem
1191 2813 1359 2849 lunonis
1378 2811 1424 2847 ol)
1436 2813 1539 2847 iram
1553 2814 1639 2846 erat

915 2869 1082 2907 dictum.
1141 2869 1290 2907 lterum
1319 2867 1386 2907 ins.
1407 2870 1483 2908 781
1509 2868 1636 2905 luno-

1245 2934 1361 2979 51*
