1827 3436
418 251 831 300 AENEIDos
871 255 1010 304 Llss.
1050 258 1115 320 Π,
1149 263 1442 317 424-—438

1585 279 1684 326 329

173 375 422 424 Vitavisse
449 375 588 424 vices
612 379 878 439 Danaum3
919 390 997 444 et,
1031 383 1071 431 si
1096 381 1199 433 sata
1222 384 1460 452 fuissent,

172 444 241 492 Ut
262 442 507 492 caderem
524 485 536 507 ,
572 447 831 497 meruisse
860 467 1038 502 manu.

169 511 373 577 Iphitus
398 522 448 561 et
473 515 640 564 Pelias
666 534 906 580 mecum3

1110 454 1427 507 Divellimur
1452 461 1599 514 inde:

940 537 1174 586 quorum
1198 525 1403 591 Iphitus
1430 547 1560 581 aevo
1584 538 1684 587 435

169 583 280 629 Iam
300 583 530 647 gravior,
567 586 734 635 Pelias
759 597 810 636 et
832 589 1057 640 volnere
1083 593 1264 643 tardus
1287 596 1446 658 Ulixi3

170 652 416 700 Protinus
443 653 509 702 ad
532 655 686 704 sedes
708 658 902 708 Priami
924 660 1156 712 clamore
1181 667 1366 718 vocati.

238 722 333 771 Hic
354 739 482 771 vero
504 724 779 789 ingentem
802 745 1038 794 pugnam
1053 773 1064 795 ‚
1104 750 1202 784 ceu
1223 745 1395 787 cetera
1418 754 1681 807 nusquam

259 848 329 885 433
354 863 485 884 manus
502 864 566 897 pro
586 856 684 888 vice-s·
700 868 753 900 pr.
774 857 899 891 Hamb.

168 904 250 928 sent
270 897 382 940 Bigot.
404 905 439 930 et
455 899 587 933 Zulich.
610 913 676 945 pro
706 915 776 936 var.
807 904 909 946 leon,
945 908 1040 950 quod
1071 921 1189 942 verum
1221 918 1321 955 putat
1347 914 1483 957 Burm.,

167 943 311 987 proprie
333 944 383 977 ita
402 945 471 977 dici
492 946 594 980 solet.
643 950 696 981 Ita
716 962 800 984 vero
824 951 908 996 quid
934 953 1041 987 facias
1070 968 1146 1000 sup.
1182 970 1212 990 v.
1244 958 1289 992 54
1325 959 1465 1004 sifata
1492 963 1516 995 d

741 997 811 1032 434
836 1011 915 1031 mea

908 1059 942 1091 p.
965 1049 1042 1083 134.
1074 1052 1167 1093 Wr.)

166 1002 266 1022 mens
283 1003 357 1023 non
376 992 484 1025 laeva
495 993 646 1037 ficisset.

165 1042 249 1079 post
275 1038 361 1070 inde
377 1039 449 1071 Em.
472 1040 621 1073 Cruceus
641 1042 676 1075 in
699 1044 882 1078 Antidiatr.

166 1091 245 1123 tus,
276 1084 453 1129 Eplzitch,
489 1089 697 1132 Ilyplzitas,
734 1092 903 1137 Iplzicus,

951 860 984 892 si
999 859 1091 906 fata
1114 863 1301 897 dedissent
1329 865 1429 900 Leid.
1457 874 1540 903 tert.
1571 871 1682 904 tulis—

1519 918 1683 961 quoniam

1518 977 1618 1005 eam,
1652 978 1681 999 Sc

947 1013 1012 1044 pro
1048 1015 1159 1035 mana
1193 1007 1310 1049 Sprot.
1345 1008 1429 1051 (non
1466 1008 1681 1055 interpungit

1262 1052 1331 1087 435
1365 1055 1537 1099 Ypltitus,
1563 1059 1630 1104 Iplz
1660 1078 1681 1083 -

948 1093 983 1126 in
1014 1095 1102 1128 libb.
1197 1097 1266 1132 436
1299 1100 1406 1133 Pelia
1430 1110 1465 1134 et
1496 1115 1529 1135 ν.
1558 1105 1679 1138 Barth.

166 1129 275 1162 codex
304 1131 347 1163 ad
378 1134 467 1164 Stat.
497 1134 549 1165 XI
578 1135 692 1169 Theb.
718 1138 798 1172 310.
849 1147 884 1171 ec
919 1140 1020 1173 abest
1048 1143 1152 1176 etiam
1180 1156 1198 1177 a
1228 1146 1409 1187 Parrhas.;
1445 1150 1560 1184 Burm.
1589 1152 1679 1185 coni.

166 1176 290 1208 Pelias
311 1190 354 1210 ex
376 1179 528 1212 vulnere
550 1189 575 1213 t.
604 1184 645 1215 U.
680 1184 781 1217 Ulixi
800 1185 920 1218 Heius.
939 1199 957 1219 e
979 1188 1078 1221 libris
1102 1189 1319 1234 potioribus,
1347 1200 1384 1225 ut
1412 1201 1446 1226 et
1479 1208 1679 1241 expressum

164 1234 221 1264 ap.
251 1224 342 1256 Gell.
373 1226 436 1263 IX,
466 1228 519 1260 12.
569 1229 672 1272 vulgo
709 1231 843 1274 Ulyssi.
879 1233 940 1265 alii
977 1236 1115 1276 Ulixis,
1153 1238 1284 1271 Ulixei.
1321 1252 1350 1272 v.
1381 1242 1498 1275 Heius.
1549 1246 1678 1278 Versus

163 1268 234 1303 435
261 1278 293 1302 et
318 1270 387 1306 436
421 1273 566 1311 Quintil.
594 1276 678 1308 Inst.
710 1279 783 1317 IX,
804 1280 847 1319 3,
883 1280 929 1315 35
970 1281 1110 1324 laudat,
1143 1290 1181 1315 ut
1217 1286 1408 1329 exemplum
1436 1291 1676 1332 regressioni&

163 1315 232 1350 437
259 1320 384 1350 vocari
404 1319 522 1352 Heius.
553 1322 785 1365 conficiebat,
820 1332 858 1357 ut
883 1326 928 1358 sit
959 1340 1024 1372 pro
1054 1341 1228 1363 vocamur.

1285 1334 1402 1378 Interp
1408 1337 1559 1378 ungebat
1588 1339 1676 1372 adeo

164 1362 268 1406 plene
288 1371 370 1407 post
398 1365 507 1398 Ulia-J.
558 1369 798 1412 Heumanmm,
824 1373 999 1416 probante
1029 1376 1221 1410 Burmanno
1255 1379 1509 1424 distinguebat:
1545 1386 1675 1418 Divel—

164 1409 273 1441 limur
291 1411 393 1451 inde,
430 1413 460 1444 Ῑ.
481 1422 516 1445 et
536 1416 578 1446 P.
608 1429 741 1449 mecam
762 1419 928 1462 (qaorum
943 1440 984 1445 —
1003 1422 1143 1467 Ulyssi)
1177 1427 1355 1459 Protinus
1379 1428 1427 1460 ad
1449 1431 1555 1464 sedes
1584 1434 1626 1465 P.
1647 1446 1674 1466 c.

163 1457 294 1488 vocati.

351 1458 467 1491 Possit
495 1463 670 1495 sententia
706 1476 813 1508 usque
844 1466 889 1497 ad
922 1470 1110 1502 Cernimus
1138 1471 1349 1515 continuari,
1387 1481 1425 1506 ut
1458 1476 1520 1509 sit:
1566 1479 1674 1521 Ulixi,

164 1503 388 1535 Protinus—
409 1508 545 1548 vocati,
580 1510 651 1541 Hic
670 1523 818 1543 vero—
839 1515 1037 1548 Cernimus.
1085 1517 1154 1549 Sed
1187 1525 1312 1551 neutro
1346 1531 1444 1565 opus.
1494 1525 1674 1568 Iungenda

163 1556 259 1581 sunt:
286 1550 494 1584 divellinmr
511 1555 615 1594 incle3
642 1558 788 1601 Iphitus
811 1567 847 1590 et
867 1561 920 1592 Pe

162 1595 320 1628 clamore
340 1600 462 1631 vocati
476 1603 650 1644 protinus
665 1629 673 1643 ,
699 1603 768 1636 alio
789 1604 870 1637 hinc
885 1632 893 1647 ‚

923 1561 993 1593 lias
1010 1574 1144 1596 mecum
1166 1564 1228 1608 (sc.
1248 1565 1459 1600 divelluntur
1477 1582 1496 1602 a
1520 1572 1674 1615 ceteris),

929 1608 978 1639 acl
999 1609 1105 1641 sedes
1132 1612 1281 1645 Priami.
1331 1614 1419 1646 Dum
1445 1616 1504 1649 alii
1535 1618 1672 1653 discur—

160 1648 261 1683 runt,
287 1642 324 1674 hi
347 1650 418 1676 tres
440 1646 484 1679 ad
502 1659 615 1680 arcem
633 1658 792 1695 pergunt.
819 1652 903 1696 (vid.
927 1655 970 1688 V.
989 1655 1029 1689 L.
1050 1656 1093 1688 ad
1110 1658 1191 1700 XII,
1212 1659 1292 1694 612.
1324 1661 1417 1705 Ilfr.)

159 1761 221 1785 res
240 1762 399 1789 versum
419 1752 594 1792 ducunt:
614 1761 720 1795 tum:
741 1765 781 1796 et
800 1773 884 1808 VOS,

160 1821 181 1842 ο
204 1810 302 1855 mei,
339 1810 483 1859 quibus
515 1812 744 1852 incendium
774 1817 884 1855 urbis

156 1877 231 1915 pro
251 1878 346 1916 rogo
369 1868 456 1905 suit.
495 1871 537 1906 in
565 1885 710 1910 occasu
740 1884 879 1923 restro,

157 1935 243 1973 sup.
268 1923 294 1971 Ι,
317 1927 400 1965 238
431 1940 616 1965 oceasum
644 1932 785 1968 Troiae
808 1935 882 1970 ἰνί-

156 1981 301 2031 είιᾷςιμιυ
318 1985 470 2020 minas.
534 1986 605 2023 Est
633 1993 767 2026 tamen
792 1990 881 2028 usui

156 2037 277 2087 magis
298 2047 608 2080 consentaneum
624 2074 634 2092 ‚
656 2047 882 2095 flammam

157 2102 371 2134 extremam
391 2112 565 2138 meorum
585 2101 633 2139 de
644 2117 740 2154 rogo
759 2111 798 2142 et
816 2107 881 2143 su-

156 2164 269 2200 nere,
302 2167 371 2192 seu
397 2164 546 2207 morte,
588 2161 787 2212 accipere;
826 2170 883 2200 est

156 2222 314 2259 quoque
334 2213 532 2263 sollenne,
563 2218 692 2255 iurare
714 2226 752 2257 et
774 2220 882 2258 ohte-

156 2269 338 2318 slarc'per
354 2272 500 2308 eineres
514 2303 524 2320 ,
548 2289 690 2324 rogum
706 2307 716 2324 ‚
740 2279 878 2327 flam—

155 2338 288 2374 mam,
322 2330 631 2369 carissimorum.
691 2334 880 2374 Testatur

154 2381 275 2432 igitur
315 2385 436 2423 sunus
472 2390 624 2438 patriae
662 2397 701 2428 et
738 2394 879 2431 funera

154 2453 331 2480 suorum.
397 2445 588 2495 Argutius
623 2449 727 2487 enim
759 2464 879 2501 quain

154 2510 226 2548 par
255 2506 314 2537 est
348 2500 472 2551 foret,
513 2504 694 2556 iungere:
731 2510 878 2546 cineres

155 2562 191 2591 et
224 2557 407 2605 flamma
449 2575 623 2600 meorum
639 2594 648 2612 ,
699 2565 878 2616 epitheto

156 2611 310 2652 adiecto
322 2617 457 2665 Iliaci,
482 2620 573 2669 quia
585 2622 746 2660 Troiani
765 2631 880 2662 erant

155 2675 223 2705 aut
235 2684 324 2709 cum
335 2674 451 2711 Troia
463 2678 745 2719 occubuerant.
777 2685 882 2720 vices

155 2725 357 2779 fortunae,
385 2746 517 2783 casus,
550 2742 588 2773 et
611 2738 771 2787 quidem
793 2739 832 2777 h.
852 2740 877 2779 l.

155 2796 323 2833 pugnae:
357 2802 474 2839 quae,
507 2800 553 2831 ut
577 2795 764 2845 vidimus,
786 2812 876 2835 1110-

156 2838 206 2876 do
229 2845 420 2896 secunda,
452 2851 571 2889 modo
593 2853 758 2891 adversa
785 2856 875 2892 fue-

154 2902 227 2935 rat.
271 2900 391 2940 Recte
411 2905 507 2944 adeo
528 2910 690 2948 Servius
713 2913 873 2951 omnino

154 2967 224 3004 per
238 2970 402 3007 pugnas
421 2961 719 3017 interpretatur.
750 2984 873 3008 manu

943 1765 1130 1801 meruisse
1151 1778 1282 1817 pugna
1295 1797 1305 1816 ‚
1339 1768 1512 1818 virtute,
1531 1777 1672 1823 strage,

943 1833 1063 1870 quam
1092 1822 1199 1860 inter
1226 1824 1361 1863 hostes
1399 1827 1552 1867 edebat.
1612 1831 1671 1868 Ita

942 1879 1054 1917 Serv.
1084 1880 1131 1917 iel
1163 1890 1219 1918 est
1236 1882 1400 1933 fhrliler
1431 1886 1669 1926 dimicasse:

940 1935 986 1972 ln·
1007 1938 1113 1973 enim
1137 1949 1334 1977 merentur
1360 1944 1502 1980 occidi.
1567 1945 1670 1983 Cen—

940 1994 1014 2030 ties
1057 2001 1190 2034 autem
1231 2012 1377 2036 manus
1400 2014 1475 2052 pro
1505 2016 1666 2053 pugna.

941 2051 1134 2103 Pompon.
1158 2058 1405 2105 „meruisse‚
1445 2058 1670 2111 dimicasse,
1710 2061 1714 2064 ’

940 2108 1047 2146 idem
1078 2117 1138 2148 est
1167 2125 1340 2162 merere,
1375 2129 1573 2166 pugnare,
1606 2118 1670 2156 di-

939 2167 1126 2206 niicare.“
1186 2170 1375 2222 Respexit
1402 2174 1481 2211 scil.
1516 2176 1670 2228 stipen-

942 2224 1018 2262 dia.
1078 2226 1250 2265 Iunxere
1275 2229 1340 2265 alii
1372 2244 1497 2268 maizu
1525 2242 1568 2270 uc
1595 2249 1668 2272 ca-

940 2282 1085 2320 alerem.
1159 2284 1218 2322 Ita
1265 2286 1341 2323 erit
1380 2287 1667 2342 interpungen—

940 2339 1058 2378 dum:
1097 2341 1287 2381 vitavisse
1324 2345 1449 2396 vices;
1488 2348 1668 2388 Danaum

938 2403 998 2445 et,
1041 2421 1099 2426 —
1134 2408 1177 2436 ut
1204 2402 1409 2452 caderem,
1462 2410 1664 2456 meruisse,

937 2469 1076 2492 manu.
1102 2478 1158 2485 —
1179 2460 1215 2494 si
1232 2459 1391 2511 salas.
1424 2463 1470 2500 cs.
1493 2477 1577 2516 sup.
1602 2464 1666 2507 54.

937 2510 1033 2555 436.
1062 2514 1160 2552 Gell.
1191 2516 1258 2565 IX,
1293 2520 1343 2557 12
1371 2518 1532 2559 laudato
1562 2523 1666 2561 loco:

939 2585 1061 2621 quum
1081 2572 1224 2610 (liceret
1248 2575 1394 2613 vulnus
1410 2608 1418 2624 ,
1459 2593 1535 2616 non
1562 2581 1669 2632 quod

938 2631 1156 2678 accepisset
1185 2632 1332 2682 Ulyxe-s·
1349 2663 1358 2681 ,
1384 2636 1455 2671 secl
1473 2640 1583 2687 (laod
1597 2640 1666 2675 ‹le-

938 2684 1069 2726 disses.
1131 2689 1234 2726 Sunt
1259 2697 1392 2729 autem
1418 2692 1483 2731 hic
1508 2696 1666 2745 Iphitus

938 2748 979 2780 et
1008 2746 1152 2782 Pelias
1183 2747 1331 2785 diversi
1375 2750 1422 2787 ab
1456 2751 1522 2801 iis,
1564 2767 1662 2803 quos

935 2799 1135 2840 Homerus
1155 2812 1358 2843 nlen'lorsst.
1404 2808 1512 2860 Iung.
1543 2811 1661 2860 lplcc'-

936 2866 998 2895 las
1018 2867 1053 2896 et
1078 2862 1222 2899 Pelias
1243 2865 1386 2901 moazi.

993 2915 1075 2958 438
1089 2918 1244 2961 -558,
1276 2922 1466 2971 Sequitur
1484 2924 1661 2961 narratio

935 2973 982 3010 de
1019 2988 1150 3025 pugna
1191 2977 1232 3014 in
1270 2979 1457 3029 Pergamo
1489 2982 1660 3032 acropoli
