1811 3388
381 212 801 263 AENEIDOS
850 213 992 264 LIB.
1032 217 1117 279 Vl,
1151 219 1443 274 724—733
1560 233 1658 278 965

141 336 276 387 Inde
308 336 594 386 hominum
636 338 1020 406 pecudumque
1054 356 1247 407 genus,
1287 346 1529 413 vitaeque
1563 367 1655 399 vo-

927 409 1147 474 lantum,

138 477 205 525 Et
252 490 388 540 quae
442 491 752 526 marmoreo
807 477 913 528 fert
962 490 1204 531 monstra
1263 483 1359 532 sub
1425 501 1656 551 aequore

923 559 1136 614 pontus,

136 614 330 676 Igneus
358 622 434 662 est
455 613 571 662 ollis
590 615 740 679 vigor
767 625 820 665 et
845 618 1089 669 coelestis
1115 621 1265 685 origo
1556 630 1656 676 730

139 683 470 747 Seminibus,
505 694 765 750 quantum
784 703 896 736 non
920 690 1074 739 noxia
1101 707 1328 756 corpora
1348 691 1571 755 tardant,

138 754 475 819 Terrenique
498 753 756 804 hebetant
775 766 930 821 artus,
948 760 1381 826 moribundaque
1398 762 1656 814 membra.

134 822 271 871 Hinc
304 832 582 887 metuunt,
631 826 985 895 cupiuntque3
1030 829 1243 894 dolent,
1286 830 1654 898 gaude·nt.que;

918 914 1099 966 neque
1122 917 1270 949 auras

229 1010 296 1044 728
330 1010 429 1043 Hinc
464 1022 521 1054 ap.
564 1013 660 1045 Serv.
697 1012 741 1045 ad
778 1015 823 1056 V,
858 1016 940 1051 517.
988 1017 1179 1051 volucrum
1207 1016 1317 1051 Goth.
1347 1029 1417 1050 sec.
1448 1029 1524 1050 cum
1554 1019 1654 1052 Rom.

134 1056 201 1098 (—
216 1058 296 1092 729.
323 1069 485 1100 aequora
505 1058 634 1092 Medic.
652 1071 671 1092 a
690 1072 735 1093 m.
756 1072 810 1104 pr.
840 1064 939 1106 IVr.)

860 1109 937 1142 illis
953 1109 1022 1143 duo
1044 1110 1138 1154 apud
1166 1112 1348 1143 Burmann.
1375 1123 1450 1143 cum
1477 1111 1532 1144 ed.
1563 1112 1654 1146 Ven.

624 1153 690 1187 731
718 1167 873 1199 corpora
901 1158 1014 1189 noxia
1040 1157 1181 1201 plurimi
1209 1158 1392 1190 Burmann.
1431 1158 1507 1200 (sed
1541 1160 1653 1191 noxia

134 1103 284 1146 Medic.‚
310 1103 373 1136 sed
395 1105 632 1150 superscripta
649 1118 677 1138 S.
712 1108 810 1151 Wr.)

132 1162 162 1183 c.
182 1152 304 1196 imago
327 1151 436 1183 Goth.
459 1163 527 1184 sec.

1035 1065 1105 1099 730
1135 1064 1199 1098 olli
1217 1063 1271 1097 ed.
1291 1063 1492 1096 commelin.
1527 1066 1578 1109 (et
1605 1065 1654 1098 ita

132 1209 289 1240 corpora
310 1197 451 1230 invenio
473 1198 508 1230 in
530 1199 671 1241 Medic.‚
705 1200 828 1244 fragm.
852 1203 931 1235 Vat.
949 1229 957 1244 ,
983 1210 1132 1248 utroque
1152 1204 1264 1249 Lips.;
1299 1216 1404 1248 quare
1432 1216 1472 1236 ea
1500 1216 1570 1236 non
1599 1211 1653 1237 est

132 1243 285 1277 solarum
310 1244 512 1277 Editionum
532 1245 660 1287 lectio,
686 1248 779 1291 quod
806 1249 943 1293 opinari
968 1250 1106 1283 videtur
1132 1251 1227 1284 Cort.
1257 1251 1300 1283 ad
1327 1252 1457 1285 Lucan.
1483 1252 1543 1291 IV,
1571 1251 1651 1287 346.

136 1291 232 1334 lVr.)
275 1292 426 1324 tardent
447 1304 504 1335 qu.
526 1293 654 1326 Moret.

749 1295 818 1330 732
847 1297 1096 1341 Ter-rhenique
1113 1298 1236 1342 fragm.
1260 1298 1374 1331 vatic.

1469 1299 1538 1332 733
1557 1299 1653 1330 Hinc

130 1351 176 1372 m.
204 1339 357 1383 cupiunt
373 1339 611 1384 gaudentque
630 1340 826 1386 dolentque
848 1343 1001 1376 Macrob.
1029 1343 1066 1376 in
1095 1347 1153 1378 So.
1181 1347 1234 1378 Sc.
1266 1345 1286 1378 8
1318 1352 1351 1377 et
1384 1357 1452 1377 sec.
1480 1345 1650 1377 Rotteud.

131 1397 249 1429 neque
269 1385 388 1417 Heius.
412 1397 429 1417 e
450 1386 552 1419 codd.
603 1386 717 1430 Vulgo
741 1400 825 1430 nee,

851 1390 944 1434 quod
966 1397 1084 1423 tamen
1107 1393 1207 1424 Rom.
1227 1398 1356 1424 tuetur.
1405 1404 1521 1436 neque
1539 1392 1651 1424 miras

129 1431 257 1465 Medic.
275 1444 294 1465 a
317 1444 360 1465 m.
381 1444 434 1477 pr.
460 1434 658 1477 (praeterea
679 1436 749 1467 Hic
770 1436 898 1470 Medic.
912 1463 921 1480 ‚
947 1437 1009 1470 sed
1030 1438 1269 1483 superscripta
1287 1451 1321 1472 n.
1352 1439 1448 1481 Wr.)

128 1539 240 1578 ribus
262 1539 461 1588 subiecta,
491 1546 537 1578 ut
561 1554 633 1592 per
656 1541 860 1592 quandam

128 1610 386 1648 epexegeseos
419 1599 583 1650 speciem
624 1599 736 1636 Luna
769 1613 860 1638 cum

127 1655 217 1693 Sole
238 1655 492 1708 intelligenda
514 1656 712 1696 videatur.
740 1656 858 1710 lVr.)

127 1716 224 1754 727.
256 1727 407 1763 magno
444 1728 483 1750 se
523 1728 684 1764 corpore
723 1717 860 1753 misc-et

127 1771 279 1808 dictum
322 1771 479 1808 doctius
538 1785 658 1822 quam
700 1773 858 1823 corpori

125 1829 338 1877 miscetur,
389 1829 564 1866 inditur:
611 1843 684 1881 per
724 1836 858 1869 totum

125 1886 324 1925 mundun]
343 1885 470 1925 didita
488 1893 546 1925 est
559 1887 690 1925 anima
701 1888 855 1926 mundi.

183 2003 266 2043 728
301 2014 356 2051 sq.
404 2001 498 2039 [nde
528 2015 578 2039 ex
617 2002 694 2040 hac
722 2003 857 2041 Mente

124 2058 266 2096 Mundi
301 2060 456 2108 omnia,
493 2059 695 2108 homines,
726 2074 854 2111 pecu—

125 2116 212 2165 des,
246 2116 380 2166 alites,
413 2118 622 2167 aquatilia,
655 2127 766 2166 sunt,
812 2118 853 2156 h.

124 2187 155 2213 e.
206 2174 376 2212 animan]
427 2182 466 2212 ct
515 2175 641 2212 vitain
691 2174 852 2214 liabent.

125 2233 230 2270 conf.
259 2233 328 2269 Ge.
366 2232 430 2281 IV,
471 2235 554 2275 218
577 2255 628 2261 —
650 2236 733 2274 226
770 2235 854 2270 His

123 2291 292 2342 quidam
310 2292 440 2340 signis
463 2296 536 2327 etc.
569 2292 706 2327 Deum
731 2305 852 2327 nam-

122 2362 196 2399 que
237 2349 291 2384 ire
323 2362 399 2397 per
449 2361 582 2384 omne-s·
636 2349 852 2399 Terrasqne

121 2413 346 2456 [racia-sque
364 2407 487 2441 maris
503 2405 736 2456 caelumque
751 2420 851 2455 pro-

113 2462 318 2513 simdnm,
362 2464 534 2498 Ilinc—
556 2464 760 2513 Quemque
791 2465 849 2499 si—

120 2519 162 2556 bi
210 2527 343 2556 lenae-9
388 2527 614 2556 nascentem
655 2534 849 2557 arcessere

120 2579 239 2615 ritas.
302 2577 440 2614 Novus
489 2589 584 2614 usus
632 2577 740 2614 vocis
789 2583 847 2615 est

119 2649 269 2685 aequor
288 2649 553 2671 marmoreum
566 2664 575 2682 ⁷
613 2634 846 2686 resplende-

119 2705 230 2729 scens
263 2706 283 2728 a
323 2692 403 2729 sole
441 2704 489 2729 ex
518 2692 730 2730 Homerico
769 2689 846 2732 ἅλα

119 2747 352 2802 μαρμαρέην
384 2749 495 2787 Iliad.
517 2751 550 2798 ξ,
575 2752 669 2791 273.
730 2750 844 2787 Unde

117 2812 156 2843 et
193 2820 370 2844 marmor
407 2821 481 2858 pro
516 2806 615 2844 mari
643 2813 691 2846 ut
717 2808 785 2845 Ge.
814 2808 844 2857 I,

115 2863 211 2905 254.
271 2863 422 2901 Verum
469 2864 509 2901 in
546 2863 624 2901 hoc
662 2865 845 2917 praeive-

113 2927 206 2958 rant
235 2920 313 2958 iam
336 2921 492 2959 Lucret.
513 2927 553 2959 et
570 2922 716 2962 catull.
733 2938 844 2961 mar-

919 1557 1094 1582 moream
1115 1547 1305 1582 cervicem
1328 1545 1487 1583 dixerat
1499 1546 1566 1583 Ge.
1583 1545 1648 1593 IV,

919 1603 1001 1644 523
1024 1603 1092 1640 ubi
1116 1617 1154 1641 v.
1178 1610 1326 1641 notam.

976 1662 1058 1701 730
1082 1683 1133 1688 -
1157 1660 1252 1703 734.
1285 1661 1376 1698 Illis
1413 1659 1643 1707 scmz'nibus,

918 1715 958 1754 h.
1006 1729 1037 1755 e.
1083 1716 1145 1755 his
1181 1718 1387 1755 animabus
1427 1731 1476 1754 ex
1518 1718 1646 1754 anima

918 1774 1081 1824 mundi,
1113 1781 1318 1825 tamquam
1346 1788 1395 1812 ex
1429 1775 1506 1825 igni
1542 1775 1647 1811 scin-

916 1831 1047 1881 tinae,
1086 1832 1247 1884 petitis,
1291 1833 1394 1870 etin
1426 1832 1646 1870 humanum

917 1903 1063 1941 corpus
1083 1890 1302 1939 traductis7
1333 1890 1436 1927 inest
1458 1890 1567 1940 ignea
1586 1889 1645 1928 vis

917 1945 1062 1999 (qualis
1082 1947 1254 1985 aetheris
1280 1948 1355 2000 est)
1389 1954 1427 1984 et
1460 1947 1644 1984 aetherea

915 2010 1073 2044 natura.
1155 2005 1285 2043 Verba
1338 2005 1455 2042 etiam
1512 2005 1643 2042 Stoica

914 2061 1120 2112 disciplina
1138 2063 1402 2113 frequentata.
1445 2062 1542 2098 Nam
1567 2063 1642 2098 Ze—

912 2119 1008 2156 noni
1032 2122 1146 2167 Νοῦς
1178 2117 1334 2171 κόσμου
1365 2117 1560 2171 πυρινός,
1601 2126 1641 2158 et

911 2176 1123 2214 Posidonio
1174 2180 1335 2229 πνεῦμα
1382 2174 1527 2228 νοερόν
1572 2177 1641 2216 καὶ

911 2234 1099 2286 πυρῶδες
1119 2266 1129 2283 ,
1184 2235 1294 2272 cuius
1346 2235 1539 2271 scintillae
1600 2241 1641 2272 et

912 2287 1209 2344 οἷποσποῖσματα
1236 2306 1280 2328 ac
1310 2291 1515 2343 σπέρματα
1544 2298 1640 2329 sunt

912 2350 1075 2387 animae.
1147 2350 1223 2386 Res
1250 2350 1332 2400 ipsa
1372 2350 1448 2386 iam
1486 2349 1637 2400 Pytha-

909 2419 1122 2456 goreorum
1156 2407 1312 2457 placitis
1341 2407 1636 2445 continebatur.

909 2464 957 2501 cs.
986 2464 1179 2501 Bruckeri
1215 2466 1327 2501 liisl.
1362 2467 1448 2501 crit.
1477 2465 1631 2501 Philae.

908 2521 952 2558 Τ.
991 2521 1020 2570 1,
1060 2535 1097 2572 p.
1139 2522 1222 2562 948
1251 2536 1308 2571 sq.
1339 2521 1396 2573 (et
1429 2523 1496 2571 qui
1529 2536 1637 2560 nunc

904 2585 997 2630 post
1046 2579 1159 2617 illum
1211 2580 1482 2630 superioribus
1523 2580 1635 2617 annis

905 2636 1056 2674 maiore
1087 2636 1305 2674 subtilitate
1332 2637 1466 2674 eadem
1500 2650 1634 2687 perse-

905 2694 1019 2744 quuti
1057 2700 1170 2742 sunt,
1211 2694 1382 2732 Meiners
1413 2701 1452 2731 et
1489 2694 1631 2732 'siede-

903 2750 1056 2804 mann).
1116 2752 1292 2790 Ornatus
1340 2753 1454 2789 valde
1509 2752 1629 2789 locus

903 2812 1026 2846 noxia
1044 2824 1209 2859 corpora
1224 2840 1233 2857 ‚
1255 2810 1476 2861 praeclaro,
1499 2823 1625 2857 quan—

904 2866 1121 2917 doquidem
1156 2867 1237 2905 vim
1268 2867 1423 2904 divinae
1453 2867 1628 2902 [laminae

903 2924 1094 2962 obtundit
1111 2925 1311 2962 terrestris
1324 2929 1462 2960 natura
1482 2936 1623 2974 corpo-
