1811 3388
355 194 767 247 AENEIDOS
805 194 943 243 LIB.
980 196 1068 256 Vl,
1116 200 1407 249 744—745

123 327 310 372 Donec
331 321 489 386 longa
516 320 654 384 dies,
693 317 936 385 perfecto
960 320 1219 384 temporis
1240 321 1386 385 orbe,

126 432 304 478 ditione,
344 442 422 479 qua
455 434 549 465 sunt
579 428 736 477 Manes,
789 427 863 464 etsi

127 489 182 526 sic
218 486 418 526 Ausonius
456 484 717 537 (quamquam
764 483 863 524 mihi

127 559 210 584 non
233 544 327 582 satis
342 543 597 596 exploratum
618 543 713 597 hoc)
733 542 863 582 videri

129 608 261 656 potest
280 608 319 640 et
345 602 428 654 ipse
446 601 737 653 interpretatus
767 614 862 647 esse,

131 661 312 699 imitatus
331 673 495 699 versum
517 659 628 698 hunc
658 661 700 698 in
727 658 863 711 Ephe—

132 732 230 757 mer.
261 719 337 760 57:
378 719 413 754 si
444 720 650 767 poenitet,
698 718 863 768 altaque

133 791 269 814 sensus
298 777 486 814 Formido
516 778 740 827 excruciat,
783 784 864 812 tor-

135 842 346 886 mentaque
383 847 471 870 sera
501 833 711 884 gehennae
743 833 865 870 Anti-

136 894 246 942 cipat
272 921 282 940 ,
335 893 567 942 patiturque
612 905 703 928 suos
756 904 866 927 mens

138 951 281 988 saucia
333 951 500 986 splanes.
570 949 698 986 Etiam
750 947 868 985 Statii

138 1020 323 1052 versum,
357 1006 426 1043 ubi
449 1006 566 1043 Pluto
602 1006 652 1044 ad
677 1005 871 1057 Amphia-

140 1079 257 1103 raum
280 1064 383 1113 VIII,
411 1062 465 1104 84
495 1064 553 1101 At
568 1064 641 1101 tibi
659 1079 757 1116 quos
772 1094 782 1112 ‚
807 1065 873 1100 ἰη-

142 1125 228 1175 quit
243 1152 254 1170 ,
290 1122 471 1159 fiscales?
502 1123 573 1173 qui
599 1123 725 1159 limile
746 1136 871 1172 prae-

143 1195 235 1231 ceps
257 1181 355 1217 Non
381 1180 487 1217 licito
514 1194 589 1230 per
621 1182 741 1218 inane
771 1181 870 1226 ruis,

144 1239 200 1276 ita
231 1238 554 1288 interpretantur
581 1251 671 1275 cum
700 1237 876 1285 Lutatio,

145 1302 193 1334 ut
223 1296 301 1333 sint
330 1308 492 1347 poenae.
554 1295 608 1332 At
629 1302 762 1347 potest
793 1295 877 1332 aliis

148 1367 307 1405 quoque
348 1353 475 1391 modis
526 1354 726 1405 suppleri:
777 1366 878 1403 quos

148 1412 285 1450 Manes
325 1411 434 1449 adire
466 1411 621 1449 animus
658 1412 737 1449 suit
776 1410 878 1448 tibi'?

150 1472 202 1509 Et
222 1469 355 1507 statim
376 1483 413 1507 v.
436 1472 502 1510 90.
528 1472 578 1510 91
601 1474 752 1506 sanclis
772 1471 879 1506 Ma—

151 1528 266 1566 nibus
300 1528 454 1577 vulgari
484 1540 601 1564 sensu
637 1528 785 1565 iteruin
818 1526 881 1563 di-

154 1593 277 1624 ctum.
337 1585 489 1622 Sanctii
523 1585 804 1637 interpretatio
838 1584 882 1621 in

155 1644 336 1682 Minerva
386 1657 471 1694 pag.
517 1643 612 1684 825.
661 1646 763 1692 826,
822 1648 883 1690 ut,

156 1701 496 1752 quemadmodum
539 1701 632 1738 mali
676 1702 886 1753 patiuntur

156 1761 343 1797 Lemures
366 1765 405 1796 et
425 1759 573 1796 Larvas
602 1772 762 1807 eorum,
787 1771 887 1809 quos

157 1818 359 1855 laeserunt
388 1816 453 1854 vel
481 1823 702 1866 necarunt,
734 1817 788 1853 sic
813 1816 890 1853 bo-

162 1876 201 1913 ni
252 1875 459 1927 patiantur
505 1875 692 1926 proprios
742 1874 890 1921 Manes,

162 1939 349 1973 contorta
378 1938 447 1970 est.
509 1933 636 1970 Cei-da
662 1934 757 1984 pati
786 1934 892 1969 Ma—

162 2006 230 2029 nes
254 1991 408 2029 dictum
441 1990 552 2039 vult,
584 1997 652 2038 ut,
677 1992 774 2040 pan·
804 1990 893 2026 Fu-

163 2052 262 2088 rias.
327 2048 405 2085 Sed
450 2046 529 2085 hoc
575 2047 675 2085 nihil
715 2046 894 2098 expedit,

165 2120 240 2146 nec
263 2107 294 2144 si
314 2106 408 2144 deos
438 2105 588 2143 inferos
618 2105 782 2143 omnino
814 2115 896 2140 esse

166 2165 207 2203 h.
225 2164 251 2202 l.
279 2164 427 2202 dixeris
459 2162 616 2211 Manes,
647 2169 694 2200 ut
728 2163 796 2199 Ge.
831 2161 898 2208 IV,

168 2223 253 2264 489
297 2228 337 2259 et
386 2221 490 2259 alibi.
560 2223 664 2258 Pati
702 2221 896 2270 aliquem,

170 2280 252 2332 pati
289 2280 406 2329 deos,
445 2278 613 2326 Manes,
655 2278 726 2316 vix
762 2276 902 2313 Latine

173 2338 352 2385 dicitur,
396 2336 527 2388 puella
574 2335 728 2387 patitur
768 2334 903 2372 virum

173 2397 287 2446 longe
318 2394 393 2432 alio
422 2394 556 2431 modo.
617 2393 678 2430 Ad
700 2393 801 2430 duos
822 2392 904 2428 Ge-

177 2454 283 2501 nios,
316 2452 383 2502 qui
410 2451 562 2489 homini
594 2451 768 2498 adsunt,
798 2450 905 2487 rese-

178 2511 292 2550 rebat
331 2509 457 2547 altero
496 2510 584 2546 loco
618 2509 798 2555 Servius,
838 2505 907 2544 sed

180 2569 352 2606 alienum
373 2567 414 2604 id
437 2568 485 2604 ab
505 2565 545 2606 h.
573 2567 597 2603 l.
657 2565 798 2604 Melius
819 2566 908 2602 Ru-

182 2641 274 2664 aeus
317 2625 532 2662 daemonas
566 2624 647 2662 hue
693 2629 813 2662 vocat
859 2635 909 2659 ex

182 2686 345 2722 Platone
370 2682 424 2734 (v.
448 2697 481 2721 e.
499 2683 539 2720 in
560 2681 773 2720 Phaedone
796 2696 834 2733 p.
857 2683 910 2721 80

182 2743 226 2780 Β.
262 2740 387 2793 Frs.);
418 2741 487 2778 sed
517 2754 714 2790 nusquam
745 2740 793 2777 ab
834 2739 913 2777 hoc

184 2799 395 2838 memorari
414 2799 531 2836 video
548 2830 556 2844 ,
581 2799 803 2837 cruciatum
827 2797 915 2835 ani-

186 2857 326 2895 mabus
356 2857 492 2894 inferri
522 2856 570 2894 ab
599 2857 682 2894 ullo
712 2856 916 2894 daemone.

186 2916 315 2954 Valer.
337 2914 394 2951 Fl.
420 2914 484 2963 ΙΙΙ,
506 2916 603 2964 389,
629 2914 696 2966 qui
716 2914 825 2953 hunc
853 2914 917 2952 lo-

1535 207 1634 252 969

1539 331 1640 378 745

920 438 1012 462 cum
1037 432 1130 463 ante
1160 427 1295 464 oculos
1322 427 1485 478 habuit,
1517 432 1642 470 inter-—

920 484 1183 533 pretationem
1207 484 1250 521 in
1277 492 1463 524 neutram
1493 496 1646 538 partem

920 540 1117 591 inflectit,
1157 556 1250 579 nam
1293 543 1410 581 aliam
1438 544 1554 596 plane
1585 547 1649 583 ille

920 599 1120 637 rationem
1149 599 1258 638 iniit:
1288 600 1455 639 Animae
1474 603 1650 641 violenta

920 662 1050 694 morte
1076 657 1163 695 vita
1201 660 1389 710 expulsae
1418 673 1480 711 ap.
1510 660 1652 698 Pluto—

922 728 1015 753 nem
1053 715 1102 752 de
1137 715 1281 754 iniuria
1326 724 1654 768 conqueruntur3

924 780 1011 810 tum
1037 773 1126 810 illae
1155 787 1234 811 una
1265 775 1480 813 Furiarum
1511 775 1656 813 comite

924 830 1062 868 addita
1093 831 1296 881 redeunt,
1335 839 1383 871 ut
1419 846 1440 871 a
1475 833 1656 871 sontibus

925 902 1073 940 poenas
1105 896 1315 941 expetant:
1360 891 1535 942 Quisque
1564 906 1657 928 suos·

927 955 1056 983 sontes
1073 949 1315 1000 inimicaque
1329 958 1494 998 pectora
1513 951 1658 998 poenis

930 1005 1148 1054 lmplioal;
1182 1015 1218 1043 et
1242 1008 1358 1044 varia
1388 1008 1545 1043 met-izos
1560 1007 1659 1056 Jor-

931 1062 1081 1099 midine
1117 1064 1301 1112 pulsant.
1374 1063 1532 1117 (Nescio
1551 1092 1561 1112 ,
1610 1076 1660 1099 an

932 1119 1065 1157 Latini
1092 1119 1148 1157 ita
1175 1120 1353 1159 dixerint
1382 1136 1422 1160 se
1447 1123 1570 1172 pati,
1615 1125 1663 1158 ut

933 1183 1034 1215 esset
1078 1177 1104 1215 i.
1146 1191 1182 1228 q.
1224 1179 1459 1218 delictorum
1497 1191 1662 1217 suorum

934 1248 1082 1287 poenas
1100 1236 1203 1287 pati,
1234 1237 1339 1275 idem
1359 1238 1436 1275 iam
1461 1238 1537 1276 erit
1557 1237 1664 1273 Ma-

936 1308 1003 1331 nes
1026 1308 1118 1330 suos
1146 1297 1265 1344 ραίί,·
1307 1295 1481 1333 Manes
1519 1293 1664 1332 videli-

938 1357 1027 1399 cet,
1067 1351 1176 1401 quod
1208 1353 1337 1404 agitur
1367 1354 1416 1391 de
1446 1350 1667 1405 purgandis

939 1408 1047 1460 apud
1066 1409 1215 1447 inferos
1246 1411 1474 1460 animabus,
1515 1424 1544 1447 s.
1578 1408 1667 1445 Ma-

939 1467 1069 1505 nibus.
1130 1482 1207 1504 sua
1229 1470 1412 1519 exempla
1441 1470 1536 1518 pati
1565 1465 1669 1502 dixit

940 1524 1110 1563 Phaedr.
1142 1525 1170 1573 Ι,
1205 1530 1272 1574 26,
1318 1529 1380 1567 12.
1441 1526 1505 1563 Bis
1539 1523 1670 1574 Virgi-

941 1583 1040 1621 lium
1077 1584 1296 1634 respexisse
1336 1584 1453 1622 Silius
1495 1581 1671 1628 videtur,

943 1640 1050 1689 XIII,
1065 1639 1213 1688 5441„
1234 1640 1551 1679 ’rhadamanthus
1562 1652 1673 1676 nior-—

945 1705 1029 1736 tem
1067 1705 1227 1736 exercet
1254 1699 1472 1749 inanem3“
1514 1703 1552 1735 et
1578 1694 1674 1733 ibid.

949 1758 1064 1799 370:
1104 1757 1275 1804 „merito
1305 1771 1413 1794 mors
1444 1756 1528 1807 ipsa
1562 1754 1676 1791 labo-

948 1816 1068 1862 rat3“
1088 1817 1225 1851 merito
1240 1844 1249 1861 ‚
1281 1814 1389 1865 quod
1412 1814 1576 1865 quisque
1594 1823 1678 1848 me-

950 1872 1052 1910 ritus
1093 1877 1163 1909 est.
1231 1873 1408 1911 Bauerus
1452 1871 1504 1908 ad
1546 1872 1679 1907 Sanct⁷

951 1929 1122 1967 Minerv.
1142 1929 1229 1968 Vol.
1249 1931 1295 1968 ΙΙ.
1317 1945 1356 1982 p.
1377 1930 1459 1970 365
1487 1942 1542 1978 sq.
1576 1928 1681 1963 illa—

952 2001 1020 2024 nes
1048 1987 1097 2023 ad
1127 1987 1261 2025 locum
1293 1993 1471 2039 spectare
1500 1984 1682 2022 iudicans

952 2044 1058 2082 hanc
1079 2045 1271 2095 proponit
1294 2042 1682 2095 interpretationem:

957 2102 1164 2151 „Patimur
1205 2116 1296 2140 suos
1333 2102 1498 2152 quisque
1537 2099 1684 2145 Manes,

959 2160 983 2197 i.
1005 2172 1037 2198 e.
1058 2173 1149 2197 suos
1167 2161 1333 2209 quisque
1364 2160 1538 2205 inferos,
1568 2168 1686 2193 suum

960 2213 1097 2272 ᾅδην,
1147 2217 1215 2254 ubi
1257 2217 1436 2268 castigati
1474 2214 1688 2263 vexatique

961 2276 1218 2326 pu1·ge1nur.“
1282 2275 1429 2312 Parum
1469 2270 1688 2310 commode.

963 2332 1148 2370 Proxime
1168 2331 1218 2369 ad
1239 2332 1437 2370 rationem
1468 2344 1487 2367 a
1522 2342 1584 2366 me
1612 2327 1689 2365 ini-

962 2397 1045 2428 tam
1066 2390 1220 2427 accedit
1244 2388 1496 2428 Muenscheri
1515 2386 1692 2438 explica-

964 2449 1022 2485 tio
1051 2448 1272 2485 Observata
1303 2450 1345 2485 in
1375 2450 1493 2497 Viyg.
1521 2447 1624 2482 Aen.
1650 2457 1691 2494 p.

966 2509 1055 2547 22:
1087 2518 1221 2543 omnes
1240 2519 1404 2543 suorum
1425 2504 1591 2556 quisque
1608 2500 1695 2538 Ma-

967 2563 1079 2600 nium
1100 2570 1284 2602 naturam
1303 2576 1373 2601 seu
1391 2561 1607 2600 maioribus
1627 2572 1696 2596 seu

969 2621 1192 2660 minoribus
1235 2621 1344 2659 vitiis
1384 2619 1696 2658 contaminatam

969 2679 1100 2717 luunt.
1160 2680 1248 2718 Non
1267 2679 1441 2717 multum
1475 2677 1606 2714 diss'ert
1637 2674 1696 2711 al-

972 2744 1059 2775 tera
1092 2738 1140 2775 ab
1179 2737 1317 2775 eodem
1363 2736 1458 2774 ibid.
1494 2732 1697 2785 proposita

974 2795 1269 2847 interpretatio:
1287 2808 1396 2832 suam
1418 2795 1581 2843 quisque
1602 2803 1699 2826 con-

977 2854 1169 2892 ditionem
1189 2855 1228 2891 in
1245 2853 1380 2890 inferis
1400 2850 1576 2902 patitur,
1606 2847 1645 2885 h.
1669 2860 1701 2885 c.

976 2926 1048 2951 suo
1088 2912 1253 2963 quisque
1282 2908 1401 2948 modo
1430 2904 1702 2960 purgationem
