1827 3436
549 262 1281 314 ADLIBRUMI
1559 282 1658 325 213

148 389 392 439 meditatur,
433 394 482 427 ut
530 401 668 428 rerum
713 397 882 429 eventus
925 391 1104 432 differat:
1155 394 1277 446 idque
1320 396 1424 436 bello
1471 399 1660 442 adversus

148 448 339 486 Troianos
367 452 477 485 moto
510 445 803 501 (313—322).
886 450 985 488 Belli
1016 449 1136 489 huius
1175 454 1325 491 semina
1354 454 1465 494 hunc
1499 458 1540 495 in
1570 473 1659 498 mo-

149 505 245 544 dum
286 519 308 541 a
346 503 501 545 Iunone
540 506 667 555 iacta,
697 512 743 544 ut
774 506 937 558 Alecto,
972 508 1189 548 Furiarum
1228 525 1329 561 una,
1367 514 1507 564 missa,
1537 519 1659 555 Ama-

145 569 252 613 tam,
292 563 480 602 Laviniae
520 570 711 614 matrem,
752 579 854 616 quae
892 565 995 604 filiae
1035 569 1337 607 matrimonium
1369 572 1505 610 Turno
1544 582 1660 626 pacta

146 627 233 659 erat
265 619 566 676 (Ml—403),
597 629 687 660 tuin
719 622 902 662 Turnum
932 624 1075 676 ipsum,
1106 626 1166 664 ira
1198 633 1239 665 et
1267 629 1404 666 surore
1435 630 1658 670 inflamma-

143 684 206 717 ret
236 676 537 733 (408—457)‚
569 681 729 718 Latinos
761 695 920 733 quoque
951 682 992 720 in
1023 684 1216 723 Troianos
1247 696 1514 738 exasperaret,
1536 689 1657 728 Asca—

143 737 211 774 nio
241 736 409 774 venanti
431 738 586 776 obiecta
616 753 735 777 cerva
766 754 889 790 sacra,
912 754 1031 791 quam
1051 741 1115 780 ille
1144 743 1333 782 vulnerat
1365 745 1657 802 (475—502)‚

143 801 230 833 tum
262 794 435 846 Tyrrhei
468 796 551 834 filio
581 797 623 835 in
652 798 834 836 tumultu
864 800 1075 850 agrestium
1107 814 1220 839 caeso
1252 800 1349 855 (531
1369 804 1548 857 —539>.
1602 807 1657 844 Ita

141 853 292 891 bellum
323 853 537 893 conflatur.
597 855 680 893 Iani
718 863 858 909 portas
886 856 971 908 ipsa
1001 858 1102 896 Iuno
1131 866 1284 897 reserat
1314 861 1602 916 (620-623),

256 910 431 949 Aeneam
476 912 524 950 de
563 913 681 952 novis
719 927 857 953 rerum
905 915 1059 954 casibus
1107 917 1323 956 sollicitum
1364 919 1516 957 Tiberis
1561 921 1658 959 deus

141 967 356 1007 confirmat
385 983 458 1021 per
492 985 701 1021 somnum,
742 979 1059 1025 portentumque
1090 975 1170 1013 suis
1201 990 1291 1013 cum
1322 977 1444 1014 XXX
1474 978 1657 1029 porcellis

138 1027 275 1079 paullo
315 1033 409 1079 post
450 1042 716 1068 occursurum
757 1031 919 1081 edocet,
960 1038 1109 1083 utque,
1149 1034 1397 1072 Pallanteum
1437 1037 1655 1087 profectus,

138 1084 378 1124 Evandrum
409 1100 501 1125 cum
535 1088 758 1127 Arcadibus
798 1089 839 1127 in
871 1089 1103 1128 societatem
1136 1091 1229 1130 belli
1259 1092 1473 1142 adsciscat,
1512 1093 1654 1133 horta-

137 1149 208 1181 tur
239 1143 358 1193 (VIII,
390 1147 582 1196 1—80):
624 1146 825 1185 Obiicitur
854 1153 1088 1199 portentum
1119 1150 1221 1199 suis,
1253 1164 1373 1201 quam
1404 1149 1555 1190 Aeneas
1584 1153 1655 1191 Iu-

137 1201 236 1239 noni
265 1207 435 1252 mactat,
470 1203 632 1255 eiusque
661 1205 742 1242 iras
774 1205 1015 1257 deprecatur
1044 1205 1113 1259 (81
1132 1210 1265 1249 —89.
1293 1210 1410 1250 59-
1428 1207 1512 1261 61).
1551 1211 1652 1248 Tum

137 1259 272 1298 Venus
303 1274 414 1298 arma
444 1261 519 1313 ipsi
550 1276 572 1299 a
602 1262 781 1300 Vulcano
813 1264 1049 1302 fabricanda
1085 1264 1185 1316 petit
1216 1265 1525 1321 (370—453),
1557 1283 1652 1307 mox

137 1317 306 1355 demissa
336 1318 403 1355 illa
435 1319 545 1357 coelo
577 1319 853 1373 (523-540,
886 1324 969 1364 608
994 1345 1041 1350 -
1066 1322 1118 1360 ad
1144 1321 1202 1376 s.).

251 1375 407 1414 Interea
461 1376 559 1415 dum
598 1377 751 1417 Aeneas
790 1379 899 1430 apud
934 1380 1172 1419 Evandrum
1211 1387 1251 1419 et
1281 1381 1470 1419 Etruscos
1505 1383 1650 1421 auxilia

135 1433 360 1484 conquirit,
401 1435 564 1473 Turnus
598 1442 730 1474 castra
773 1437 1041 1476 Troianorum
1090 1445 1308 1491 oppugnat.
1388 1438 1501 1477 Facit
1548 1441 1649 1479 illud

133 1490 298 1529 Iunonis
329 1493 507 1542 monitu,
540 1494 659 1531 missa
701 1494 752 1532 ad
783 1508 874 1533 eum
905 1495 1010 1534 Iride
1042 1495 1130 1549 (IX,
1161 1494 1254 1549 pr.).
1312 1497 1357 1534 In
1386 1496 1463 1534 hac
1493 1505 1648 1537 castro-

131 1562 224 1587 rum
256 1551 576 1601 oppugnatione,
607 1558 653 1590 ut
682 1552 876 1591 Ascanius
906 1566 927 1591 e
958 1567 1115 1606 pugnae
1146 1554 1371 1592 discrimine
1402 1555 1648 1594 subducere—

131 1612 223 1656 tur,
258 1606 402 1659 Apollo
433 1609 474 1646 in
504 1609 631 1648 Butae
660 1610 831 1662 speciem
862 1617 1041 1650 mutatus
1073 1626 1094 1649 a
1124 1612 1340 1664 pugnando
1372 1626 1462 1651 eum
1493 1614 1648 1652 abster-

131 1671 194 1702 ret
224 1663 520 1718 (638—663).
591 1669 775 1718 Turnus,
821 1675 1034 1721 postquam
1074 1683 1146 1722 per
1174 1676 1335 1722 portam
1371 1677 1575 1722 patentem
1606 1672 1647 1709 in

131 1728 262 1760 castra
292 1723 506 1775 irruperat,
538 1726 730 1764 Troianos
760 1728 995 1778 perterritos
1025 1728 1158 1779 sugat,
1189 1728 1340 1766 Iunone
1370 1729 1445 1780 ipsi
1470 1729 1646 1779 favente,

131 1780 260 1818 donec
298 1781 402 1832 Iovis
431 1783 543 1821 iussu
573 1784 622 1821 ab
654 1784 759 1822 Iride
789 1791 984 1824 avocatur
1016 1784 1119 1837 (802
1139 1784 1255 1839 sqq).
1323 1786 1480 1825 Omitto
1516 1788 1645 1839 Cybe-

129 1839 184 1876 les
222 1839 501 1878 interventum
539 1841 581 1879 in
623 1843 745 1880 classe
784 1842 938 1881 Aeneae
977 1843 1195 1893 servanda,
1235 1843 1406 1883 navibus
1446 1845 1487 1882 in
1519 1846 1642 1897 Nym—

127 1896 229 1949 phas
262 1898 429 1935 mutatis
463 1898 550 1952 (IX,
584 1902 813 1950 69—122,
849 1903 901 1951 X,
926 1900 1210 1953 219—250).

243 1955 419 1993 Concilio
458 1957 625 1996 deorum
657 1959 785 2008 facto,
829 1959 980 2011 Iupiter
1012 1958 1173 1997 dissidia
1202 1965 1408 1997 moventes
1442 1960 1641 2011 obiurgat:

127 2012 285 2051 differre
325 2013 463 2052 saltem
510 2015 599 2052 odia
640 2016 682 2054 in
716 2016 819 2055 illud
857 2024 1015 2070 tempus
1060 2017 1191 2067 iubet,
1243 2030 1322 2068 quo
1364 2017 1559 2069 Carthago
1602 2025 1640 2055 et

126 2071 253 2108 Roma
285 2085 555 2111 concursurae
585 2075 665 2111 sint
697 2074 769 2125 (X,
801 2074 891 2127 pr.).
953 2076 1085 2114 Venus
1118 2074 1167 2113 de
1197 2075 1352 2113 iniuriis
1388 2081 1427 2113 et
1455 2076 1641 2127 periculis

125 2129 281 2166 Aeneae
317 2130 460 2168 creatis
499 2138 738 2182 conquesta,
778 2139 826 2171 ut
865 2134 1004 2172 saltem
1037 2133 1231 2171 Ascanius
1268 2134 1477 2171 incolumis
1510 2133 1638 2171 disce-

125 2186 216 2236 dat,
245 2194 458 2239 precatur,
498 2190 623 2227 satius
654 2190 803 2241 alioqui
845 2192 983 2240 fuisse,
1026 2197 1070 2229 ut
1100 2192 1239 2229 Troiae
1269 2192 1395 2229 satum
1429 2204 1639 2228 commune

124 2245 279 2297 experti
312 2252 442 2284 essent
472 2253 588 2299 pater
618 2254 658 2286 et
688 2248 794 2287 filius
827 2246 896 2301 (X,
931 2248 1149 2302 18—62).
1209 2249 1307 2287 Iuno
1338 2249 1484 2287 refellit
1506 2248 1637 2286 Vene-

123 2316 209 2341 rem
245 2310 283 2341 et
324 2305 509 2342 Turnum
543 2305 721 2344 defendit
763 2304 1020 2360 (62—99).
1099 2306 1277 2344 Tandem
1314 2307 1466 2358 Iupiter
1505 2307 1635 2344 neutri

122 2361 231 2412 parti
269 2374 310 2399 se
340 2362 527 2412 studere,
566 2364 635 2402 sed
667 2364 755 2402 satis
785 2370 912 2402 totam
952 2378 1037 2402 rem
1069 2364 1320 2402 committere
1352 2364 1451 2403 velle
1482 2364 1634 2415 signifi-

123 2425 188 2456 cat
229 2417 529 2472 (100—115).
599 2423 844 2474 Interspersa
883 2429 976 2461 sunt
1012 2423 1086 2460 alia
1128 2423 1342 2460 nonnulla:
1381 2423 1554 2460 Lausum
1596 2428 1634 2459 et

121 2477 342 2515 Pallantem
381 2479 570 2530 congredi
603 2486 713 2518 vetat
745 2480 899 2532 Iupiter
938 2479 1016 2533 (X,
1048 2480 1173 2532 436),
1204 2480 1445 2518 Mezentium
1476 2479 1525 2517 ad
1556 2493 1634 2531 pu-

119 2549 238 2586 gnam
276 2536 441 2587 instigat
482 2538 557 2588 (X,
598 2537 722 2591 689),
761 2538 856 2576 inde
895 2538 1145 2576 Tarchonem
1185 2536 1281 2590 (XI,
1313 2537 1439 2590 725)
1500 2538 1633 2576 Venus

119 2600 322 2632 monstrat
350 2594 539 2645 herbam,
573 2610 651 2646 qua
682 2596 838 2634 Aeneae
865 2597 1014 2635 vulnus
1046 2602 1212 2634 sanatur
1242 2596 1349 2646 (XII,
1373 2597 1482 2645 111).
1527 2596 1631 2633 Gra—

119 2653 231 2689 viora
265 2659 382 2702 sunt,
424 2654 534 2703 quod
565 2655 704 2692 Turno
736 2655 847 2692 adest
876 2655 1044 2693 Iuturna
1076 2653 1253 2706 nympha
1284 2668 1398 2692 soror
1432 2651 1504 2707 (X,
1535 2655 1629 2694 439.

119 2709 208 2758 XII,
247 2711 357 2761 139).
416 2710 572 2750 Aeneae
614 2712 796 2751 adventu
831 2713 994 2751 Troiani
1032 2712 1197 2751 tandem
1228 2712 1366 2750 castris
1399 2716 1628 2762 erumpunt,

118 2772 158 2804 et
187 2767 321 2819 copias
351 2770 543 2821 utrinque
585 2770 779 2822 iungunt,
819 2770 911 2809 belli
947 2771 1082 2821 itaque
1110 2776 1196 2809 tota
1236 2770 1338 2808 mole
1375 2770 1417 2807 in
1446 2769 1625 2806 Turnum

117 2838 323 2874 conversa,
347 2825 448 2865 Iuno
479 2842 501 2865 a
531 2828 625 2867 Iove
656 2828 839 2880 precibus
870 2829 1143 2879 consequitur,
1175 2835 1221 2867 ut
1251 2841 1340 2866 eum
1371 2841 1503 2879 pugna
1530 2825 1626 2863 sub—-

117 2882 265 2921 ducere
292 2883 410 2922 liceat
442 2886 510 2937 (X,
543 2882 823 2940 606—688).

229 2941 432 2992 Tandem,
465 2957 601 2982 rerum
640 2957 794 2982 summa
828 2943 878 2981 ad
910 2957 1083 2995 pugnam
1127 2944 1232 2980 inter
1262 2943 1443 2980 Turnum
1476 2948 1514 2978 ct
1544 2941 1622 2978 Ac-

115 3010 230 3037 neam
261 2998 457 3049 deducta,
495 3002 616 3051 luno,
657 3015 707 3040 ne
737 3001 821 3053 ipsa
853 3013 925 3039 nec
955 3000 1130 3054 pactioni
1171 3014 1241 3038 nec
1271 3014 1424 3052 pugnae
1455 2998 1622 3046 intersit,
