1779 3420
127 210 261 258 1000
453 205 508 253 P.
545 202 909 255 VIRGILII
956 200 1328 250 MARONIS

122 336 190 384 Et
209 348 318 399 quo
342 345 618 397 quemque
637 328 807 378 modo
830 326 1105 394 fugiatque
1123 325 1369 392 feratque
1393 325 1650 377 laborem.

196 405 333 452 Sunt
345 400 594 466 geminae
612 399 801 449 Somni
821 407 1033 464 portae:
1057 414 1283 463 quarum
1303 395 1464 444 altera
1482 394 1653 446 fertur

129 475 366 533 Cornea3
406 487 510 536 qua
529 471 668 519 veris
692 468 858 517 facilis
884 466 1039 516 datur
1060 468 1224 516 exitus
1242 466 1486 517 Umbris:
1552 470 1651 518 895

126 544 303 594 Altera
331 539 580 591 candenti
598 536 838 606 perfecta
863 537 1040 585 nitens
1068 536 1383 601 elephant03

130 613 239 665 Sed
258 611 387 662 salsa
413 610 479 660 ad
504 609 718 659 coelum
740 608 962 657 mittunt
988 606 1255 656 insomnia
1275 609 1473 655 Manes

219 743 288 778 893
314 752 529 788 quocunque
552 739 608 774 ed.
635 737 781 772 Mediol.
807 742 844 770 et
869 736 976 769 Goth.
1005 748 1058 781 pr.
1156 734 1225 770 894
1258 736 1385 768 Somni
1416 746 1483 779 pro
1518 737 1659 770 Somnii

127 790 260 824 dictum
286 801 362 822 esse
388 800 464 821 cum
489 786 566 820 aliis
592 784 777 820 contendit
810 786 944 823 Burm.,
981 783 1080 827 quasi
1112 793 1183 815 non
1217 781 1410 826 elegantius
1444 789 1553 826 poeta
1588 786 1658 816 So-

129 849 245 870 mnum
285 835 473 869 substituat
503 833 676 875 Somniis,
710 838 749 865 ut
782 832 890 865 toties
925 830 1022 863 alibi.
1073 829 1275 875 (Burmanni
1310 829 1504 871 rationem,
1537 830 1606 863 iam
1638 843 1658 863 a

129 884 295 917 Turnebo
321 883 467 916 Advers.
492 883 554 923 IV,
583 880 636 915 14.
664 885 892 920 occupatam,
925 878 1055 922 probat
1088 877 1248 920 Lessing.
1280 875 1316 908 in
1350 877 1443 909 libro
1483 879 1565 911 ll'c'e
1602 878 1660 910 die

128 931 240 964 Alten
265 930 335 963 den
366 929 445 963 Tocl
467 928 674 975 abgebildet
706 925 826 960 haben
858 938 894 970 p.
930 926 988 959 80.
1022 925 1115 957 laud.
1152 937 1172 956 a
1206 923 1349 965 Iahnio,
1384 923 1442 969 qui
1475 925 1659 957 commode

129 976 281 1022 opponit
305 976 403 1009 Ovid.
429 977 515 1009 Met.
542 977 606 1017 XI,
631 974 700 1010 623
725 985 801 1018 sqq.
834 972 930 1016 Wr.)
978 973 1116 1019 gemini
1139 971 1248 1004 Goth.
1276 982 1329 1015 pr.
1427 972 1495 1006 895
1513 975 1661 1004 Cornua

129 1026 230 1058 Rom.
256 1029 292 1056 et
316 1023 463 1056 Dorvill.
515 1023 629 1056 datus
653 1021 741 1054 alter
768 1020 895 1053 Hamb.
944 1021 1058 1052 Totus
1084 1030 1204 1052 versus
1231 1019 1340 1050 Goth.
1373 1019 1482 1051 tertio
1524 1020 1660 1051 deerat.

129 1082 239 1104 veras
265 1069 413 1104 umbras
436 1071 481 1103 de
506 1070 684 1103 animabus
707 1068 743 1100 in
768 1078 859 1102 nova
885 1078 1035 1112 corpora
1056 1065 1275 1109 processuris
1303 1077 1344 1097 ea
1368 1072 1494 1108 porta,
1530 1066 1661 1110 accipit

131 1119 273 1151 Beattie
303 1117 340 1150 in
370 1120 562 1151 Transacc.
587 1117 628 1150 of
668 1115 731 1149 the
763 1115 807 1148 R.
842 1115 948 1148 Acad.
982 1120 1019 1147 at
1051 1113 1243 1156 Edinburg.
1277 1113 1345 1144 To.
1376 1114 1417 1145 11.
1458 1115 1498 1147 11
1532 1125 1568 1157 p.
1603 1114 1660 1149 53.

130 1169 361 1210 Opponuntur
386 1171 504 1198 tamen
520 1164 630 1211 salsa
655 1163 849 1196 insomnia.
946 1162 1015 1197 897
1048 1160 1205 1194 Insolens
1237 1159 1375 1192 videtur
1400 1160 1558 1205 Trappio
1584 1172 1660 1194 voc.

131 1213 225 1254 Sed,
250 1218 287 1245 et
309 1211 400 1245 coni.
428 1216 542 1255 Quae.
590 1210 751 1245 Scilicet:
776 1209 890 1242 altera
915 1208 1062 1242 meliore
1086 1206 1234 1241 materia
1260 1206 1401 1251 quidem
1428 1214 1464 1240 et
1486 1207 1663 1241 candenti

127 1258 295 1306 perfecta
318 1271 355 1293 n.
379 1272 410 1293 e.
459 1259 530 1293 Sed
545 1258 653 1306 falsa
677 1263 743 1290 etc.

131 1367 271 1405 eodem
292 1366 415 1405 modo
437 1367 528 1405 loca
549 1367 652 1405 lacis
666 1396 678 1416 ‚
712 1366 794 1405 fere
816 1371 866 1404 ut

131 1428 227 1469 761.
259 1427 344 1463 viro
374 1439 474 1477 pro,
510 1425 556 1463 ei.
615 1427 866 1463 Laurentes-

132 1497 207 1536 que
225 1483 338 1521 (locet
358 1484 559 1534 populos,
593 1490 692 1522 rota
722 1483 866 1521 inver-

132 1555 216 1579 sam
237 1542 481 1591 orationem,
513 1556 608 1594 pro,
639 1554 741 1592 quae
763 1541 869 1579 bella

132 1600 306 1651 gerenda
334 1613 427 1638 cum
457 1600 727 1638 Laurentibus
760 1599 801 1640 h.
835 1612 868 1637 e.

133 1658 282 1695 Latinis
322 1657 373 1695 ad
416 1659 550 1696 Latini
587 1659 742 1697 urbem.
803 1655 868 1695 Ad

134 1715 325 1754 vaticinia
367 1715 494 1767 igitur
529 1722 697 1755 revocat
748 1722 869 1767 poeta

136 1773 255 1811 etiam
275 1786 340 1820 ea,
372 1787 474 1823 quae
498 1775 546 1811 ab
570 1774 702 1812 Aenea
721 1774 765 1811 in
786 1774 870 1811 Ita-

135 1831 189 1869 lia
204 1830 378 1882 gerenda
407 1838 513 1869 sunt.
541 1833 588 1870 cf.
621 1831 792 1882 Disquis.
822 1831 871 1880 11,

137 1903 167 1927 s.
187 1892 224 1931 6.
287 1887 366 1940 (——
381 1891 477 1931 893.
510 1890 620 1927 [dem
638 1903 779 1928 versus
798 1903 871 1927 su-

136 1961 209 2000 pra
227 1946 359 1984 adsuit
381 1947 447 1995 ΙΙΙ,
477 1947 599 1998 459.;
638 1954 679 1986 et
703 1947 787 1987 vid.
819 1947 870 1995 Q.

139 2005 184 2044 V.
203 2004 259 2043 ibi
281 2004 393 2046 laud.
427 2007 497 2046 JV
491 2005 541 2059 r.)

196 2121 453 2164 894-902.
494 2124 596 2161 Cum
629 2122 873 2161 emittendus

141 2185 241 2217 esset
264 2180 416 2218 Aeneas
451 2194 471 2218 e
503 2182 600 2220 locis
628 2181 766 2220 inferis
794 2180 871 2218 alia

140 2244 256 2289 porta
269 2268 279 2286 ,
311 2252 433 2289 quam
452 2253 530 2290 qua
549 2240 746 2291 ingressus
763 2245 872 2288 erat3

139 2296 283 2334 incidit
303 2296 415 2334 Maro
446 2298 490 2335 in
520 2298 698 2349 duplices
732 2297 872 2335 Somni

140 2360 301 2406 portaS,
344 2355 489 2405 quibus
524 2363 678 2395 veteres
709 2355 872 2393 Somnia

142 2412 306 2463 prodire
342 2414 534 2452 luserant.
582 2414 664 2453 vid.
703 2414 872 2452 Excurs.

142 2470 230 2508 XV.
263 2469 319 2522 (et
337 2471 381 2509 V.
402 2472 444 2510 L.
472 2472 524 2510 ad
544 2486 602 2511 VS.
622 2472 718 2514 894.
754 2470 872 2523 Wr.)

144 2527 311 2566 Fundus
360 2529 504 2580 Odyss.
551 2546 594 2578 τ,
642 2531 726 2571 562
766 2542 873 2580 seqq.

144 2585 305 2623 Somnia
346 2587 479 2624 sedem
516 2587 663 2626 habere
696 2588 741 2625 in
779 2587 876 2624 Orci

144 2643 357 2693 vestibulo,
388 2658 509 2696 supra
529 2645 704 2683 vidimus
720 2658 759 2682 v.
777 2644 875 2686 274.

146 2705 230 2746 282
252 2715 308 2752 sq.
350 2705 451 2739 veris
482 2703 666 2749 Umbris,
700 2716 757 2740 VS.
791 2702 875 2743 895

147 2775 219 2812 pro
249 2760 440 2808 Somniis;
471 2761 512 2799 vi
542 2759 734 2811 oppositi3
765 2759 874 2796 scili—

147 2826 209 2857 cet
237 2818 484 2857 somniorum
516 2831 638 2869 genus
675 2822 755 2863 est,
795 2830 874 2866 quo

147 2884 402 2916 mortuorum
432 2876 604 2915 Umbrae
635 2874 876 2912 somnianti-

148 2935 221 2973 bus
255 2936 431 2973 offerunt
467 2947 536 2984 se,
585 2932 790 2971 interdum
830 2938 878 2970 ut

923 1365 1139 1404 Furiarum
1164 1363 1253 1402 loco
1280 1374 1430 1416 poenas
1457 1368 1662 1414 expetant.

923 1438 963 1463 v.
1004 1423 1054 1462 ad
1074 1424 1258 1475 Propert.
1282 1422 1348 1470 IV,
1379 1424 1418 1470 7,
1455 1423 1510 1462 87
1541 1427 1581 1459 et
1614 1421 1662 1459 al.

926 1482 1064 1521 Altera
1084 1487 1202 1534 porta
1232 1480 1396 1518 meliore
1425 1478 1586 1530 quidem
1605 1485 1665 1518 est

926 1540 1115 1588 materia,
1146 1539 1294 1576 scilicet
1312 1539 1487 1586 eburna,
1515 1538 1586 1576 sed.
1613 1551 1665 1575 ex

927 1613 972 1637 ea
992 1613 1073 1637 non
1094 1599 1200 1650 ipsae
1220 1597 1414 1644 Umbrae,
1437 1595 1507 1633 sed
1526 1609 1664 1634 earum

925 1658 1207 1711 phantasmata
1243 1669 1313 1694 seu
1343 1656 1517 1703 Larvae,
1566 1669 1664 1706 pro-

928 1716 1110 1754 cedunt:
1161 1714 1321 1752 Horatii
1357 1727 1467 1750 vana
1502 1714 1660 1764 imago,

928 1788 1032 1826 (Iuste
1066 1780 1189 1823 porta
1220 1772 1342 1822 ficgic
1379 1771 1528 1808 eburna
1549 1801 1560 1819 ,
1594 1785 1662 1808 so-

929 1833 1085 1869 mnium
1107 1830 1254 1867 [lucens
1270 1846 1280 1866 .·
1316 1828 1380 1876 ΙΙΙ,
1405 1831 1473 1875 27,
1496 1829 1565 1868 41.
1595 1830 1664 1866 ηἰ-

930 1898 1038 1937 tem,
1081 1893 1223 1937 ornat,
1264 1885 1379 1939 (mihi
1406 1885 1506 1923 haec
1535 1901 1663 1935 „ccm-

927 1948 1039 1986 clenti
1057 1946 1240 1997 perfecta
1266 1944 1507 1995 eleplzanlo“
1536 1958 1664 1996 appo-

929 2006 1002 2044 sita
1018 2004 1213 2043 videntur
1241 2003 1292 2041 ad
1313 2005 1469 2048 niten35
1502 2003 1584 2041 vid.
1617 2003 1663 2041 V.

930 2065 972 2102 L.
994 2062 1045 2100 ad
1064 2062 1113 2111 V,
1136 2062 1203 2110 24,
1228 2076 1266 2099 n.
1289 2059 1327 2101 4.
1370 2060 1508 2110 Itaque
1530 2066 1664 2098 totum

929 2123 1065 2160 locum
1086 2121 1142 2158 ita
1161 2119 1331 2171 accipio:
1361 2118 1488 2156 altera
1504 2132 1663 2166 cornea,

932 2186 1226 2233 proptereaque
1247 2177 1548 2226 obscurior,
1578 2177 1663 2214 ni—

929 2245 1043 2277 tens
1074 2237 1224 2286 altera,
1255 2243 1303 2273 ut
1334 2234 1547 2287 elephanto
1568 2248 1664 2286 per-

930 2298 1043 2335 fecta.
1082 2297 1151 2334 PV
1147 2293 1200 2348 r.)
1237 2293 1447 2345 perfec-la,
1481 2292 1663 2346 τετυγμέ-

931 2371 1004 2407 νη,
1037 2353 1102 2392 vel
1124 2360 1173 2391 ut
1190 2353 1307 2390 Hom.
1338 2352 1383 2391 αἱ
1411 2347 1453 2391 δ’
1477 2350 1665 2400 ἐλέφαντι

930 2408 1172 2464 τετεύχαται.
1232 2410 1400 2458 Manes,
1435 2408 1475 2447 h.
1495 2422 1526 2446 e.
1545 2408 1665 2447 inferi

933 2471 1124 2518 mittunt3
1156 2468 1319 2521 (Tibull.
1355 2467 1400 2514 II,
1432 2470 1469 2515 6,
1499 2469 1552 2509 37
1588 2480 1664 2516 sq.:

934 2529 1019 2580 „Ne
1053 2528 1127 2565 tibi
1163 2525 1331 2578 neglecti
1368 2526 1531 2563 mittant
1560 2524 1663 2562 mala

934 2586 1086 2624 somnia
1105 2585 1264 2633 Manes,
1297 2583 1527 2632 Moestaque
1553 2581 1663 2632 sopi—

934 2652 999 2682 tae
1013 2650 1092 2681 stet
1112 2657 1227 2681 soror
1247 2647 1336 2678 ante
1348 2641 1524 2677 torun].“
1544 2637 1661 2691 lVr.)

933 2715 984 2740 ex
1011 2701 1148 2739 inferis
1179 2699 1230 2737 ad
1258 2698 1439 2735 homines
1473 2694 1665 2749 (namque

934 2759 978 2797 id
1014 2765 1093 2806 est,
1134 2758 1193 2794 ad
1216 2754 1393 2807 eaelum)
1436 2756 1663 2806 procedunt

934 2816 1011 2854 hac
1031 2816 1153 2852 altera
1188 2820 1305 2866 porta
1337 2815 1511 2862 Larvae3
1552 2813 1662 2860 haec,

934 2874 975 2912 vi
1008 2872 1201 2924 oppositi,
1240 2885 1321 2910 esse
1356 2871 1503 2909 debent
1540 2870 1665 2921 salsa

936 2932 1138 2969 insomnia
1157 2946 1172 2978 ;
1227 2936 1274 2968 ut
1308 2944 1394 2981 sup.
1435 2929 1484 2967 ad
1523 2930 1607 2970 888
1645 2940 1666 2964 e
