1731 3420
145 219 218 265 69
468 215 521 261 P.
570 212 925 263 VIRGILII
971 207 1342 259 MARONIS

145 340 350 400 Litora;
394 337 630 388 multum
662 336 755 386 ille
790 345 842 386 et
866 335 1017 384 terris
1054 334 1269 382 iactatus
1303 341 1356 381 et
1386 333 1510 395 alto,

146 457 219 490 vius
245 455 485 501 amplectitur,
530 463 565 489 ct
599 455 646 488 ita
670 455 799 487 sactum
824 451 984 491 videtur,
1021 456 1059 482 ut
1093 448 1278 493 genuinam
1311 449 1522 490 lectionem,
1556 461 1659 494 quam

147 504 222 548 ipse
249 511 448 548 propugnat
472 510 579 548 poeta
605 502 695 534 infra
722 501 780 540 IV,
807 499 907 533 236st
934 498 1033 537 „Nec
1057 496 1195 540 prolem
1219 497 1405 529 Ausoniam
1439 503 1474 529 et
1498 498 1659 530 Lavinia

146 549 293 595 respicit
317 553 433 589 arva‚“
462 551 533 583 eius
559 546 751 593 disputatio
779 545 974 589 expulerit3
1000 542 1070 576 vid.
1097 543 1237 575 omnino
1264 545 1306 583 Q.
1326 545 1369 576 V.
1390 544 1487 583 XVI,
1513 544 1546 578 5.
1580 545 1658 576 Ne—

148 609 216 641 que
241 609 260 629 a
285 596 505 637 Lavinio,
553 607 654 640 qnam
688 605 804 626 veram
830 602 906 624 esse
940 590 1041 622 huius
1067 589 1217 622 nominis
1252 590 1399 623 formam
1424 590 1514 622 infra
1539 590 1583 622 ad
1608 602 1657 623 vs.

146 644 227 679 270.
254 643 476 684 docebimus,
518 650 612 675 recte
645 640 684 672 fit
711 640 895 677 Larisum,
930 638 993 669 sed
1025 638 1219 670 Lavinius.
1278 638 1347 668 Iam
1381 648 1465 669 vero
1498 638 1659 669 Lavinia

148 690 287 736 quidem
313 702 352 721 cx
375 690 451 736 ipso
479 689 637 721 mediceo
662 685 800 719 reduxit
825 684 1010 724 Heinsiu53
1044 683 1106 715 sed
1130 683 1159 715 is
1175 709 1183 724 ,
1219 690 1254 715 ut
1279 683 1390 724 solet,
1425 683 1658 728 negligentius

147 736 300 782 inspexit
324 736 418 768 illum
445 736 623 776 codicem,
655 744 767 776 neque
802 737 928 775 puncta
1029 730 1116 763 vidit
1141 737 1316 763 extremae
1339 730 1480 763 litterae
1503 730 1658 770 adiecta;

149 796 238 828 quae
260 783 396 828 quidem
422 790 549 828 puncta
574 780 656 814 satis
683 780 807 811 crebro
841 778 876 809 in
902 777 963 810 illo
990 776 1112 809 codice
1142 776 1240 820 signa
1274 783 1353 809 sunt
1380 777 1528 817 liturae3
1566 777 1658 809 unde

149 842 273 873 magna
299 829 410 862 oritur
435 828 608 874 suspicio,
634 826 781 871 primum
807 824 973 869 scriptum
998 824 1105 856 fuisse
1130 825 1337 868 Laviniaq„
1370 831 1405 857 et
1430 824 1478 857 ita
1503 835 1659 868 prorsus,

150 878 397 920 Laviniaque,
427 883 539 908 exstat
562 874 598 906 in
623 886 691 905 nno
716 874 912 905 Moretano.
960 871 1029 904 Vix
1056 878 1170 903 autem
1195 870 1354 912 dubites,
1386 871 1467 915 quin
1503 871 1660 904 Servium

151 923 336 956 offenderit
368 923 428 955 illa
456 923 554 955 huius
579 919 751 953 Adiectivi
788 920 900 951 forma
924 924 1137 963 propterea,
1172 917 1266 961 quod
1291 917 1340 950 ita
1366 917 1424 950 hic
1447 930 1566 950 versus
1592 929 1659 950 una

151 970 286 1015 syllaba
311 970 487 1002 abundare
512 968 710 1002 vidcrct11r;
738 966 798 998 sed
824 965 908 997 satis
933 963 1096 997 usitatum
1123 964 1193 996 hoc
1217 964 1418 1008 synizeseos
1445 977 1552 1009 genus
1572 963 1660 997 Vir-

151 1018 247 1061 gilio.
301 1020 348 1049 Ac
380 1016 406 1048 si
443 1016 562 1048 durum
596 1014 664 1046 hoc
691 1014 940 1057 Laviniaque,
973 1023 1055 1043 num
1088 1010 1201 1043 minus
1226 1011 1367 1053 durum,
1403 1011 1497 1056 quod
1531 1010 1661 1055 legitur

151 1069 236 1097 Aen.
257 1065 332 1103 Vll,
359 1063 456 1098 ⁶237..-
500 1059 752 1103 „praeferimus
785 1059 941 1091 manibus
978 1058 1082 1091 vittas
1116 1070 1156 1091 ac
1186 1058 1293 1091 verba
1320 1059 1552 1106 precantia.“
1600 1058 1661 1097 Vl,

151 1112 227 1145 33.:
273 1110 387 1151 „Quin
420 1116 585 1153 protenus
624 1108 743 1140 omnia
771 1105 1059 1149 perlegerent?“
1107 1106 1159 1145 V,
1192 1106 1280 1140 269:
1327 1104 1476 1146 „evincti
1500 1111 1660 1149 tempora

152 1159 319 1190 taeniis-f*
367 1158 442 1197 VH,
473 1156 572 1190 769.:
619 1154 814 1194 „Paeoniis
844 1159 1043 1185 revocatum
1067 1151 1231 1185 herbis.“
1281 1153 1362 1193 XII,
1385 1150 1484 1186 401.:
1537 1153 1661 1194 „Pae-

154 1206 274 1237 onium
300 1203 334 1235 in
359 1206 526 1235 morem.“
561 1200 659 1241 vide,
686 1200 714 1232 si
740 1199 837 1243 plura
861 1207 1027 1243 congesta
1052 1198 1167 1243 cupis,
1201 1199 1298 1232 Jahn.
1323 1199 1367 1231 ad
1392 1200 1453 1239 VI,
1477 1199 1533 1234 33.
1560 1204 1595 1231 et
1617 1198 1661 1230 ad

152 1252 215 1283 Ge.
240 1251 298 1291 IV,
324 1250 404 1284 243.
448 1251 588 1282 Samen.
627 1247 670 1279 ad
702 1248 846 1279 Terent.
872 1247 982 1279 Maur.
1016 1259 1051 1291 p.
1076 1245 1157 1280 429.
1184 1258 1235 1290 sq.

152 1299 274 1329 Horat.
300 1297 324 1336 Ι,
350 1297 382 1336 8,
410 1296 440 1329 1.

144 1343 233 1390 fluo
259 1342 325 1375 hoc
358 1341 479 1374 ordine
518 1341 596 1374 cod.
631 1340 707 1373 Alb.
749 1341 847 1384 lVr.)

152 1402 207 1435 ap.
231 1390 345 1421 Burm.

152 1445 248 1476 tum,
274 1442 311 1467 ut
335 1447 424 1467 nova
453 1435 625 1466 sententia
652 1440 827 1477 exsurgat,

153 1483 300 1514 Italiam
312 1507 320 1521 ‚

152 1530 255 1568 XXI,
281 1530 312 1562 8.
343 1527 438 1571 lVr.)

154 1575 277 1608 tjnctio
299 1574 407 1608 illata.

155 1658 349 1710 proximis
371 1671 459 1707 vv.;
487 1657 601 1694 nimis
618 1656 697 1695 hoc
714 1656 875 1707 quidem

157 1724 288 1755 tenue.
331 1716 466 1766 Itaque
489 1722 609 1763 recte,
641 1715 672 1752 si
693 1714 791 1765 quid
810 1714 876 1752 vi-

158 1775 255 1821 deo,
295 1774 571 1811 Burmannus:
615 1774 773 1820 „Arma
813 1773 878 1810 νί-

158 1846 320 1882 rumque
359 1846 481 1877 ι-αηω,
524 1843 573 1866 ex
618 1830 798 1867 sollemni
841 1834 879 1866 et

159 1888 351 1927 sexcentis
384 1888 490 1939 apud
508 1894 660 1925 veteres
680 1888 776 1925 locis
796 1888 878 1924 usi-

160 1953 243 1984 tata
277 1946 466 1993 formula,
513 1945 581 1983 ubi
621 1945 683 1982 his
723 1945 880 1983 duobus

159 2004 286 2042 omnis
323 2003 384 2040 vel
417 2003 612 2049 civitatis,
658 2003 723 2040 vel
756 2002 879 2052 regni,

160 2063 222 2099 vel
261 2061 410 2098 unius
442 2059 667 2097 hominis
710 2060 878 2097 excel-

161 2118 329 2156 leutia
361 2123 413 2154 et
453 2118 614 2155 robur
646 2117 879 2155 absolvi-

161 2178 296 2214 tur.“
375 2175 486 2211 Adde
523 2175 712 2225 exemplis
749 2175 798 2212 ab
833 2187 878 2212 eo

161 2233 331 2271 laudatis
365 2233 444 2269 Liv.
476 2233 554 2280 IX,
586 2232 678 2272 24.:
731 2246 882 2282 „quum

163 2291 264 2328 tela
297 2297 335 2328 ct
377 2299 604 2327 armatos
644 2296 778 2327 tenere
815 2303 883 2326 ar-

159 2362 244 2385 cein
275 2347 537 2397 multiplicato
569 2360 735 2383 numero
766 2347 884 2384 audi-

160 2409 287 2443 rent.“
347 2406 426 2441 Mc
448 2405 537 2440 licet
565 2404 760 2452 dubitare,
789 2404 885 2454 quin

160 2464 214 2500 sie
266 2462 501 2498 inu-lloxvrii
560 2461 707 2510 Virgilii
763 2462 886 2498 verba

160 2520 329 2557 Ovidius
359 2520 475 2556 'si-ist.
497 2519 538 2563 ll,
571 2521 683 2558 553.;
715 2519 885 2566 „Aenei-

162 2578 233 2614 dos
277 2583 416 2614 auctor
451 2575 632 2612 Contulit
664 2576 704 2611 in
742 2577 884 2626 'syrios

160 2649 291 2671 arina
322 2648 342 2670 v
361 2634 399 2670 ii·
414 2647 485 2669 uin
499 2647 520 2681 (1
538 2646 594 2669 ue
618 2636 815 2671 toi-05:71
830 2634 883 2684 vr.)

165 2695 264 2729 Fato
302 2691 501 2740 pram-lare
541 2691 722 2740 ponitur,
765 2691 884 2728 ulad

161 2750 328 2786 ‹lcoruin
352 2749 623 2785 interventum
647 2755 760 2797 pocta
781 2748 883 2785 viani

163 2807 336 2852 muniat,
359 2807 559 2854 prosit-grus
587 2807 717 2841 wall:
746 2812 885 2842 ornate

162 2864 261 2902 illud
293 2863 502 2906 adici-ium,
536 2868 573 2897 ct
596 2862 732 2898 melius
756 2862 885 2911 iungi-

164 2929 250 2960 tur:
299 2923 437 2958 'l'miae
475 2919 526 2956 ab
569 2922 646 2956 oris·
686 2934 761 2969 pro
784 2935 887 2968 ugus

1287 1246 1401 1279 Bentl.
1434 1245 1591 1289 aliosque
1616 1244 1661 1278 ad

489 1296 647 1327 Ceterum
681 1294 743 1326 cfr.
782 1293 886 1325 ctiam
910 1294 954 1326 V.
980 1294 1019 1326 L.
1046 1293 1091 1326 ad
1114 1292 1187 1326 Ecl.
1216 1293 1273 1332 Vl,
1298 1293 1357 1328 41.
1390 1312 1434 1317 -
1474 1291 1662 1338 profligas

954 1341 976 1375 3
1003 1348 1039 1373 et
1062 1347 1141 1372 ante
1165 1341 1275 1373 terris
1299 1340 1400 1372 abest
1424 1339 1459 1371 in
1486 1337 1661 1371 nonnullis

394 1388 554 1420 Ceterum
571 1399 639 1419 non
665 1387 755 1419 bene
779 1387 890 1419 maior
914 1386 1150 1430 interpunctio
1186 1385 1271 1432 poni
1294 1387 1433 1419 videtur
1458 1392 1540 1418 ante
1565 1385 1662 1418 mul-

875 1434 944 1466 Sed
969 1433 1196 1477 iungendum:
1232 1434 1373 1474 virum,
1400 1434 1462 1478 qui
1485 1434 1586 1465 venit
1604 1451 1624 1456 -
1641 1450 1663 1456 -

359 1482 514 1514 Lavinia
546 1482 676 1518 litora3
712 1481 864 1513 multum
900 1480 963 1512 ille
996 1482 1159 1512 iactatus
1182 1488 1217 1512 et
1243 1488 1268 1512 t.
1294 1489 1330 1513 ec
1355 1493 1388 1513 a.

1438 1479 1522 1522 (vid.
1550 1480 1592 1520 Q.
1617 1479 1662 1511 v.

498 1529 620 1573 Neque
644 1527 770 1570 video,
805 1539 865 1561 cur
892 1526 983 1560 infra
1007 1539 1038 1560 v.
1065 1528 1087 1562 6
1111 1533 1194 1560 ante
1221 1528 1348 1560 Genus
1380 1527 1492 1560 maior
1517 1525 1561 1559 sit
1586 1525 1663 1558 dis-

934 1658 1054 1694 venit.
1079 1678 1136 1685 —
1154 1657 1334 1707 primus:
1378 1655 1507 1693 videri
1534 1659 1665 1706 potest

936 1714 1102 1762 dictum,
1133 1719 1320 1765 respectu
1341 1726 1433 1750 suae
1461 1712 1596 1764 stirpis
1618 1725 1664 1749 ac

935 1772 1060 1822 gentis
1090 1784 1219 1809 novae
1239 1771 1281 1808 in
1302 1771 1437 1819 Italia,
1469 1771 1580 1809 cuius
1599 1769 1664 1807 ille

938 1830 1016 1867 fuit
1033 1835 1174 1867 auctor
1205 1842 1250 1866 ac
1271 1828 1474 1880 princeps,
1508 1830 1664 1879 primas

938 1887 1058 1924 etiam
1084 1888 1181 1935 suit,
1219 1886 1288 1937 qui
1318 1887 1475 1924 veniret
1500 1887 1543 1924 in
1565 1884 1665 1922 haec
1713 1931 1715 1934 Α

937 1946 1045 1983 loca:
1069 1947 1226 1994 primu-5
1253 1945 1324 1995 qui
1348 1946 1454 1982 venit
1476 1943 1660 1989 Ιίαίἰανη,

938 2004 1120 2040 Lavinia
1136 2004 1268 2040 litora.
1299 2001 1542 2053 Interpretes
1557 2001 1664 2039 mul-

938 2066 979 2098 ta
1013 2059 1236 2098 moliuntur
1269 2058 1313 2096 in
1343 2059 1384 2097 h.
1412 2059 1437 2097 l.
1477 2059 1665 2109 quoniam

937 2118 1119 2155 Antenor
1137 2118 1217 2155 iam
1233 2122 1325 2154 ante
1351 2116 1402 2154 ad
1423 2116 1578 2154 Italiam
1597 2129 1666 2153 ac-

939 2181 1123 2214 cesserat.
1191 2174 1342 2212 Aeneas
1382 2180 1518 2212 tamen
1558 2179 1666 2212 recte

942 2234 1093 2285 primus
1122 2246 1142 2270 e
1174 2232 1358 2270 Troianis
1385 2234 1427 2269 in
1459 2232 1535 2269 lias
1568 2239 1667 2268 certe

946 2292 1092 2328 ltaliae
1145 2298 1284 2340 parles
1336 2291 1393 2327 ad
1443 2291 1666 2326 Lavinium

945 2347 1071 2399 (quod
1093 2347 1172 2385 iam
1194 2354 1335 2385 auctor
1365 2347 1456 2384 libri
1486 2346 1534 2384 de
1560 2346 1666 2395 Orig.

944 2409 991 2443 G.
1012 2407 1126 2443 Rom.
1148 2419 1180 2443 e.
1206 2408 1223 2445 1
1254 2403 1428 2455 monuit)
1462 2405 1668 2455 pervenit,

944 2477 1035 2501 nain
1058 2462 1241 2501 Antenor
1264 2462 1315 2500 ad
1339 2463 1510 2500 Venetos
1538 2461 1580 2498 in
1603 2461 1668 2498 in—

941 2521 1039 2558 timo
1078 2520 1168 2558 sinu
1211 2519 1430 2567 Adriatico,
1491 2518 1668 2568 adeoque

941 2578 982 2614 in
1009 2578 1080 2614 alia
1105 2578 1239 2614 ltaliae
1261 2583 1396 2628 parte,
1438 2589 1539 2626 quae
1571 2576 1667 2613 Gal-

944 2636 1016 2672 liae
1045 2635 1264 2686 Cisalpinae
1294 2640 1402 2681 erat,
1445 2633 1667 2684 appulerat.

943 2694 991 2730 cs.
1010 2693 1076 2730 ins.
1089 2693 1184 2733 247.
1216 2694 1470 2741 Quamquam
1493 2697 1544 2737 et,
1562 2692 1669 2727 alio-

943 2765 1030 2786 rum
1052 2752 1200 2787 ltaliae
1216 2751 1374 2800 proprie
1406 2749 1536 2784 ‹lis-tae
1560 2748 1669 2784 colo-

943 2822 1082 2843 norum
1100 2816 1275 2857 respectu
1288 2835 1298 2853 ,
1333 2806 1484 2857 primus
1505 2805 1669 2853 Aeneas,

944 2865 1084 2914 utique
1115 2879 1135 2900 e
1170 2865 1371 2910 Troianas,
1411 2862 1564 2900 Italiam
1596 2862 1670 2899 ad-

944 2921 1010 2971 iit,
1048 2936 1140 2960 nain
1173 2921 1242 2972 qui
1273 2926 1367 2958 ante
1391 2933 1482 2958 eum
1517 2921 1668 2958 ltaliam
