1827 3436
340 241 752 290 AENEmos
802 243 946 293 ΜΒ.
983 245 1047 306 Π,
1084 250 1338 300 98-108

1495 260 1592 306 283

95 368 266 433 quue
308 366 489 415 audire
521 374 598 414 sat
627 372 737 416 est?
792 367 1115 417 Iamdudum
1148 372 1341 421 sumite
1373 390 1596 438 poenas;

95 441 210 486 Hoc
238 435 448 485 Ithacus
476 434 626 498 velit,
665 445 718 485 et
748 452 943 500 magno
973 449 1281 489 mercentur
1307 442 1530 495 Atridae.

167 509 305 555 Tum
358 521 487 554 vero
544 505 794 555 ardemus
844 507 1013 555 scitari
1063 517 1116 558 et
1158 527 1413 576 quaerere
1456 529 1599 562 caus-

875 592 969 635 saS,
1505 588 1599 635 105

94 643 265 707 Ignari
286 642 551 692 scelerum
583 652 856 694 tantorum
891 646 1120 713 artisque
1149 647 1408 712 Pelasgae.

94 713 442 778 Prosequitur
476 714 737 779 pavitans,
777 724 830 763 et
866 714 992 764 ficto
1026 725 1245 782 pectore
1278 716 1429 770 fatur.

168 784 339 848 Saepe
361 781 542 846 fugam
569 784 734 832 Danai
760 786 918 834 Troia
954 787 1168 851 cupiere
1198 787 1378 837 relicta

171 869 281 916 103.
302 879 422 923 ES'r3
459 880 491 915 1.

632 879 850 917 POENAS.

187 981 199 1024 (
221 980 355 1015 —103.
381 981 560 1026 Interpres
584 980 687 1014 Maii:
714 981 898 1027 „Plerique
921 989 1037 1016 tamen
1059 983 1107 1016 sie
1131 982 1368 1028 distinguunt:
1393 985 1508 1029 quue
1530 997 1598 1017 ou-

94 1027 173 1060 dire
191 1035 250 1060 sat
268 1036 322 1060 est
337 1028 584 1060 iamdudum.“

618 1030 662 1060 Et
680 1028 727 1062 ita
745 1029 981 1073 distinguebat
991 1030 1167 1063 Catroeus.
1191 1032 1286 1073 Wr.)

1365 1032 1431 1065 104
1457 1032 1557 1063 Haec
1568 1034 1598 1064 J.

93 1073 225 1106 Marius
246 1074 448 1107 Victorinus
471 1075 506 1107 in
529 1079 610 1108 Arte
633 1077 821 1109 Grammat.
845 1088 876 1110 v.
895 1077 1013 1110 Heins.
1034 1077 1095 1109 inf.
1115 1077 1159 1109 ad
1179 1076 1258 1111 664.
1284 1077 1352 1110 lzoc
1374 1090 1506 1122 magno
1526 1084 1598 1111 tres

93 1120 224 1153 Moret.
244 1122 381 1165 Menag.
407 1134 460 1165 pr.
486 1122 585 1155 Leid.
615 1129 651 1154 et
680 1122 797 1155 Schol.
825 1125 966 1164 Horat.‚
1004 1136 1066 1156 nec
1095 1123 1278 1167 (lisplicet;
1310 1124 1384 1157 scil.
1413 1131 1449 1155 ut
1475 1124 1598 1168 copula

94 1166 194 1200 absit.

236 1168 318 1212 (,‚ln
337 1168 483 1201 membr.
509 1168 640 1201 nostris
665 1176 843 1213 postremo
864 1171 972 1202 verbo
993 1171 1229 1213 superscripta
1253 1170 1371 1212 glossa
1393 1171 1497 1202 lzoc.“
1547 1172 1598 1203 lta

94 1214 241 1247 Brunck.
271 1215 367 1255 lVr.)
421 1215 587 1255 Ithacus,
611 1211 766 1255 Ἴθακος
793 1229 868 1249 cum
902 1216 1080 1260 Euripide.
1109 1229 1140 1249 v.
1167 1230 1196 1249 c.
1226 1217 1375 1260 Cyclops
1402 1228 1440 1249 v.
1467 1217 1531 1250 103
1564 1224 1597 1248 vt

93 1260 184 1294 aliis.
233 1262 333 1306 Apud
350 1263 450 1294 Hom.
470 1258 691 1306 Ἰθακήσιος.

93 1310 256 1341 scrutari
275 1309 385 1342 Goth.
402 1321 471 1341 sec.
483 1335 492 1350 ,

518 1309 612 1354 quod
626 1309 769 1353 vulgare
799 1318 900 1343 esset.

790 1265 856 1298 105
881 1267 975 1296 Dum
994 1276 1081 1296 vero
1104 1263 1200 1295 Leid.
1219 1264 1352 1295 sciture
1379 1264 1459 1295 Exc.
1485 1264 1596 1295 Burm.

998 1309 1065 1344 106
1091 1309 1241 1354 Pelasgi
1268 1310 1435 1354 Excerpta
1466 1309 1596 1342 eadem.

96 1356 162 1388 108
190 1355 339 1388 voluere
358 1355 509 1388 Carisius
528 1369 561 1401 p.
585 1356 651 1391 193
664 1382 674 1398 ‚
698 1355 758 1388 ubi
775 1369 883 1403 saepe
900 1368 964 1402 pro
984 1357 1178 1401 aliquoties
1200 1356 1354 1400 explieat
1387 1357 1499 1388 Burm.

93 1449 199 1487 mine
225 1464 307 1488 non
335 1450 549 1489 scelerato:
587 1465 658 1489 nec
687 1466 819 1489 omnes

94 1507 274 1546 conscius
294 1511 478 1559 strepilus
490 1511 666 1559 pavetf‘
704 1508 816 1562 lVr.)

97 1567 243 1617 rquae
273 1579 364 1603 sane
388 1564 477 1618 (ὂή,
510 1565 632 1618 enim)
664 1568 819 1618 requie-

99 1625 157 1660 νίι
193 1629 268 1660 etc.
328 1625 458 1660 Arma
482 1630 615 1661 autem
644 1624 747 1661 dicta
770 1624 819 1661 de

95 1680 268 1718 consiliis
288 1687 328 1718 et
355 1680 526 1730 insidiis,
558 1682 638 1719 sere
660 1687 708 1720 ut
727 1696 820 1719 ma-

99 1737 267 1787 chinae,
308 1736 598 1790 μηχανήματα,
633 1738 819 1790 μηχαναὶ,

95 1791 248 1848 τεύχεα.
306 1796 403 1834 Mox
438 1797 606 1835 reticere
635 1798 822 1834 Sinonem

95 1867 248 1891 summa
263 1868 352 1892 cuin
368 1860 465 1903 arte,
479 1861 578 1903 tuin,
599 1869 722 1905 quum
736 1868 822 1892 ma—

95 1911 245 1949 ximam
259 1913 581 1964 expectationem
602 1913 821 1961 excitasset,

95 1969 210 2007 facile
230 1970 397 2021 quisque
419 1971 548 2008 sentit.

157 2030 304 2071 102-
322 2027 414 2069 104.
455 2029 544 2065 Uno
564 2028 696 2065 ordine
709 2057 719 2075 ,
748 2041 822 2079 pro

97 2085 274 2136 vulgari,
307 2100 386 2123 mlo
413 2086 520 2134 loco,
555 2085 717 2123 Servius
746 2099 823 2122 ιιηο

97 2151 209 2180 reatu
225 2172 236 2191 ,
269 2149 309 2180 et
337 2157 358 2179 a
380 2157 606 2181 caussarum
637 2142 824 2180 classibus

98 2200 162 2238 vel
191 2200 399 2238 ordinibus
430 2201 733 2252 explicationem
761 2201 823 2237 ni—

98 2258 172 2295 mis
192 2257 311 2296 docte
332 2258 444 2310 petit.
466 2259 584 2310 idque
603 2258 742 2294 audire
762 2265 825 2294 sat

98 2323 168 2353 est.
211 2315 328 2354 Varie
357 2323 397 2354 ct
427 2315 506 2354 hoc
541 2315 755 2366 exponitur
785 2320 825 2351 et

99 2374 246 2425 exponi
282 2379 426 2426 potest.
497 2373 645 2421 Placet,
686 2372 824 2409 audire

98 2432 164 2479 id,
209 2444 290 2469 esse
314 2445 377 2469 me
406 2445 533 2469 unum
562 2444 611 2468 ex
642 2428 824 2477 Achivis,

99 2494 138 2525 et
158 2488 208 2526 ad
227 2489 395 2541 primam
416 2487 702 2527 enuntiationis
726 2500 824 2538 par-

100 2552 181 2583 tem
197 2548 349 2585 resero:
380 2549 416 2584 si
433 2555 495 2584 sat
514 2554 580 2586 est.
641 2545 704 2582 Ad
725 2558 825 2596 apo-

100 2603 215 2641 dosin
235 2605 417 2642 retulisse
432 2604 596 2642 videtur
618 2602 757 2650 Cerda,
782 2607 826 2638 ut

100 2660 172 2710 sit,
194 2662 258 2700 vel
276 2662 374 2699 haec
394 2662 533 2700 audire
552 2660 646 2698 satis
668 2666 749 2707 est,
770 2659 825 2695 nil

99 2724 145 2756 ut
166 2720 334 2771 amplius
357 2719 502 2758 addam
522 2731 691 2758 necesse.
747 2715 825 2753 Sed

100 2776 145 2814 icl
159 2783 200 2814 et
219 2792 293 2829 que
315 2783 352 2815 et
371 2779 510 2814 audire
530 2790 604 2827 pro
624 2776 825 2812 auditis-se

99 2833 216 2871 valde
255 2834 401 2872 duram
438 2834 659 2873 orationem
691 2831 824 2869 effice-

99 2897 200 2930 rent.
260 2891 504 2930 Manendum
522 2891 621 2928 adeo
638 2890 678 2927 in
699 2889 825 2940 prima

97 2948 441 3001 interpretatione,
466 2962 587 2999 quam
609 2954 650 2985 et
667 2946 827 2984 Servius

876 1451 1064 1502 agnoscit.
1097 1448 1232 1503 (idque
1264 1450 1403 1487 audire
1434 1458 1496 1487 sal
1530 1458 1596 1497 est,

876 1509 985 1547 i.e.si
1009 1508 1069 1546 ad
1089 1507 1435 1558 cognoscenda
1458 1507 1597 1558 prin-

876 1566 1043 1618 cipum
1065 1564 1376 1603 Achivorum
1397 1564 1597 1614 ingenia

877 1625 972 1661 satis
1001 1630 1081 1671 est,
1111 1622 1176 1671 id,
1216 1622 1319 1660 lianc
1346 1635 1465 1659 unam
1501 1633 1598 1669 reni,

879 1681 1028 1719 audire.
1059 1694 1136 1718 uno
1149 1680 1305 1717 ordine:
1334 1692 1458 1717 unum
1480 1678 1598 1726 noris,

880 1751 1015 1777 omnes
1036 1737 1216 1786 noveris5
1249 1737 1357 1787 quod
1389 1750 1508 1787 supra
1543 1750 1599 1773 vs.

880 1795 949 1838 64.
973 1797 1096 1834 dixit:
1121 1795 1308 1843 „erimine
1328 1794 1375 1831 ab
1397 1807 1476 1830 uno
1490 1793 1601 1829 Disce

880 1856 1054 1892 omneS.“
1104 1851 1439 1903 Interpunetionis
1467 1856 1600 1888 muta-

880 1912 937 1949 tio
955 1925 1012 1950 VS.
1037 1913 1127 1951 102.
1148 1923 1205 1960 sq.
1228 1910 1331 1947 sacta
1352 1909 1433 1960 ipsa
1450 1921 1488 1944 se
1510 1914 1600 1945 tue-

880 1968 1001 2008 bitur.
1037 1970 1081 2007 Il
1091 1966 1153 2020 ⁷1⁴.)
1229 1968 1325 2005 Mox
1366 1966 1601 2003 iamcludmn

882 2028 935 2064 ita
956 2026 1150 2078 positum,
1182 2030 1227 2061 ut
1247 2023 1371 2076 possit
1389 2035 1459 2074 per
1479 2036 1601 2073 quam

879 2087 1056 2135 primum
1091 2083 1255 2134 exponi,
1305 2086 1351 2118 ut
1393 2093 1516 2131 saepe.
1554 2080 1599 2116 cs.

882 2142 1017 2179 Burni.
1058 2140 1182 2190 Vulgo
1221 2140 1459 2175 dicei-cinus:
1500 2137 1599 2172 iain-

884 2199 1036 2236 dudum
1055 2210 1208 2235 sumere
1227 2195 1424 2233 debeLatis
1442 2207 1597 2244 poenas.

884 2257 1029 2294 Versus
1052 2254 1130 2295 104
1160 2254 1381 2291 illustratur
1412 2264 1461 2287 ex
1490 2249 1599 2289 lliad.

885 2330 929 2361 α,
949 2314 1030 2355 255
1044 2306 1099 2350 ῗΗ
1111 2326 1179 2350 κεν
1201 2306 1381 2363 γηθήσαι
1405 2308 1601 2359 Πρίαμος,

886 2365 1086 2421 Πριάμοιό
1116 2382 1155 2406 τε
1184 2368 1345 2413 παῖδες,
1387 2362 1523 2404 ’Ἄλλοι
1560 2379 1598 2402 τε

889 2430 1020 2479 Τρῶες
1030 2424 1127 2477 μέγα
1142 2439 1211 2463 κεν
1224 2423 1453 2474 κεχαροίατο
1466 2424 1600 2474 θυμῷ,

887 2485 940 2524 Εἰ
951 2506 1016 2520 -.
1036 2483 1198 2519 ltlmcas
1223 2483 1242 2517 L
1257 2482 1394 2532 lysses,
1425 2485 1471 2515 ut
1495 2480 1600 2515 ΙΙαΙιι

881 2556 980 2591 gens
1014 2546 1052 2577 et
1083 2539 1234 2576 similia.
1303 2537 1408 2574 Alias
1438 2532 1600 2584 Ἰθακή-

885 2612 990 2645 σιος,
1016 2597 1249 2634 Ithacensis.
1286 2602 1502 2631 merc-entur
1520 2593 1599 2628 ele—

883 2655 1037 2707 gantius
1061 2667 1178 2702 quain
1202 2666 1340 2701 niagno
1364 2657 1508 2688 emant.

944 2716 1035 2752 107.
1064 2713 1175 2748 lvii-10
1198 2718 1376 2759 suff-lore,
1419 2707 1466 2743 nd
1493 2708 1599 2743 frau—

884 2771 971 2808 dem
997 2767 1213 2819 composito
1234 2766 1386 2812 aninlo,
1411 2764 1598 2800 li.e.sub—

884 2827 971 2865 dole
995 2833 1029 2863 et
1050 2824 1334 2863 fraudulenter.
1395 2821 1488 2858 Mox
1512 2823 1599 2860 108.

884 2888 923 2926 9.
945 2886 1073 2921 moliri
1091 2883 1248 2932 ι[ὶᾳζαηι
1278 2892 1396 2930 grave
1425 2877 1600 2915 vocabu-—

885 2944 964 2980 lum
989 2956 1060 2993 pro
1080 2952 1240 2991 parare,
1267 2951 1303 2975 v.
1324 2950 1407 2986 sup.
1432 2935 1468 2981 l,
1500 2933 1599 2978 4043
