1811 3388
348 224 752 276 AENEIDOS
793 226 931 275 LlB.
968 226 1056 287 IV,
1097 231 1384 279 641—651
1509 237 1608 284 703

114 352 371 402 Interiusa
391 365 548 414 genas
563 389 575 410 ,
616 357 667 397 et
688 348 879 413 pallida
900 358 1074 398 morte
1103 348 1295 412 sutura,

114 422 366 470 Interiora
391 418 583 467 domus
610 418 863 483 inrumpit
883 418 1088 480 limina,
1128 427 1179 467 et
1203 418 1333 467 altos
1509 427 1609 475 645

115 487 436 540 Conscendit
457 486 743 536 furibunda
765 502 946 550 rogos,
985 503 1277 553 ensemque
1307 489 1532 540 recludit

111 557 456 617 Dardanium,
494 572 603 604 non
627 555 725 604 hos
748 557 1043 621 quaesitum
1070 573 1264 605 munus
1292 558 1344 606 in
1373 575 1510 611 usus,

110 628 229 686 Hic,
267 634 550 691 postquam
578 624 755 674 Iliacas
782 627 935 674 vestis
963 635 1260 692 notumque
1289 627 1460 676 cubile

114 695 420 760 Conspexit,
449 693 688 760 paullum
711 693 934 742 lacrimis
956 703 1007 744 et
1028 704 1210 744 mente
1233 705 1452 760 morata,

110 764 460 829 Incubuitque
484 772 627 824 toro,
669 763 899 828 dixitque
923 765 1204 812 novissima
1228 765 1413 816 verba:

177 833 370 883 Dulces
391 834 623 895 exuviae,
666 832 794 881 dum
817 831 918 882 fata
938 833 1175 900 deusque
1199 834 1416 897 sinebat,

1507 771 1607 818 650

178 928 290 975 651.
330 939 579 973 §mi-:EAM

148 1064 221 1110 '645
247 1075 401 1121 irrupit,
433 1075 655 1119 perrumpit.
685 1075 910 1120 prorumpit,
950 1072 1150 1119 abrumpit,
1186 1075 1347 1107 aberrant
1384 1075 1484 1107 codd.
1513 1075 1605 1118 apud

112 1122 287 1153 Burmann.
359 1122 426 1155 646
452 1120 664 1153 moribunda
686 1122 773 1152 Ven.
823 1122 948 1153 thoros
966 1121 1125 1153 Parrlias.
1174 1122 1322 1153 reclusit
1345 1121 1433 1153 Gud.
1454 1134 1472 1153 a
1491 1134 1534 1153 m.
1553 1133 1604 1165 pr.

112 1167 251 1200 Dorvill.
275 1175 305 1199 et
328 1168 479 1198 Donatus
507 1167 548 1198 ad
568 1168 710 1198 Terent.
733 1167 932 1209 Adelph.11,
948 1169 975 1201 l.
1002 1168 1190 1210 restringit
1208 1179 1261 1199 un.
1278 1167 1392 1200 Heius.
1442 1167 1509 1201 647
1531 1180 1603 1200 non

109 1214 214 1246 hosce
241 1214 401 1246 relictum
427 1224 467 1244 ex
498 1225 528 1244 v.
554 1214 620 1247 507
644 1214 774 1246 emend.
805 1215 890 1245 Tan.
911 1213 1033 1245 Faber.
1083 1215 1151 1245 Sed
1183 1213 1250 1245 vid.
1275 1215 1453 1246 Burmann.
1475 1221 1509 1245 et
1531 1220 1603 1246 not.

110 1261 264 1302 t—G-§S-
294 1268 411 1291 vestes
429 1259 551 1291 Medic.
584 1260 674 1302 ll'r.)
768 1262 835 1293 649
854 1272 983 1303 parurn
1002 1260 1070 1291 dun
1090 1272 1106 1290 e
1129 1259 1254 1302 glossa.
1305 1261 1474 1292 lacrimas
1495 1260 1602 1292 Goth.

109 1317 161 1349 pr.
209 1314 326 1337 mente
343 1314 478 1337 remota
499 1308 611 1349 Spret.
705 1307 769 1340 651
798 1306 925 1349 Sisicta
944 1305 1031 1338 alter
1053 1306 1173 1337 llamb.
1223 1305 1363 1338 sinebat
1384 1307 1506 1342 Medic.
1529 1318 1603 1338 cum

109 1352 208 1384 codd.
229 1358 346 1396 parte,
374 1352 474 1383 etiam
494 1352 726 1383 Pierianorum
741 1378 748 1389 ,
773 1352 926 1384 doctius:
957 1360 992 1383 nt
1011 1351 1115 1384 mirer
1134 1353 1169 1383 id
1200 1364 1217 1384 a
1241 1352 1322 1384 viris
1346 1353 1459 1385 doctis
1480 1353 1602 1385 ‹limis-

108 1410 179 1430 sum
208 1398 360 1429 manibus
388 1409 472 1429 esse.
520 1401 563 1429 At
593 1397 759 1429 sc'nelmnt
788 1405 904 1429 tuetur
936 1398 1025 1430 inter
1054 1398 1141 1430 alios
1169 1399 1289 1440 fragm.
1320 1399 1434 1432 Vatic.
1485 1400 1602 1442 (etiam

107 1444 215 1476 Palat.
265 1444 415 1486 Iteposui
437 1442 577 1475 sinebat
596 1469 604 1483 ‚
629 1445 721 1486 quod
743 1444 843 1476 etiam
863 1456 902 1476 ex
923 1447 975 1478 lO.
999 1452 1033 1476 et
1054 1456 1094 1476 ex
1125 1456 1190 1476 uno
1215 1445 1329 1477 Guell'.
1360 1458 1377 1478 a
1409 1446 1528 1478 Cortio
1559 1447 1600 1478 ad

106 1490 234 1522 Lucan.
253 1491 295 1529 V,
323 1491 398 1524 156.
417 1496 592 1521 enotatum
618 1489 737 1527 video;
774 1492 835 1522 cfr.
865 1492 906 1530 Q.
937 1492 978 1524 V.
1004 1492 1093 1530 Vlll,
1129 1491 1161 1526 3,
1188 1503 1218 1524 a.
1266 1493 1309 1524 Et
1334 1490 1425 1537 suta
1442 1493 1602 1537 densque

107 1536 141 1568 in
160 1548 258 1568 uuam
279 1543 403 1568 coeunt
420 1535 596 1568 notionem
621 1536 769 1568 divini
794 1536 966 1569 cuiusdam
993 1537 1093 1569 fati.
1126 1537 1220 1582 ll'r.)

107 1651 267 1699 datum3
297 1663 382 1702 sup.
409 1652 491 1693 507
518 1651 672 1689 dixerat
693 1667 823 1690 ensem

105 1709 283 1745 relictum
327 1722 378 1746 sc.
421 1708 527 1745 dono
563 1723 607 1746 ac
646 1723 820 1748 munere.

104 1766 231 1802 Arma
259 1767 356 1813 ι’ίνί,
400 1766 580 1803 thalamo
613 1768 821 1817 qnaestra

104 1823 260 1872 reliquit
277 1836 360 1873 sup.
385 1823 478 1863 495.

161 1879 242 1920 648
256 1901 306 1906 —
321 1880 413 1920 650.
445 1880 598 1916 Iliacas
612 1889 732 1917 vestes
748 1896 812 1917 710-

105 1943 263 1986 tumque
295 1935 422 1972 cubile
448 1950 542 1987 rogo
570 1937 820 1988 imposuerat.

105 1992 150 2028 cs.
170 2005 254 2042 sup.
277 1996 369 2033 507.
388 1995 483 2034 508.
545 1994 667 2031 Erant
689 2002 822 2032 autem

104 2055 232 2085 vestes
273 2049 373 2085 inter
410 2063 573 2087 munera
605 2063 624 2087 e
655 2052 822 2088 navibus

106 2105 234 2142 allata.
267 2106 311 2141 cs
341 2105 404 2142 lib.
428 2106 455 2153 I,
489 2110 569 2147 647
593 2121 675 2158 sqq.
733 2108 823 2144 Ma-

105 2175 224 2211 gnum
253 2175 297 2198 ac
328 2175 477 2200 novum
499 2159 635 2211 πάθος
663 2164 702 2200 in
722 2179 820 2201 con-

106 2224 243 2269 spectu
300 2231 432 2255 earum
485 2232 641 2267 rerum,
720 2234 819 2270 quae

105 2287 340 2325 magnopere
384 2275 558 2313 animum
608 2278 818 2327 percellere

106 2331 294 2380 debuere;
320 2345 503 2381 inagnum
523 2346 677 2383 quoque
691 2335 817 2372 artifi-

105 2388 206 2426 cium
232 2389 271 2425 in
291 2389 437 2426 dilectu
457 2403 589 2427 reruni
613 2404 656 2427 ac
677 2391 820 2428 verbo-

103 2459 204 2482 rum.
267 2446 452 2496 Expende
474 2447 632 2497 singula.
675 2457 815 2494 tuente,

104 2502 232 2539 delixa
255 2503 293 2539 in
320 2503 471 2554 pristini
492 2505 634 2541 amoris
656 2518 700 2541 ac
722 2519 819 2542 con-

32 2582 35 2593 ·
103 2559 322 2596 suetudinis
346 2560 593 2610 cogitatione.
635 2562 819 2599 Incubuit

103 2623 196 2652 toro.
279 2617 519 2667 Comparant
564 2619 689 2668 intpp.
733 2619 817 2656 loca

103 2671 306 2722 Sophoclis
329 2673 530 2723 (Trachin.
550 2689 587 2712 v.
616 2678 697 2716 916
716 2675 816 2726 sqq.)

104 2734 142 2765 et
155 2729 350 2779 Euripidis
365 2729 523 2781 (Alcest.
547 2735 623 2771 173
637 2733 816 2785 -186),

104 2784 170 2822 ubi
207 2785 368 2822 Alcestis
402 2788 639 2825 moribunda
670 2789 711 2826 in
750 2796 816 2826 to-

102 2855 189 2878 rum
219 2842 459 2892 coniugalem
488 2857 527 2880 se
558 2846 733 2895 proiicit;
778 2853 817 2883 at

101 2899 138 2935 in
161 2897 284 2935 altero
300 2898 476 2937 Deianira
496 2913 535 2938 se
555 2902 677 2952 ipsam
698 2916 816 2952 super

880 1652 1062 1690 Herculis
1093 1659 1184 1691 toro
1209 1654 1414 1703 interlicit3
1446 1655 1512 1705 qui
1539 1656 1599 1693 lo-

881 1724 949 1747 eus
971 1711 1159 1748 maiorem
1191 1725 1280 1749 cuni
1304 1719 1440 1749 nostro
1459 1713 1600 1750 simili-

879 1767 1059 1804 tudinem
1097 1767 1229 1806 habet.
1297 1770 1441 1807 Saltem
1469 1771 1602 1820 praei-

879 1831 1025 1861 verunt
1046 1825 1100 1861 illi
1124 1832 1193 1862 aut
1217 1826 1280 1863 alii
1302 1827 1433 1877 tragici
1461 1834 1600 1877 poetae

879 1881 917 1918 in
950 1880 1025 1918 hoc
1056 1882 1105 1918 ad
1138 1884 1380 1921 movendum
1416 1884 1600 1923 affectum

881 1939 1027 1988 egregie
1083 1947 1313 1990 comparato
1361 1943 1598 1992 spectaculo.

882 1995 975 2031 Vult
996 2002 1126 2032 autem
1144 1997 1242 2034 Dido
1264 1998 1422 2048 expiare
1443 2000 1599 2050 culpam

880 2058 1008 2089 morte
1039 2053 1079 2089 in
1110 2066 1154 2090 eo
1186 2054 1269 2104 ipso
1298 2061 1406 2102 toro,
1449 2056 1488 2092 in
1519 2070 1598 2106 quo

881 2120 965 2144 eain
993 2110 1253 2147 commiserat.
1314 2111 1367 2148 At
1405 2113 1596 2162 oratione,

879 2178 977 2214 quae
1007 2166 1124 2203 niodo
1144 2168 1345 2216 sequitur,
1378 2167 1475 2205 nihil
1497 2176 1596 2220 puto

879 2222 954 2258 dici
985 2235 1097 2272 posse
1123 2230 1192 2260 aut
1213 2237 1404 2274 personae
1426 2239 1470 2262 ac
1493 2233 1595 2263 tem-

878 2278 963 2328 pori
986 2281 1320 2318 accommodatius
1344 2287 1411 2318 aut
1434 2284 1482 2319 ad
1507 2284 1595 2321 ani-

876 2349 985 2372 muin
1015 2337 1255 2374 movendum
1278 2340 1501 2389 potentin-23
1530 2341 1595 2378 illa

879 2405 973 2429 vero
1003 2406 1038 2429 v.
1065 2396 1305 2436 653—(550'
1332 2409 1449 2445 quani
1470 2397 1595 2435 subli—

878 2449 952 2485 mia
983 2451 1202 2488 sententiis!
1254 2453 1300 2489 Et
1326 2459 1456 2490 tamen
1480 2455 1594 2492 Silius

878 2518 915 2542 se
945 2507 1102 2557 putavit
1135 2522 1222 2545 cuin
1247 2516 1362 2559 poeta
1395 2510 1432 2547 in
1463 2518 1594 2549 certa-

876 2576 964 2599 men
995 2563 1228 2602 descendere
1250 2580 1374 2617 posse,
1409 2567 1474 2605 lib.
1494 2569 1592 2619 Vlll,

879 2619 949 2659 141
982 2634 1064 2670 sqq.

934 2678 1010 2716 651
1046 2691 1100 2727 sq.
1142 2679 1327 2715 Erln'c'ae
1347 2681 1592 2730 —slrcipile

875 2733 980 2770 han<-
1009 2736 1189 2770 animam
1213 2758 1259 2763 —-
1283 2736 1371 2785 quia
1400 2737 1444 2773 iis
1475 2738 1591 2775 incu-

874 2790 972 2826 bans
1017 2791 1185 2828 animam
1226 2798 1283 2829 est
1330 2794 1590 2847 exspiratura.

875 2846 968 2887 653.
1000 2847 1100 2884 Male
1120 2855 1354 2897 argutantur
1375 2850 1590 2900 infel-(mia

874 2909 913 2940 et
951 2910 1042 2941 ante
1069 2905 1108 2942 in
1139 2906 1243 2954 sicca
1288 2908 1482 2957 deusque,
1512 2907 1589 2943 iam
