1811 3388
357 175 761 231 AENEIDOS
799 174 940 221 LIB.
977 173 1065 232 IV,
1104 175 1401 221 320—333
1545 175 1642 220 647

135 314 256 359 Non
280 303 532 371 equidem
554 300 778 350 omnino
805 306 951 362 capta
974 313 1030 344 ac
1058 295 1264 345 deserta
1284 293 1508 345 viderer.
1544 301 1644 346 330

202 378 422 426 Dixerat.
493 371 589 421 Ille
612 370 749 419 Iovis
773 367 990 416 monitis
1013 366 1215 414 inmota
1237 364 1455 414 tenebat

135 445 381 505 Lumina,
420 450 473 491 et
499 441 720 489 obnixus
745 453 922 487 curam
949 435 1045 484 sub
1071 435 1235 484 corde
1258 433 1552 501 premebat.

136 513 380 564 Tandem
405 527 569 577 pauca
594 508 783 558 refert:
818 510 931 570 Ego
951 515 1030 566 te,
1070 521 1206 571 quae
1226 504 1455 571 plurima
1479 501 1643 550 fando

132 587 464 634 Enumerare
494 580 657 642 valeS‚
689 593 1010 643 numquam,
1047 575 1273 639 Regina,
1311 572 1521 637 negabo

133 653 512 711 Promeritam3
536 666 638 698 nec
661 665 750 697 me
770 646 1077 695 meminisse
1100 644 1299 710 pigebit
1318 643 1529 704 Elissae,
1544 643 1645 693 335

131 726 275 773 Dum
298 737 513 770 memor
530 721 642 785 ipse
665 719 794 781 mei,
830 716 961 766 dum
982 715 1194 781 spiritus
1214 713 1314 762 hos
1336 713 1471 777 regit
1491 719 1643 761 artus,

133 796 237 843 Pro
263 809 322 841 re
343 807 508 858 pauca
529 789 731 855 loquar.
803 790 993 904 Neqiue
1015 800 1113 848 ego
1143 783 1280 833 hanc
1313 780 1645 832 abscondere

936 864 1057 904 urto

137 930 377 997 Speravi,
414 945 483 978 ne
528 926 695 991 finge,
735 925 940 990 fugam3
979 941 1080 975 nec
1116 923 1352 987 coniugis
1385 937 1645 988 umquam

228 1048 298 1083 330
322 1054 389 1080 aut
413 1045 472 1079 alii
497 1045 600 1080 codd.
638 1051 672 1076 et
696 1043 776 1076 edd.
801 1048 882 1077 ante
906 1042 1026 1075 Heius.
1064 1041 1128 1087 (ita
1160 1042 1194 1076 3.
1222 1043 1276 1076 10.
1308 1052 1383 1073 cum
1407 1038 1517 1072 Palat.
1548 1037 1645 1082 Wr.)

135 1107 179 1128 ac
203 1095 392 1127 destructa
422 1094 544 1136 Puget.
592 1091 735 1123 vlderet
768 1089 908 1133 Menag.
941 1089 1042 1122 alter.
1147 1089 1215 1124 331
1249 1089 1388 1121 invicta
1414 1086 1522 1119 Goth.
1547 1090 1639 1123 tert.‚

135 1153 205 1174 non
229 1141 379 1173 inficete.
476 1140 545 1175 332
569 1136 716 1170 tenebat
744 1137 835 1169 alter
855 1137 992 1177 Hamb„
1031 1136 1094 1168 sed
1118 1148 1149 1168 v.
1175 1135 1236 1167 lib.
1261 1135 1287 1175 I,
1312 1136 1392 1168 211.
1486 1131 1556 1166 334
1581 1143 1647 1164 nec

138 1197 174 1221 te
200 1189 329 1232 regina
364 1190 459 1219 Serv.
485 1186 529 1218 ad
556 1186 570 1216 Ι
594 1188 679 1217 Aen.
706 1184 762 1217 74.
871 1184 940 1218 335
974 1183 1120 1215 Elissae
1153 1181 1274 1214 Heius.
1310 1193 1385 1213 cum
1418 1179 1576 1211 Mediceo
1613 1184 1646 1209 et

136 1234 356 1272 melioribus3
384 1239 418 1264 et
444 1233 493 1265 sic
519 1231 660 1264 Graecis
678 1225 842 1263 ''Ehoom
869 1230 996 1274 angg.
1020 1229 1137 1262 Elisa.
1164 1228 1247 1272 (vid.
1268 1227 1443 1260 Drakenb.
1461 1226 1505 1258 ad
1525 1222 1646 1258 Silium

137 1282 161 1321 I,
188 1282 243 1314 81.
294 1293 348 1312 me
372 1280 472 1312 deest
492 1278 617 1310 Medic.
649 1277 741 1319 JVr.)
822 1277 892 1311 336
918 1280 1012 1308 Dum
1037 1276 1239 1308 meminisse
1262 1274 1372 1307 Wall.
1410 1274 1505 1318 regit
1528 1270 1646 1306 Heius.

137 1340 156 1360 e
180 1327 295 1360 Medic
332 1334 365 1359 et
388 1326 465 1358 aliis
528 1325 645 1367 Vulgo
668 1332 790 1369 reget,
829 1323 922 1367 quod
948 1323 983 1355 in
1009 1321 1167 1367 pedestri
1191 1332 1350 1354 sermone
1375 1319 1559 1352 dicendum
1588 1329 1646 1349 es-

136 1382 209 1413 set3
235 1373 295 1406 alii
320 1381 437 1418 regat.
482 1373 580 1414 (dum
604 1372 639 1402 in
675 1371 735 1403 tali
761 1370 918 1402 oratione
950 1382 1026 1402 cum
1051 1370 1182 1401 Futuro
1208 1368 1360 1400 iunctum
1394 1367 1541 1399 denotat
1564 1363 1646 1396 diu·-

136 1421 338 1452 turnitatem
362 1420 457 1452 nullo
482 1419 631 1451 termino
658 1417 864 1457 conclusam,
889 1416 957 1449 vid.
979 1418 1021 1457 Q.
1043 1417 1085 1448 V.
1103 1416 1163 1457 Vl,
1188 1416 1240 1455 5.;
1266 1427 1340 1448 cum
1359 1415 1547 1446 Praesente
1566 1410 1646 1442 iun-

136 1474 227 1500 ctum
267 1466 438 1509 significat
471 1478 562 1505 rem,
595 1476 683 1508 quae
717 1464 819 1496 finem
852 1462 997 1496 habebit
1030 1461 1217 1506 aliquando
1251 1468 1285 1494 et
1321 1472 1422 1493 omne
1449 1466 1585 1502 tempus
1611 1457 1647 1490 in

136 1514 251 1546 medio
279 1513 429 1557 positum
455 1510 717 1556 complectitur;
754 1510 835 1542 hinc
862 1511 946 1542 clam
970 1510 1065 1555 regit
1095 1508 1152 1541 hic
1179 1507 1363 1541 dicendum
1390 1505 1474 1545 fuit3
1511 1505 1559 1537 sic
1583 1505 1645 1537 Ge.

135 1562 192 1600 ΠΙ,
217 1561 292 1595 63.;
320 1571 431 1602 „sup
447 1565 546 1591 erat
571 1557 735 1601 gregibus
762 1558 858 1589 dum
884 1556 976 1589 laeta
1002 1557 1216 1595 iuventus;“
1253 1554 1334 1586 hinc
1356 1554 1442 1586 dum
1466 1553 1548 1584 vivo
1572 1551 1645 1583 La—

135 1606 245 1639 tinum
273 1613 336 1646 est,
371 1617 440 1638 non
467 1607 552 1638 dam
577 1607 708 1637 vivam.
742 1603 837 1644 ll‘r.)
885 1611 961 1636 tert.
983 1604 1109 1635 Moret.
1132 1603 1241 1647 regis.
1336 1601 1405 1635 337
1431 1601 1504 1631 Pro
1527 1606 1563 1630 te
1590 1598 1646 1631 ed.

136 1654 220 1686 Dan.
249 1652 404 1694 Heinsii‚
438 1652 538 1685 male.
586 1664 618 1684 v.
645 1652 758 1683 Burm.
810 1651 941 1695 loquor
966 1662 1035 1682 sec.
1063 1648 1231 1682 Rottend.
1259 1652 1295 1680 et
1319 1653 1388 1679 tres
1415 1648 1529 1678 Burni.
1578 1657 1646 1690 ego

135 1700 235 1732 deest
258 1700 388 1732 ibidem
412 1699 447 1731 in
473 1698 661 1731 nonnullis.
701 1696 838 1742 furtim
872 1709 925 1741 pr.
961 1698 1100 1736 Moret.‚
1131 1702 1169 1727 ut
1203 1693 1299 1727 alibi.
1343 1693 1435 1726 conf.
1461 1693 1644 1724 Burmann.

134 1748 202 1782 338
232 1759 299 1780 nec
327 1747 438 1792 finge
471 1753 543 1778 tres
568 1747 752 1779 Burmann.
785 1756 860 1776 eum
886 1743 994 1778 Goth.
1028 1748 1109 1778 tert.
1156 1754 1203 1775 ne
1236 1741 1329 1775 coni.
1354 1741 1435 1773 Exc.
1461 1740 1645 1774 Burmann.

135 1841 187 1879 ad
216 1842 296 1879 Ecl.
322 1842 374 1890 X,
409 1845 475 1882 31.
505 1838 614 1893 IVr.)
658 1847 782 1889 capla
810 1853 860 1875 ac
918 1836 1184 1876 referendum.
1214 1835 1312 1873 Nam
1335 1835 1473 1871 mereri
1489 1833 1648 1884 aliquid

135 1900 286 1936 deserta
302 1900 476 1950 graviter
496 1912 582 1949 pro,
614 1898 750 1935 relicta
770 1911 788 1933 a
808 1903 861 1944 te,

135 1971 225 1994 cum
242 1963 426 2008 respectu
457 1956 506 1992 ad
528 1956 683 1993 larbam
704 1968 742 1992 V.
766 1957 862 2002 326,

135 2015 199 2052 cui
219 2014 459 2064 relinquitur
481 2014 638 2063 captiva
657 2012 862 2049 abducen—

136 2072 197 2109 da.
259 2072 444 2108 Ceterum
467 2071 535 2120 qui
561 2084 595 2108 v.
617 2072 699 2110 328
720 2082 862 2119 repre-

135 2128 341 2177 hendunt,
387 2129 531 2165 nostris
562 2127 740 2164 moribus
777 2139 862 2163 rem

137 2186 368 2234 aestimant3
399 2185 506 2235 quod
530 2185 570 2222 in
590 2190 722 2222 vetere
744 2189 862 2234 poeta

136 2243 227 2280 etin
248 2242 415 2280 heroum
438 2242 517 2280 vita
532 2255 671 2293 parum
684 2246 790 2278 recte
804 2240 861 2278 fit.

194 2304 272 2341 331
297 2314 379 2350 sqq.
412 2302 590 2347 ιἰηηιοία,
624 2305 670 2336 ut
688 2311 760 2335 nec
785 2297 860 2334 ad-

135 2358 304 2410 spiceret
329 2364 366 2394 et
386 2357 676 2394 miserationem
694 2355 860 2393 Didonis

134 2416 253 2454 vultu
271 2421 465 2466 argueret.
495 2414 610 2451 'Unde
624 2416 718 2454 369.
740 2414 858 2451 [vum

124 2475 232 2523 fletu
251 2475 446 2523 ingemuit
470 2472 630 2509 nostro?
669 2486 765 2508 num
790 2471 857 2507 lu-

135 2533 249 2567 mina
259 2531 414 2581 flexit?
433 2553 489 2558 -—
509 2544 663 2575 curam,
679 2527 717 2566 h.
742 2529 764 2565 l.
781 2527 851 2565 do-

135 2588 270 2625 lorem.
312 2589 487 2637 landem,
521 2583 602 2637 ὀψὲ
623 2584 666 2626 δὲ
695 2583 745 2638 δὴ
769 2585 857 2623 Ho-

137 2658 337 2683 mericum.

191 2704 285 2743 335.
317 2703 557 2752 comparant
577 2701 685 2739 Iliad.
706 2716 739 2752 χ,
762 2702 857 2741 387.

135 2761 231 2800 388.
263 2760 386 2796 verba
410 2759 573 2796 Achillis
594 2759 642 2796 de
660 2757 857 2796 Patroclo.

136 2814 419 2865 (promeritam,
453 2816 500 2853 de
518 2829 592 2863 me,
622 2815 663 2854 h.
685 2828 716 2852 e.
733 2815 858 2852 bene-

136 2872 222 2909 ficia
250 2873 289 2909 in
319 2886 380 2910 me
401 2873 635 2921 contulisse,
681 2872 731 2910 ad
756 2885 859 2923 quae

920 1897 968 1933 cle.
992 1897 1130 1946 atiquo
1164 1900 1222 1931 est
1244 1894 1394 1931 bonurn
1412 1891 1475 1929 vel
1496 1890 1645 1928 malum

921 1952 1084 2003 aliquod
1134 1952 1175 1989 in
1223 1951 1395 2001 aliquem
1453 1948 1643 1986 conferre.

926 2008 1076 2062 chlt.)
1107 2030 1165 2037 —·
1213 2011 1309 2049 336.
1342 2002 1470 2054 et'go'x'
1509 2001 1643 2057 α’ὕτμὴ

919 2064 986 2106 'Ev
1023 2063 1215 2117 στήθεσσι
1247 2065 1346 2119 μένῃ
1375 2063 1643 2111 Homericum,

920 2131 967 2162 ut
992 2123 1101 2161 Iliad.
1121 2139 1146 2171 ι,
1164 2122 1244 2164 605
1264 2128 1302 2159 et
1312 2121 1416 2158 alibi.
1450 2118 1530 2172 (--
1546 2122 1642 2161 337.

919 2183 999 2219 Pro
1019 2195 1058 2218 re
1080 2194 1160 2218 non
1181 2179 1286 2217 valet
1302 2178 1342 2216 h.
1362 2178 1385 2215 l.
1398 2191 1471 2228 pro
1492 2176 1643 2213 (lise-es—

919 2253 978 2286 su,
1010 2244 1058 2275 ut
1075 2238 1166 2276 vult
1187 2235 1409 2283 Wunderl„
1448 2233 1517 2271 sed
1539 2239 1598 2270 est
1617 2234 1640 2271 i.

919 2310 1043 2346 q.pro
1063 2309 1102 2332 re
1131 2303 1230 2332 nata
1245 2325 1255 2343 ‚
1285 2295 1309 2332 i.
1332 2306 1363 2331 e.
1381 2298 1428 2330 ut
1444 2304 1507 2329 res
1529 2304 1642 2328 com-

919 2359 1060 2404 parata
1093 2360 1174 2400 est,
1205 2366 1279 2403 pro
1307 2364 1443 2388 rerum
1474 2353 1581 2395 statu
1603 2354 1642 2385 et

917 2410 1146 2448 conditione
1184 2423 1266 2447 non
1302 2422 1401 2460 opus
1430 2412 1489 2443 est
1523 2406 1640 2456 longo

915 2480 1117 2517 sermone3
1145 2467 1227 2504 vid.
1252 2467 1361 2504 Cort.
1391 2464 1441 2501 ad
1470 2463 1549 2501 Cic.
1570 2464 1639 2514 Ep.

916 2526 980 2574 VI,
1001 2529 1039 2573 2,
1063 2528 1100 2566 3.
1131 2524 1237 2572 XIII,
1266 2526 1332 2572 68,
1360 2525 1398 2563 2.
1429 2520 1639 2559 Tursellin.

915 2597 952 2635 p.
975 2585 1070 2624 766.
1096 2582 1190 2620 edit.
1212 2580 1431 2619 Schwartz·
1455 2580 1521 2618 JV
1519 2576 1572 2630 r.)

974 2642 1057 2681 338
1078 2652 1156 2689 seq.
1186 2638 1402 2677 Praetenclt'
1425 2635 1638 2686 accipiunt,

915 2697 1099 2750 praetuli.
1158 2698 1261 2734 Sane
1276 2702 1372 2733 nota
1403 2707 1466 2732 res
1499 2698 1558 2729 est
1593 2690 1637 2731 τό

916 2756 1129 2811 δᾳδουχεῖν
1164 2754 1203 2791 in
1228 2752 1392 2804 nuptiiS.
1452 2749 1530 2787 Sed
1556 2762 1637 2786 non

916 2812 999 2863 ipse
1026 2825 1194 2863 sponsus
1218 2812 1320 2849 faces
1355 2809 1444 2847 fert.
1504 2805 1635 2844 Malim

918 2883 963 2907 eo
992 2882 1109 2907 sensu
1139 2868 1335 2920 positum,
1376 2879 1456 2916 quo
1488 2878 1525 2902 v.
1556 2864 1634 2903 172
