1811 3388
544 198 668 248 AD
740 196 1180 247 LIBRUM
1251 199 1310 246 II
1591 207 1691 255 423

174 328 286 366 Tom.
318 326 498 365 XXXIX
528 328 642 364 Hist.
672 326 722 363 de
753 326 788 364 l’
800 326 935 363 Acad.
962 326 1032 363 des
1054 326 1182 364 Inscr.
1217 340 1256 379 p.
1278 328 1374 369 238.
1435 326 1469 365 A
1502 327 1690 370 Diomede

174 385 328 423 Aeneae
349 384 553 422 redditum
577 383 800 422 Palladium
826 384 1043 422 commenti
1070 390 1185 422 erant
1215 386 1404 423 seriores:
1443 392 1492 424 ut
1520 387 1688 429 Cedren.

170 457 210 495 p.
235 444 314 484 135
338 442 379 480 C.
410 442 455 481 D.
483 448 524 480 et
551 442 713 481 Malelas
745 456 783 494 p.
813 445 909 485 212.
969 442 1128 480 Scilicet
1157 442 1397 494 religionum
1426 442 1572 482 harum
1606 452 1688 484 tam

170 499 422 538 diversarum
448 513 470 537 a
489 500 619 552 poetis
637 500 759 538 variis
780 500 910 549 quis
935 505 1173 539 ornatarum
1203 514 1297 538 cum
1327 501 1451 539 fidem
1479 502 1688 542 adstruere

169 556 320 596 vellent
347 557 511 596 urbium
551 560 789 610 scriptores,
834 557 980 610 passim
1009 564 1050 595 et
1083 559 1356 610 grammatici,
1401 565 1519 611 atque
1550 568 1687 600 osten-

169 613 286 664 dere,
317 615 521 666 quomodo
543 616 594 654 ad
615 615 790 654 Aeneam
809 615 992 654 rediisset
1010 616 1234 654 Palladium
1257 631 1278 654 a
1302 617 1463 655 Graecis
1493 619 1686 669 ablatum,

167 672 295 710 multa
320 674 535 712 commenti
567 680 679 723 sunt,
720 674 866 725 quibus
892 679 982 711 tota
1008 673 1108 712 haec
1137 674 1186 712 de
1214 675 1392 713 Palladio
1422 677 1602 727 quaestio
1630 678 1686 715 ita

168 730 383 769 obscurata
418 738 500 780 est,
551 738 600 770 ut
641 732 864 770 multorum
898 731 1115 771 doctorum
1151 733 1356 783 virorum,
1396 734 1464 784 qui
1496 735 1687 786 expedire

166 800 252 826 rem
289 789 503 839 volebant,
552 790 678 828 otium
723 790 999 828 consumserit.
1059 790 1182 829 Nobis
1213 791 1308 829 satis
1345 797 1404 829 est
1433 805 1590 830 caussas
1621 793 1683 831 dj-

166 845 368 885 versitatis
406 847 613 886 indicasse.
674 848 865 886 Occurrit
906 854 1041 886 autem
1082 863 1182 900 cum*
1212 849 1390 887 Palladio
1428 848 1602 898 Aeneas,
1642 852 1682 889 in

165 904 304 942 multis
342 906 474 943 numis
513 906 638 956 gentis
691 906 836 955 Iuliae,
883 913 1038 944 armata
1078 907 1317 959 virguncula
1343 908 1488 946 stantis
1520 908 1683 958 habitu,

165 962 304 1000 eadem
323 964 404 1001 sere
423 964 571 1015 specie,
604 977 682 1014 qua
702 964 744 1001 in
764 965 1037 1002 monumentis
1067 964 1111 1002 id
1140 978 1299 1016 quoque
1334 965 1556 1004 Palladium
1584 981 1683 1004 con—

165 1020 353 1072 spicitur,
404 1021 515 1072 quod
546 1022 754 1060 Diomedes
794 1036 886 1060 cum
917 1023 1056 1074 Ulysse
1085 1023 1274 1073 abstulit,
1317 1024 1363 1062 cs.
1393 1023 1579 1076 Apollod.
1611 1025 1682 1062 Bi-

164 1078 306 1116 blioth.
342 1079 407 1129 III,
444 1083 517 1128 12,
552 1083 598 1128 3,
635 1086 676 1117 et
702 1080 785 1131 ipse
825 1080 1010 1131 Virgilius
1048 1081 1147 1120 Aen.
1177 1081 1224 1130 II,
1261 1085 1342 1124 172
1390 1084 1476 1120 Vix
1500 1085 1683 1133 positum

163 1138 304 1174 castris
331 1138 608 1186 simulacrum,
640 1152 767 1175 arsere
795 1152 982 1175 corii-veae
1015 1139 1250 1177 Luminibus
1271 1140 1478 1190 flammae
1501 1141 1680 1189 arrectis,

163 1215 221 1223 —
250 1202 381 1246 terque.
416 1197 507 1245 ipsa
539 1196 623 1233 solo
653 1195 827 1233 Emicuit
859 1209 1121 1247 parmamque
1148 1197 1289 1248 sbrens·
1327 1197 1565 1249 hastamque
1600 1207 1680 1235 tre-

163 1260 347 1289 mentem.
410 1253 470 1291 An
495 1266 593 1291 vero
615 1253 786 1291 Palladis
809 1253 965 1305 signum
995 1253 1074 1292 hoc
1101 1255 1207 1292 idem
1235 1253 1468 1293 habendum
1497 1255 1566 1305 sit,
1608 1262 1678 1294 aut

163 1323 187 1346 a
206 1311 334 1360 poetis
356 1310 539 1349 habitum
568 1312 707 1360 suerit,
740 1311 850 1362 quod
881 1312 923 1349 in
954 1312 1100 1363 templo
1129 1312 1300 1350 Palladis
1326 1313 1366 1350 in
1395 1327 1485 1351 arce
1516 1314 1572 1351 [lii
1604 1314 1678 1352 sito

162 1367 390 1416 visebatur,
433 1375 474 1406 et
508 1370 548 1406 in
581 1369 693 1406 cuius
718 1369 882 1419 genibus
914 1370 1075 1421 peplum
1109 1370 1305 1408 Troianae
1335 1371 1520 1409 mulieres
1549 1385 1678 1423 appo—

162 1431 268 1462 nunt
286 1426 396 1464 Iliad.
422 1428 450 1475 ζ,
473 1430 569 1469 273.
591 1429 686 1475 303,
705 1427 961 1465 Burmannus
984 1428 1052 1465 illo
1074 1428 1162 1466 loco
1182 1429 1361 1479 quaerit3
1393 1429 1464 1466 sed
1490 1436 1537 1467 ut
1569 1429 1676 1468 idem

160 1481 302 1520 haberi
342 1484 488 1535 possit,
547 1484 671 1522 nolim
718 1497 808 1522 cum
843 1485 933 1523 viro
977 1485 1137 1524 doctiss.
1170 1488 1311 1526 Θεῖναι
1346 1483 1574 1539 Ἀθηναίης
1611 1487 1677 1528 ἐπὶ

159 1538 355 1594 γούνασιν
373 1542 633 1593 interpretari
653 1541 711 1579 ad
723 1556 884 1593 genua,
916 1543 1026 1593 quod
1054 1544 1133 1581 iam
1162 1544 1307 1582 Strabo
1337 1545 1505 1593 refellit,
1547 1545 1676 1582 multo

159 1600 290 1636 minus
322 1600 439 1652 peplo
472 1600 587 1638 deam
620 1600 796 1637 induere.
859 1601 959 1638 Nam
993 1601 1153 1640 diversa
1178 1602 1221 1639 in
1255 1615 1345 1640 arce
1370 1603 1542 1640 Palladis
1567 1603 1675 1654 signa

158 1669 241 1693 esse
269 1662 308 1693 et
321 1664 489 1709 potuere
507 1664 548 1695 et
567 1657 760 1695 debuere:
790 1658 921 1696 Etiam
944 1658 986 1696 in
1016 1665 1156 1697 nostro
1176 1666 1293 1711 poeta
1315 1660 1381 1698 lib.
1402 1661 1448 1708 ΙΙ,
1468 1661 1550 1703 225
1575 1674 1674 1711 sqq„

155 1717 368 1766 postquam
396 1729 434 1753 v.
466 1716 545 1757 165
583 1729 639 1766 sq.
669 1716 847 1754 ablatum
886 1717 965 1753 iam
1002 1717 1225 1756 Palladium
1263 1725 1529 1756 memoratum
1573 1725 1673 1767 erat,

155 1785 323 1824 angues,
355 1774 422 1823 qui
439 1774 706 1811 Laocoontem
728 1788 819 1811 cum
839 1774 930 1812 filiis
952 1774 1159 1823 eliserant,
1190 1775 1232 1812 in
1251 1776 1447 1828 templum
1470 1775 1673 1814 Minervae

154 1830 195 1868 in
224 1844 314 1868 arce
335 1832 509 1882 fugiunt:
540 1831 623 1868 Sul>
639 1831 889 1883 pedibusque
907 1833 1005 1870 (leae
1024 1835 1221 1884 clipeique
1253 1834 1324 1871 sub
1355 1834 1442 1871 orbe
1471 1842 1670 1885 teguntur.

154 1888 205 1926 Et
231 1888 346 1939 quale
376 1889 552 1926 dicemus
580 1889 699 1926 fuisse
731 1890 902 1927 Palladis
932 1891 1086 1941 signum
1116 1891 1237 1940 illud,
1278 1892 1408 1942 quod,
1448 1892 1670 1930 Cassandra

153 1946 203 1984 ab
224 1946 343 1984 Aiace
363 1947 463 1984 Oilei
485 1947 634 1984 violata
648 1977 658 1995 ,
691 1949 842 1985 avertit
863 1948 1052 1986 vultum‘?
1085 1946 1152 2001 (de
1171 1963 1251 1999 quo
1273 1963 1311 1988 v.
1341 1950 1460 1988 docte
1489 1957 1669 2001 agentem

152 2004 330 2056 Battiger
351 2004 399 2042 de
422 2010 543 2055 raptu
561 2005 805 2043 Cassandrae
826 2020 863 2057 p.
889 2004 973 2059 63.)
990 2020 1029 2047 v.
1044 2006 1244 2058 Lycophr.
1265 2008 1488 2045 Cassandra
1510 2022 1548 2046 v.
1573 2010 1668 2050 361.

154 2062 296 2109 Quint.
316 2063 397 2102 Cal.
415 2063 523 2111 XIII,
550 2061 634 2105 425
657 2076 734 2113 sq.,
766 2063 877 2114 quod
908 2064 1008 2101 bene
1038 2071 1157 2116 poeta
1188 2071 1327 2103 noster
1354 2066 1405 2103 ad
1438 2065 1553 2102 aliam
1582 2079 1667 2103 rem

152 2119 377 2158 ornandam
404 2120 614 2157 transtulit
640 2120 738 2158 Aen.
766 2121 814 2170 ΙΙ,
855 2124 947 2163 172.
1007 2122 1097 2160 Non
1122 2122 1245 2173 igitur
1277 2123 1391 2161 Maro
1426 2123 1487 2160 sui
1521 2123 1668 2161 oblitus

152 2177 280 2215 videri
302 2177 438 2226 debct3
469 2178 598 2215 sedin
622 2184 835 2230 poetarum
859 2179 1023 2229 fabulis,
1065 2193 1166 2230 quae
1189 2181 1232 2217 in
1260 2180 1341 2230 his,
1383 2195 1429 2218 ac
1460 2181 1666 2230 similibus,

151 2241 189 2272 et
210 2236 339 2272 famae
365 2241 405 2272 et
423 2234 614 2273 historiae
634 2236 738 2274 vices
754 2242 984 2288 praestant,
1017 2237 1174 2275 diversa
1198 2239 1307 2275 suere
1341 2239 1382 2276 in
1413 2252 1503 2276 arce
1534 2238 1665 2276 Palla—

151 2292 211 2330 dis
234 2293 366 2344 signa,
396 2306 469 2330 nec
489 2293 610 2330 modo
630 2293 798 2331 diversis
817 2294 858 2331 in
879 2294 995 2343 locis,
1027 2295 1097 2332 sed
1125 2301 1165 2332 et
1195 2296 1333 2333 eodem
1362 2297 1403 2333 in
1432 2296 1541 2345 loco,
1574 2310 1663 2334 nam

148 2351 270 2388 fatale
299 2349 343 2391 τό
367 2349 545 2398 διοπετὲς
571 2347 752 2403 Ἀθηνᾶς
784 2348 1040 2401 Παλλάδιον,
1076 2356 1237 2393 πολλῶν
1268 2351 1398 2394 ὄντων
1427 2351 1472 2394 vo*
1506 2350 1662 2407 σμικρό-

147 2424 266 2449 τατον
289 2407 368 2461 (ap.
388 2409 539 2447 Conon.
564 2407 648 2461 34.)
677 2409 718 2446 in
748 2408 953 2448 Minervae
984 2411 1133 2462 templo
1160 2410 1201 2448 in
1231 2425 1320 2449 arce
1351 2411 1559 2463 diligenter
1588 2426 1662 2450 cu—

148 2467 344 2504 stoditum
364 2466 519 2504 Arctini
543 2480 683 2504 versus
707 2466 871 2505 docent:
910 2468 1072 2519 Dionys.
1106 2468 1134 2515 I,
1169 2470 1235 2509 68.
1265 2472 1332 2510 69.
1393 2470 1603 2508 Diversum
1640 2484 1661 2507 a

146 2524 358 2562 Penatibus
377 2524 598 2562 Palladium
627 2525 726 2562 illud
755 2522 930 2574 ὂιϊπετὲς
960 2539 982 2562 a
1012 2526 1232 2577 plerisque,
1265 2534 1305 2565 et
1337 2527 1385 2564 ab
1414 2528 1499 2579 ipso
1527 2534 1660 2579 poeta,

146 2581 323 2620 habitum
346 2582 543 2631 vidimus,
572 2581 641 2620 sed
664 2595 713 2620 ex
733 2582 901 2620 aliorum
927 2582 1111 2621 doctrina
1133 2584 1286 2621 Pallas
1311 2598 1402 2622 cuin
1431 2587 1585 2623 lunone
1615 2586 1659 2622 iis

148 2639 240 2690 ipsis
273 2640 347 2677 diis
377 2640 588 2678 Penatibus
618 2646 704 2678 erat
746 2641 1002 2679 accensenda.
1035 2654 1074 2679 v.
1106 2641 1283 2682 Macrob.
1311 2642 1376 2692 ΙΙΙ,
1410 2642 1448 2682 4.
1476 2643 1657 2694 exemplo

147 2697 250 2734 sorte
270 2697 438 2735 Palladis
469 2705 507 2734 et
530 2698 692 2735 Iunonis
719 2712 807 2736 cuni
832 2699 925 2736 Iove
955 2700 1123 2736 Romam
1154 2701 1366 2738 tuentium.
1425 2700 1658 2751 Apollinem

147 2759 187 2790 et
210 2755 446 2803 Neptunum
464 2755 525 2792 alii
546 2756 654 2806 apud
679 2756 869 2804 eundem,
901 2758 1052 2795 frustra
1083 2757 1280 2795 advocato
1312 2771 1432 2796 versu
1465 2758 1561 2795 Aen.
1592 2759 1655 2805 ΙΙΙ,

149 2813 252 2859 1193
292 2817 333 2848 at
376 2814 495 2849 Tasci·
537 2814 734 2860 Cererem,
787 2815 937 2851 Palem
979 2823 1015 2851 et
1055 2816 1277 2852 Fortunam
1315 2817 1487 2852 Penates
1524 2816 1655 2853 tradi-

145 2867 301 2904 derant.
349 2880 387 2907 v.
435 2870 548 2910 Serv.
596 2870 646 2909 ad
692 2869 788 2911 Aen.
843 2872 888 2921 Il,
937 2872 1034 2921 325,
1078 2872 1181 2910 adde
1223 2873 1342 2911 eund.
1385 2873 1435 2910 ad
1477 2873 1521 2922 ΙΙ,
1561 2875 1653 2914 119.

146 2925 216 2974 ΙΙΙ,
258 2927 320 2966 12.
