<?xml version="1.0" encoding="UTF-8"?>
<!DOCTYPE html PUBLIC "-//W3C//DTD XHTML 1.0 Transitional//EN"
    "http://www.w3.org/TR/xhtml1/DTD/xhtml1-transitional.dtd">
<html xmlns="http://www.w3.org/1999/xhtml" xml:lang="en" lang="en">
 <head>
  <title>
</title>
<meta http-equiv="Content-Type" content="text/html;charset=utf-8" />
  <meta name='ocr-system' content='tesseract 3.04.00' />
  <meta name='ocr-capabilities' content='ocr_page ocr_carea ocr_par ocr_line ocrx_word'/>
</head>
<body>
  <div class='ocr_page' id='page_1' title='image "./publiusvirgilius02virguoft/publiusvirgilius02virguoft_0630.png"; bbox 0 0 1779 3420; ppageno 0'>
   <div class='ocr_carea' id='block_1_1' title="bbox 166 203 1361 268">
    <p class='ocr_par' dir='ltr' id='par_1_1' title="bbox 166 203 1361 268">
     <span class='ocr_line' id='line_1_1' title="bbox 166 203 1361 268; baseline -0.012 0"><span class='ocrx_word' id='word_1_1' title='bbox 166 221 268 268; x_wconf 71' lang='lat'>622</span> <span class='ocrx_word' id='word_1_2' title='bbox 491 216 545 264; x_wconf 93' lang='grc' dir='ltr'>Ρ.</span> <span class='ocrx_word' id='word_1_3' title='bbox 584 209 944 264; x_wconf 87' lang='lat' dir='ltr'>VIRGILII</span> <span class='ocrx_word' id='word_1_4' title='bbox 984 203 1361 257; x_wconf 82' lang='lat' dir='ltr'><strong>MARONIS</strong></span> 
     </span>
    </p>
   </div>
   <div class='ocr_carea' id='block_1_2' title="bbox 165 329 1684 1168">
    <p class='ocr_par' dir='ltr' id='par_1_2' title="bbox 165 329 1680 451">
     <span class='ocr_line' id='line_1_2' title="bbox 165 329 1680 403; baseline -0.009 -11"><span class='ocrx_word' id='word_1_5' title='bbox 165 344 493 403; x_wconf 78' lang='lat' dir='ltr'><strong>Extremam,</strong></span> <span class='ocrx_word' id='word_1_6' title='bbox 529 346 589 387; x_wconf 87' lang='lat' dir='ltr'>ut</span> <span class='ocrx_word' id='word_1_7' title='bbox 618 334 932 403; x_wconf 81' lang='lat' dir='ltr'>perhibent,</span> <span class='ocrx_word' id='word_1_8' title='bbox 973 333 1121 383; x_wconf 90' lang='lat' dir='ltr'>Coeo</span> <span class='ocrx_word' id='word_1_9' title='bbox 1165 329 1552 398; x_wconf 79' lang='lat' dir='ltr'>Enceladoque</span> <span class='ocrx_word' id='word_1_10' title='bbox 1593 347 1680 380; x_wconf 90' lang='lat' dir='ltr'>so-</span> 
     </span>
     <span class='ocr_line' id='line_1_3' title="bbox 948 418 1133 451; baseline -0.005 0"><span class='ocrx_word' id='word_1_11' title='bbox 948 418 1133 451; x_wconf 90' lang='lat' dir='ltr'>rorem</span> 
     </span>
    </p>

    <p class='ocr_par' dir='ltr' id='par_1_3' title="bbox 170 467 1681 543">
     <span class='ocr_line' id='line_1_4' title="bbox 170 467 1681 543; baseline -0.007 -13"><span class='ocrx_word' id='word_1_12' title='bbox 170 478 483 543; x_wconf 83' lang='lat' dir='ltr'>Progenuit,</span> <span class='ocrx_word' id='word_1_13' title='bbox 519 473 746 541; x_wconf 90' lang='lat' dir='ltr'>pedibus</span> <span class='ocrx_word' id='word_1_14' title='bbox 772 472 1001 522; x_wconf 83' lang='lat' dir='ltr'>celerem</span> <span class='ocrx_word' id='word_1_15' title='bbox 1027 480 1079 521; x_wconf 89' lang='lat' dir='ltr'>et</span> <span class='ocrx_word' id='word_1_16' title='bbox 1102 468 1406 537; x_wconf 83' lang='lat' dir='ltr'>pernicibus</span> <span class='ocrx_word' id='word_1_17' title='bbox 1430 467 1547 530; x_wconf 80' lang='lat' dir='ltr'>alis;</span> <span class='ocrx_word' id='word_1_18' title='bbox 1584 473 1681 519; x_wconf 89' lang='lat'>180</span> 
     </span>
    </p>

    <p class='ocr_par' dir='ltr' id='par_1_4' title="bbox 170 540 1682 677">
     <span class='ocr_line' id='line_1_5' title="bbox 170 540 1682 607; baseline -0.01 -7"><span class='ocrx_word' id='word_1_19' title='bbox 170 554 472 601; x_wconf 82' lang='lat' dir='ltr'><strong>Monstrum</strong></span> <span class='ocrx_word' id='word_1_20' title='bbox 493 542 858 607; x_wconf 87' lang='lat' dir='ltr'>horrendum,</span> <span class='ocrx_word' id='word_1_21' title='bbox 887 543 1095 606; x_wconf 84' lang='lat' dir='ltr'>ingens:</span> <span class='ocrx_word' id='word_1_22' title='bbox 1129 540 1233 602; x_wconf 89' lang='lat' dir='ltr'>cui,</span> <span class='ocrx_word' id='word_1_23' title='bbox 1265 547 1397 604; x_wconf 90' lang='lat' dir='ltr'>quot</span> <span class='ocrx_word' id='word_1_24' title='bbox 1419 547 1542 587; x_wconf 88' lang='lat' dir='ltr'>sunt</span> <span class='ocrx_word' id='word_1_25' title='bbox 1564 554 1682 587; x_wconf 87' lang='lat' dir='ltr'>cor-</span> 
     </span>
     <span class='ocr_line' id='line_1_6' title="bbox 950 609 1337 677; baseline -0.008 -18"><span class='ocrx_word' id='word_1_26' title='bbox 950 627 1085 677; x_wconf 90' lang='lat' dir='ltr'>pore</span> <span class='ocrx_word' id='word_1_27' title='bbox 1106 609 1337 675; x_wconf 81' lang='lat' dir='ltr'>plumae,</span> 
     </span>
    </p>

    <p class='ocr_par' dir='ltr' id='par_1_5' title="bbox 175 678 1328 750">
     <span class='ocr_line' id='line_1_7' title="bbox 175 678 1328 750; baseline -0.01 -13"><span class='ocrx_word' id='word_1_28' title='bbox 175 690 282 738; x_wconf 89' lang='lat' dir='ltr'>Tot</span> <span class='ocrx_word' id='word_1_29' title='bbox 301 684 481 750; x_wconf 83' lang='lat' dir='ltr'>vigiles</span> <span class='ocrx_word' id='word_1_30' title='bbox 504 682 639 732; x_wconf 88' lang='lat' dir='ltr'>oculi</span> <span class='ocrx_word' id='word_1_31' title='bbox 663 681 869 744; x_wconf 83' lang='lat' dir='ltr'>subter,</span> <span class='ocrx_word' id='word_1_32' title='bbox 906 679 1147 729; x_wconf 83' lang='lat' dir='ltr'>mirabile</span> <span class='ocrx_word' id='word_1_33' title='bbox 1170 678 1328 740; x_wconf 89' lang='lat' dir='ltr'>dictu,</span> 
     </span>
    </p>

    <p class='ocr_par' dir='ltr' id='par_1_6' title="bbox 177 745 1682 819">
     <span class='ocr_line' id='line_1_8' title="bbox 177 745 1682 819; baseline -0.007 -13"><span class='ocrx_word' id='word_1_34' title='bbox 177 760 283 807; x_wconf 86' lang='lat' dir='ltr'>Tot</span> <span class='ocrx_word' id='word_1_35' title='bbox 301 755 507 819; x_wconf 80' lang='lat' dir='ltr'>linguae</span> <span class='ocrx_word' id='word_1_36' title='bbox 523 792 534 814; x_wconf 85' lang='lat'><strong>‚</strong></span> <span class='ocrx_word' id='word_1_37' title='bbox 571 751 800 801; x_wconf 87' lang='lat' dir='ltr'>totidem</span> <span class='ocrx_word' id='word_1_38' title='bbox 825 767 915 799; x_wconf 79' lang='lat' dir='ltr'>ora</span> <span class='ocrx_word' id='word_1_39' title='bbox 935 757 1150 811; x_wconf 79' lang='lat' dir='ltr'>sonant,</span> <span class='ocrx_word' id='word_1_40' title='bbox 1187 756 1268 796; x_wconf 90' lang='lat' dir='ltr'>tot</span> <span class='ocrx_word' id='word_1_41' title='bbox 1287 745 1507 810; x_wconf 82' lang='lat' dir='ltr'>subrigit</span> <span class='ocrx_word' id='word_1_42' title='bbox 1533 746 1682 796; x_wconf 83' lang='lat' dir='ltr'>auris.</span> 
     </span>
    </p>

    <p class='ocr_par' dir='ltr' id='par_1_7' title="bbox 175 816 1601 884">
     <span class='ocr_line' id='line_1_9' title="bbox 175 816 1601 884; baseline -0.008 -8"><span class='ocrx_word' id='word_1_43' title='bbox 175 831 345 878; x_wconf 80' lang='lat' dir='ltr'>Nocte</span> <span class='ocrx_word' id='word_1_44' title='bbox 368 823 509 872; x_wconf 80' lang='lat' dir='ltr'>volat</span> <span class='ocrx_word' id='word_1_45' title='bbox 540 821 670 871; x_wconf 86' lang='lat' dir='ltr'>coeli</span> <span class='ocrx_word' id='word_1_46' title='bbox 692 820 876 870; x_wconf 89' lang='lat' dir='ltr'>medio</span> <span class='ocrx_word' id='word_1_47' title='bbox 902 829 1184 884; x_wconf 80' lang='lat' dir='ltr'>terraeque</span> <span class='ocrx_word' id='word_1_48' title='bbox 1214 833 1312 883; x_wconf 87' lang='lat' dir='ltr'>per</span> <span class='ocrx_word' id='word_1_49' title='bbox 1335 816 1601 879; x_wconf 82' lang='lat' dir='ltr'>umbram,</span> 
     </span>
    </p>

    <p class='ocr_par' dir='ltr' id='par_1_8' title="bbox 181 887 1684 955">
     <span class='ocr_line' id='line_1_10' title="bbox 181 887 1684 955; baseline -0.005 -10"><span class='ocrx_word' id='word_1_50' title='bbox 181 894 441 955; x_wconf 81' lang='lat' dir='ltr'>Stridens,</span> <span class='ocrx_word' id='word_1_51' title='bbox 478 909 578 941; x_wconf 90' lang='lat' dir='ltr'>nec</span> <span class='ocrx_word' id='word_1_52' title='bbox 603 890 741 940; x_wconf 90' lang='lat' dir='ltr'>dulci</span> <span class='ocrx_word' id='word_1_53' title='bbox 764 889 990 940; x_wconf 81' lang='lat' dir='ltr'>declinat</span> <span class='ocrx_word' id='word_1_54' title='bbox 1011 888 1211 937; x_wconf 80' lang='lat' dir='ltr'>lumina</span> <span class='ocrx_word' id='word_1_55' title='bbox 1235 902 1444 937; x_wconf 87' lang='lat' dir='ltr'>somno.</span> <span class='ocrx_word' id='word_1_56' title='bbox 1588 887 1684 937; x_wconf 84' lang='lat'>185</span> 
     </span>
    </p>

    <p class='ocr_par' dir='ltr' id='par_1_9' title="bbox 177 956 1442 1019">
     <span class='ocr_line' id='line_1_11' title="bbox 177 956 1442 1019; baseline -0.009 -4"><span class='ocrx_word' id='word_1_57' title='bbox 177 969 318 1016; x_wconf 87' lang='lat' dir='ltr'>Luce</span> <span class='ocrx_word' id='word_1_58' title='bbox 342 962 493 1012; x_wconf 86' lang='lat' dir='ltr'>sedet</span> <span class='ocrx_word' id='word_1_59' title='bbox 519 970 693 1011; x_wconf 82' lang='lat' dir='ltr'>custos</span> <span class='ocrx_word' id='word_1_60' title='bbox 714 969 801 1009; x_wconf 80' lang='lat' dir='ltr'>aut</span> <span class='ocrx_word' id='word_1_61' title='bbox 825 959 1019 1008; x_wconf 90' lang='lat' dir='ltr'>summi</span> <span class='ocrx_word' id='word_1_62' title='bbox 1049 957 1279 1006; x_wconf 89' lang='lat' dir='ltr'>culmine</span> <span class='ocrx_word' id='word_1_63' title='bbox 1304 956 1442 1019; x_wconf 86' lang='lat' dir='ltr'>tecti,</span> 
     </span>
    </p>

    <p class='ocr_par' dir='ltr' id='par_1_10' title="bbox 181 1025 1445 1094">
     <span class='ocr_line' id='line_1_12' title="bbox 181 1025 1445 1094; baseline -0.009 -10"><span class='ocrx_word' id='word_1_64' title='bbox 181 1033 438 1085; x_wconf 88' lang='lat' dir='ltr'>Turribus</span> <span class='ocrx_word' id='word_1_65' title='bbox 461 1041 549 1081; x_wconf 81' lang='lat' dir='ltr'>aut</span> <span class='ocrx_word' id='word_1_66' title='bbox 567 1031 680 1080; x_wconf 77' lang='lat' dir='ltr'>altis</span> <span class='ocrx_word' id='word_1_67' title='bbox 693 1071 705 1094; x_wconf 93' lang='lat'>,</span> <span class='ocrx_word' id='word_1_68' title='bbox 746 1039 797 1079; x_wconf 90' lang='lat' dir='ltr'>et</span> <span class='ocrx_word' id='word_1_69' title='bbox 817 1045 1034 1094; x_wconf 77' lang='lat' dir='ltr'>magnas</span> <span class='ocrx_word' id='word_1_70' title='bbox 1052 1027 1256 1076; x_wconf 80' lang='lat' dir='ltr'>territat</span> <span class='ocrx_word' id='word_1_71' title='bbox 1276 1025 1445 1085; x_wconf 81' lang='lat' dir='ltr'>urbis3</span> 
     </span>
    </p>

    <p class='ocr_par' dir='ltr' id='par_1_11' title="bbox 183 1095 1465 1168">
     <span class='ocr_line' id='line_1_13' title="bbox 183 1095 1465 1168; baseline -0.006 -15"><span class='ocrx_word' id='word_1_72' title='bbox 183 1109 316 1154; x_wconf 81' lang='lat' dir='ltr'>Tam</span> <span class='ocrx_word' id='word_1_73' title='bbox 338 1102 446 1151; x_wconf 85' lang='lat' dir='ltr'>ficti</span> <span class='ocrx_word' id='word_1_74' title='bbox 467 1102 719 1168; x_wconf 82' lang='lat' dir='ltr'>pravique</span> <span class='ocrx_word' id='word_1_75' title='bbox 738 1109 915 1164; x_wconf 77' lang='lat' dir='ltr'>tenax,</span> <span class='ocrx_word' id='word_1_76' title='bbox 954 1114 1115 1166; x_wconf 80' lang='lat' dir='ltr'>quam</span> <span class='ocrx_word' id='word_1_77' title='bbox 1133 1096 1316 1145; x_wconf 82' lang='lat' dir='ltr'>nuntia</span> <span class='ocrx_word' id='word_1_78' title='bbox 1341 1095 1465 1145; x_wconf 86' lang='lat' dir='ltr'>veri.</span> 
     </span>
    </p>
   </div>
   <div class='ocr_carea' id='block_1_3' title="bbox 256 1192 1104 1258">
    <p class='ocr_par' dir='ltr' id='par_1_12' title="bbox 256 1192 1104 1258">
     <span class='ocr_line' id='line_1_14' title="bbox 256 1192 1104 1258; baseline -0.008 -9"><span class='ocrx_word' id='word_1_79' title='bbox 256 1200 366 1248; x_wconf 79' lang='lat'>184.</span> <span class='ocrx_word' id='word_1_80' title='bbox 404 1208 738 1258; x_wconf 84' lang='lat' dir='ltr'>TERRAEQUE,</span> <span class='ocrx_word' id='word_1_81' title='bbox 774 1206 999 1242; x_wconf 79' lang='lat' dir='ltr'>UMBRAM</span> <span class='ocrx_word' id='word_1_82' title='bbox 1021 1192 1104 1242; x_wconf 84' lang='lat' dir='ltr'>ST.</span> 
     </span>
    </p>
   </div>
   <div class='ocr_carea' id='block_1_4' title="bbox 186 1311 1705 2400">
    <p class='ocr_par' dir='ltr' id='par_1_13' title="bbox 186 1311 1705 2400">
     <span class='ocr_line' id='line_1_15' title="bbox 282 1311 1691 1365; baseline -0.01 -7"><span class='ocrx_word' id='word_1_83' title='bbox 282 1325 347 1360; x_wconf 88' lang='lat'>179</span> <span class='ocrx_word' id='word_1_84' title='bbox 377 1326 468 1357; x_wconf 76' lang='lat' dir='ltr'>eaeo</span> <span class='ocrx_word' id='word_1_85' title='bbox 493 1322 547 1365; x_wconf 80' lang='lat' dir='ltr'>aL,</span> <span class='ocrx_word' id='word_1_86' title='bbox 573 1322 675 1355; x_wconf 81' lang='lat' dir='ltr'>male.</span> <span class='ocrx_word' id='word_1_87' title='bbox 722 1322 813 1354; x_wconf 85' lang='lat' dir='ltr'>Nam</span> <span class='ocrx_word' id='word_1_88' title='bbox 836 1321 964 1360; x_wconf 83' lang='grc' dir='ltr'><strong><em>Κοῖος.</em></strong></span> <span class='ocrx_word' id='word_1_89' title='bbox 1002 1319 1044 1352; x_wconf 83' lang='lat' dir='ltr'>cf.</span> <span class='ocrx_word' id='word_1_90' title='bbox 1071 1317 1116 1351; x_wconf 82' lang='lat' dir='ltr'>ad</span> <span class='ocrx_word' id='word_1_91' title='bbox 1142 1317 1271 1360; x_wconf 82' lang='lat' dir='ltr'>Georg.</span> <span class='ocrx_word' id='word_1_92' title='bbox 1295 1316 1321 1356; x_wconf 91' lang='grc' dir='ltr'>Ι,</span> <span class='ocrx_word' id='word_1_93' title='bbox 1343 1315 1423 1350; x_wconf 75' lang='grc'>279.</span> <span class='ocrx_word' id='word_1_94' title='bbox 1474 1315 1541 1346; x_wconf 86' lang='lat' dir='ltr'>Ceo</span> <span class='ocrx_word' id='word_1_95' title='bbox 1567 1311 1691 1345; x_wconf 84' lang='lat' dir='ltr'>Celeo-</span> 
     </span>
     <span class='ocr_line' id='line_1_16' title="bbox 187 1361 1694 1419; baseline -0.009 -14"><span class='ocrx_word' id='word_1_96' title='bbox 187 1384 256 1419; x_wconf 80' lang='lat' dir='ltr'>que</span> <span class='ocrx_word' id='word_1_97' title='bbox 287 1373 369 1404; x_wconf 86' lang='lat' dir='ltr'>Exc.</span> <span class='ocrx_word' id='word_1_98' title='bbox 405 1372 516 1403; x_wconf 84' lang='lat' dir='ltr'>Burm.</span> <span class='ocrx_word' id='word_1_99' title='bbox 565 1369 826 1413; x_wconf 75' lang='lat' dir='ltr'>Anceludoque</span> <span class='ocrx_word' id='word_1_100' title='bbox 858 1369 996 1411; x_wconf 81' lang='lat' dir='ltr'>Menag.</span> <span class='ocrx_word' id='word_1_101' title='bbox 1022 1378 1089 1410; x_wconf 65' lang='lat' dir='ltr'>pr„</span> <span class='ocrx_word' id='word_1_102' title='bbox 1123 1371 1162 1396; x_wconf 80' lang='lat' dir='ltr'>ut</span> <span class='ocrx_word' id='word_1_103' title='bbox 1198 1363 1241 1396; x_wconf 77' lang='lat' dir='ltr'>al.</span> <span class='ocrx_word' id='word_1_104' title='bbox 1276 1361 1497 1395; x_wconf 74' lang='lat' dir='ltr'>Enclzelado.</span> <span class='ocrx_word' id='word_1_105' title='bbox 1547 1370 1694 1393; x_wconf 81' lang='lat' dir='ltr'>sorores</span> 
     </span>
     <span class='ocr_line' id='line_1_17' title="bbox 186 1405 1693 1458; baseline -0.01 -6"><span class='ocrx_word' id='word_1_106' title='bbox 186 1419 347 1453; x_wconf 82' lang='lat' dir='ltr'>Parrhas.</span> <span class='ocrx_word' id='word_1_107' title='bbox 396 1429 522 1450; x_wconf 76' lang='lat' dir='ltr'>sorore</span> <span class='ocrx_word' id='word_1_108' title='bbox 545 1423 627 1449; x_wconf 84' lang='lat' dir='ltr'>tert.</span> <span class='ocrx_word' id='word_1_109' title='bbox 654 1415 798 1448; x_wconf 78' lang='lat' dir='ltr'>Mentel.</span> <span class='ocrx_word' id='word_1_110' title='bbox 896 1416 959 1449; x_wconf 77' lang='lat'>181</span> <span class='ocrx_word' id='word_1_111' title='bbox 987 1413 1082 1458; x_wconf 78' lang='lat' dir='ltr'>quod</span> <span class='ocrx_word' id='word_1_112' title='bbox 1107 1413 1205 1444; x_wconf 86' lang='lat' dir='ltr'>Rom.</span> <span class='ocrx_word' id='word_1_113' title='bbox 1232 1409 1374 1442; x_wconf 75' lang='lat' dir='ltr'>Mentel.</span> <span class='ocrx_word' id='word_1_114' title='bbox 1402 1419 1453 1451; x_wconf 88' lang='lat' dir='ltr'>pr.</span> <span class='ocrx_word' id='word_1_115' title='bbox 1493 1408 1542 1451; x_wconf 80' lang='lat' dir='ltr'>(et</span> <span class='ocrx_word' id='word_1_116' title='bbox 1567 1405 1693 1438; x_wconf 86' lang='lat' dir='ltr'>Medic.</span> 
     </span>
     <span class='ocr_line' id='line_1_18' title="bbox 191 1454 1693 1509; baseline -0.009 -10"><span class='ocrx_word' id='word_1_117' title='bbox 191 1467 287 1508; x_wconf 66' lang='lat' dir='ltr'>lVr.)</span> <span class='ocrx_word' id='word_1_118' title='bbox 337 1473 424 1498; x_wconf 71' lang='lat' dir='ltr'>sunt</span> <span class='ocrx_word' id='word_1_119' title='bbox 450 1471 536 1509; x_wconf 79' lang='lat' dir='ltr'>quot</span> <span class='ocrx_word' id='word_1_120' title='bbox 562 1465 695 1507; x_wconf 81' lang='lat' dir='ltr'>Hugen.</span> <span class='ocrx_word' id='word_1_121' title='bbox 742 1470 889 1507; x_wconf 82' lang='lat' dir='ltr'>pectore</span> <span class='ocrx_word' id='word_1_122' title='bbox 914 1460 1056 1493; x_wconf 76' lang='lat' dir='ltr'>Oudart.</span> <span class='ocrx_word' id='word_1_123' title='bbox 1084 1466 1117 1491; x_wconf 75' lang='lat' dir='ltr'>et</span> <span class='ocrx_word' id='word_1_124' title='bbox 1140 1457 1251 1491; x_wconf 80' lang='lat' dir='ltr'>Wall.</span> <span class='ocrx_word' id='word_1_125' title='bbox 1349 1456 1416 1490; x_wconf 71' lang='lat'>182</span> <span class='ocrx_word' id='word_1_126' title='bbox 1441 1454 1644 1499; x_wconf 78' lang='lat' dir='ltr'>Pervigiles</span> <span class='ocrx_word' id='word_1_127' title='bbox 1664 1464 1693 1485; x_wconf 79' lang='lat' dir='ltr'>S.</span> 
     </span>
     <span class='ocr_line' id='line_1_19' title="bbox 188 1500 1694 1558; baseline -0.01 -12"><span class='ocrx_word' id='word_1_128' title='bbox 188 1525 240 1558; x_wconf 85' lang='lat' dir='ltr'>pr.</span> <span class='ocrx_word' id='word_1_129' title='bbox 280 1512 407 1546; x_wconf 80' lang='lat' dir='ltr'>Hamb.</span> <span class='ocrx_word' id='word_1_130' title='bbox 457 1509 611 1543; x_wconf 69' lang='lat' dir='ltr'>subsunt</span> <span class='ocrx_word' id='word_1_131' title='bbox 645 1511 765 1542; x_wconf 79' lang='lat' dir='ltr'>Franc.</span> <span class='ocrx_word' id='word_1_132' title='bbox 798 1508 960 1541; x_wconf 78' lang='lat' dir='ltr'>Parthas.</span> <span class='ocrx_word' id='word_1_133' title='bbox 1003 1513 1039 1539; x_wconf 83' lang='lat' dir='ltr'>et</span> <span class='ocrx_word' id='word_1_134' title='bbox 1071 1504 1231 1550; x_wconf 86' lang='lat' dir='ltr'>plerique</span> <span class='ocrx_word' id='word_1_135' title='bbox 1266 1502 1356 1535; x_wconf 82' lang='lat' dir='ltr'>Pier.</span> <span class='ocrx_word' id='word_1_136' title='bbox 1416 1500 1572 1534; x_wconf 72' lang='lat' dir='ltr'>subeunt</span> <span class='ocrx_word' id='word_1_137' title='bbox 1607 1501 1694 1533; x_wconf 83' lang='lat' dir='ltr'>Ven.</span> 
     </span>
     <span class='ocr_line' id='line_1_20' title="bbox 189 1546 1697 1594; baseline -0.01 -1"><span class='ocrx_word' id='word_1_138' title='bbox 189 1559 298 1594; x_wconf 80' lang='lat' dir='ltr'>Wall.</span> <span class='ocrx_word' id='word_1_139' title='bbox 324 1571 399 1592; x_wconf 89' lang='lat' dir='ltr'>cum</span> <span class='ocrx_word' id='word_1_140' title='bbox 425 1557 530 1589; x_wconf 84' lang='lat' dir='ltr'>Goth.</span> <span class='ocrx_word' id='word_1_141' title='bbox 566 1563 647 1589; x_wconf 83' lang='lat' dir='ltr'>tert.</span> <span class='ocrx_word' id='word_1_142' title='bbox 699 1556 822 1589; x_wconf 74' lang='lat' dir='ltr'>oculos</span> <span class='ocrx_word' id='word_1_143' title='bbox 855 1554 983 1588; x_wconf 75' lang='lat' dir='ltr'>subtus</span> <span class='ocrx_word' id='word_1_144' title='bbox 1007 1552 1122 1586; x_wconf 79' lang='lat' dir='ltr'>Sohol.</span> <span class='ocrx_word' id='word_1_145' title='bbox 1158 1550 1288 1583; x_wconf 76' lang='lat' dir='ltr'>Lucani</span> <span class='ocrx_word' id='word_1_146' title='bbox 1313 1549 1373 1582; x_wconf 87' lang='lat' dir='ltr'>lib.</span> <span class='ocrx_word' id='word_1_147' title='bbox 1401 1550 1424 1581; x_wconf 86' lang='grc' dir='ltr'>Ι.</span> <span class='ocrx_word' id='word_1_148' title='bbox 1451 1548 1530 1582; x_wconf 72' lang='lat'><strong>472.</strong></span> <span class='ocrx_word' id='word_1_149' title='bbox 1583 1546 1697 1580; x_wconf 78' lang='lat' dir='ltr'>oculis</span> 
     </span>
     <span class='ocr_line' id='line_1_21' title="bbox 190 1594 1694 1648; baseline -0.009 -9"><span class='ocrx_word' id='word_1_150' title='bbox 190 1605 345 1639; x_wconf 71' lang='lat' dir='ltr'>subsunt</span> <span class='ocrx_word' id='word_1_151' title='bbox 371 1605 424 1637; x_wconf 86' lang='lat' dir='ltr'>ed.</span> <span class='ocrx_word' id='word_1_152' title='bbox 446 1605 534 1637; x_wconf 85' lang='lat' dir='ltr'>Ven.</span> <span class='ocrx_word' id='word_1_153' title='bbox 559 1604 689 1648; x_wconf 74' lang='lat' dir='ltr'>(oculis</span> <span class='ocrx_word' id='word_1_154' title='bbox 711 1601 813 1634; x_wconf 74' lang='lat' dir='ltr'>etiam</span> <span class='ocrx_word' id='word_1_155' title='bbox 838 1601 962 1634; x_wconf 85' lang='lat' dir='ltr'>Medic.</span> <span class='ocrx_word' id='word_1_156' title='bbox 991 1613 1010 1633; x_wconf 84' lang='lat' dir='ltr'>a</span> <span class='ocrx_word' id='word_1_157' title='bbox 1036 1612 1079 1632; x_wconf 91' lang='lat' dir='ltr'>m.</span> <span class='ocrx_word' id='word_1_158' title='bbox 1105 1611 1157 1643; x_wconf 78' lang='lat' dir='ltr'>pr.</span> <span class='ocrx_word' id='word_1_159' title='bbox 1187 1598 1281 1640; x_wconf 80' lang='lat' dir='ltr'><em>lVr.)</em></span> <span class='ocrx_word' id='word_1_160' title='bbox 1331 1594 1492 1628; x_wconf 79' lang='lat' dir='ltr'>mirabile</span> <span class='ocrx_word' id='word_1_161' title='bbox 1515 1595 1595 1627; x_wconf 78' lang='lat' dir='ltr'>visu</span> <span class='ocrx_word' id='word_1_162' title='bbox 1616 1594 1694 1625; x_wconf 80' lang='lat' dir='ltr'>Exc.</span> 
     </span>
     <span class='ocr_line' id='line_1_22' title="bbox 190 1643 1698 1695; baseline -0.01 -9"><span class='ocrx_word' id='word_1_163' title='bbox 190 1655 372 1685; x_wconf 88' lang='lat' dir='ltr'>Burmann.</span> <span class='ocrx_word' id='word_1_164' title='bbox 400 1664 418 1684; x_wconf 85' lang='lat' dir='ltr'>a</span> <span class='ocrx_word' id='word_1_165' title='bbox 444 1663 488 1683; x_wconf 87' lang='lat' dir='ltr'>m.</span> <span class='ocrx_word' id='word_1_166' title='bbox 514 1663 578 1695; x_wconf 69' lang='lat' dir='ltr'>pn,</span> <span class='ocrx_word' id='word_1_167' title='bbox 604 1650 666 1682; x_wconf 83' lang='lat' dir='ltr'>sed</span> <span class='ocrx_word' id='word_1_168' title='bbox 690 1648 828 1681; x_wconf 75' lang='lat' dir='ltr'>aliunde</span> <span class='ocrx_word' id='word_1_169' title='bbox 850 1648 1048 1691; x_wconf 79' lang='lat' dir='ltr'>repetitum.</span> <span class='ocrx_word' id='word_1_170' title='bbox 1122 1645 1187 1679; x_wconf 78' lang='lat'>183</span> <span class='ocrx_word' id='word_1_171' title='bbox 1214 1657 1275 1677; x_wconf 85' lang='lat' dir='ltr'>ore</span> <span class='ocrx_word' id='word_1_172' title='bbox 1298 1643 1388 1676; x_wconf 84' lang='lat' dir='ltr'>alter</span> <span class='ocrx_word' id='word_1_173' title='bbox 1412 1643 1549 1685; x_wconf 79' lang='lat' dir='ltr'>Menag.</span> <span class='ocrx_word' id='word_1_174' title='bbox 1584 1651 1698 1672; x_wconf 78' lang='lat' dir='ltr'>auras</span> 
     </span>
     <span class='ocr_line' id='line_1_23' title="bbox 193 1687 1698 1742; baseline -0.009 -9"><span class='ocrx_word' id='word_1_175' title='bbox 193 1700 283 1733; x_wconf 82' lang='lat' dir='ltr'>Gud.</span> <span class='ocrx_word' id='word_1_176' title='bbox 309 1712 327 1732; x_wconf 83' lang='lat' dir='ltr'>a</span> <span class='ocrx_word' id='word_1_177' title='bbox 352 1711 395 1731; x_wconf 89' lang='lat' dir='ltr'>m.</span> <span class='ocrx_word' id='word_1_178' title='bbox 421 1710 472 1742; x_wconf 86' lang='lat' dir='ltr'>pr.</span> <span class='ocrx_word' id='word_1_179' title='bbox 573 1698 637 1731; x_wconf 75' lang='lat'>184</span> <span class='ocrx_word' id='word_1_180' title='bbox 662 1697 698 1728; x_wconf 83' lang='lat' dir='ltr'>in</span> <span class='ocrx_word' id='word_1_181' title='bbox 725 1697 840 1728; x_wconf 80' lang='lat' dir='ltr'>medio</span> <span class='ocrx_word' id='word_1_182' title='bbox 865 1695 972 1728; x_wconf 88' lang='lat' dir='ltr'>Goth.</span> <span class='ocrx_word' id='word_1_183' title='bbox 999 1701 1078 1725; x_wconf 86' lang='lat' dir='ltr'>tert.</span> <span class='ocrx_word' id='word_1_184' title='bbox 1122 1704 1192 1738; x_wconf 81' lang='lat' dir='ltr'>per</span> <span class='ocrx_word' id='word_1_185' title='bbox 1218 1689 1363 1723; x_wconf 74' lang='lat' dir='ltr'>umbras</span> <span class='ocrx_word' id='word_1_186' title='bbox 1387 1689 1521 1732; x_wconf 78' lang='lat' dir='ltr'>aliquot</span> <span class='ocrx_word' id='word_1_187' title='bbox 1547 1687 1634 1719; x_wconf 82' lang='lat' dir='ltr'>Pier.</span> <span class='ocrx_word' id='word_1_188' title='bbox 1662 1693 1698 1720; x_wconf 86' lang='lat' dir='ltr'>et</span> 
     </span>
     <span class='ocr_line' id='line_1_24' title="bbox 193 1735 1698 1788; baseline -0.009 -9"><span class='ocrx_word' id='word_1_189' title='bbox 193 1750 374 1780; x_wconf 78' lang='lat' dir='ltr'>Burmann.</span> <span class='ocrx_word' id='word_1_190' title='bbox 425 1745 526 1788; x_wconf 62' lang='lat' dir='ltr'>(Ecce</span> <span class='ocrx_word' id='word_1_191' title='bbox 554 1743 681 1776; x_wconf 69' lang='lat' dir='ltr'>fractos</span> <span class='ocrx_word' id='word_1_192' title='bbox 702 1749 737 1775; x_wconf 85' lang='lat' dir='ltr'>et</span> <span class='ocrx_word' id='word_1_193' title='bbox 762 1743 914 1775; x_wconf 84' lang='lat' dir='ltr'>elumbes</span> <span class='ocrx_word' id='word_1_194' title='bbox 932 1751 1114 1772; x_wconf 84' lang='lat' dir='ltr'>numeros:</span> <span class='ocrx_word' id='word_1_195' title='bbox 1136 1751 1204 1783; x_wconf 73' lang='lat' dir='ltr'>per</span> <span class='ocrx_word' id='word_1_196' title='bbox 1226 1736 1385 1769; x_wconf 77' lang='lat' dir='ltr'>umbram</span> <span class='ocrx_word' id='word_1_197' title='bbox 1407 1736 1411 1779; x_wconf 71' lang='grc'>1</span> <span class='ocrx_word' id='word_1_198' title='bbox 1435 1735 1615 1767; x_wconf 73' lang='lat' dir='ltr'>Stridens,</span> <span class='ocrx_word' id='word_1_199' title='bbox 1653 1737 1698 1766; x_wconf 83' lang='lat' dir='ltr'>At</span> 
     </span>
     <span class='ocr_line' id='line_1_25' title="bbox 193 1780 1698 1837; baseline -0.01 -10"><span class='ocrx_word' id='word_1_200' title='bbox 193 1794 280 1827; x_wconf 76' lang='lat' dir='ltr'>tolle</span> <span class='ocrx_word' id='word_1_201' title='bbox 303 1798 382 1837; x_wconf 83' lang='lat' dir='ltr'>post</span> <span class='ocrx_word' id='word_1_202' title='bbox 409 1800 601 1834; x_wconf 73' lang='lat' dir='ltr'>terraeque</span> <span class='ocrx_word' id='word_1_203' title='bbox 630 1801 761 1822; x_wconf 82' lang='lat' dir='ltr'>comnia</span> <span class='ocrx_word' id='word_1_204' title='bbox 791 1796 825 1821; x_wconf 81' lang='lat' dir='ltr'>et</span> <span class='ocrx_word' id='word_1_205' title='bbox 859 1799 952 1833; x_wconf 84' lang='lat' dir='ltr'>pone</span> <span class='ocrx_word' id='word_1_206' title='bbox 974 1794 1053 1831; x_wconf 85' lang='lat' dir='ltr'>post</span> <span class='ocrx_word' id='word_1_207' title='bbox 1084 1784 1263 1823; x_wconf 79' lang='lat' dir='ltr'>umbram3</span> <span class='ocrx_word' id='word_1_208' title='bbox 1301 1783 1348 1815; x_wconf 78' lang='lat' dir='ltr'>sie</span> <span class='ocrx_word' id='word_1_209' title='bbox 1380 1782 1488 1814; x_wconf 86' lang='lat' dir='ltr'>multo</span> <span class='ocrx_word' id='word_1_210' title='bbox 1517 1780 1698 1813; x_wconf 79' lang='lat' dir='ltr'>fortiorem</span> 
     </span>
     <span class='ocr_line' id='line_1_26' title="bbox 194 1827 1699 1881; baseline -0.009 -9"><span class='ocrx_word' id='word_1_211' title='bbox 194 1839 341 1874; x_wconf 85' lang='lat' dir='ltr'>habebis</span> <span class='ocrx_word' id='word_1_212' title='bbox 373 1844 408 1870; x_wconf 87' lang='lat' dir='ltr'>et</span> <span class='ocrx_word' id='word_1_213' title='bbox 424 1837 625 1881; x_wconf 85' lang='lat' dir='ltr'>rhythmum</span> <span class='ocrx_word' id='word_1_214' title='bbox 648 1842 683 1868; x_wconf 83' lang='lat' dir='ltr'>et</span> <span class='ocrx_word' id='word_1_215' title='bbox 701 1848 848 1868; x_wconf 85' lang='lat' dir='ltr'>sensum.</span> <span class='ocrx_word' id='word_1_216' title='bbox 896 1835 940 1866; x_wconf 85' lang='lat' dir='ltr'>Et</span> <span class='ocrx_word' id='word_1_217' title='bbox 967 1834 1013 1866; x_wconf 62' lang='lat' dir='ltr'>ita</span> <span class='ocrx_word' id='word_1_218' title='bbox 1041 1832 1143 1877; x_wconf 75' lang='lat' dir='ltr'>plane</span> <span class='ocrx_word' id='word_1_219' title='bbox 1174 1831 1208 1862; x_wconf 88' lang='lat' dir='ltr'>in</span> <span class='ocrx_word' id='word_1_220' title='bbox 1233 1830 1394 1862; x_wconf 75' lang='lat' dir='ltr'>Metliceo</span> <span class='ocrx_word' id='word_1_221' title='bbox 1425 1827 1592 1872; x_wconf 81' lang='lat' dir='ltr'>distingui</span> <span class='ocrx_word' id='word_1_222' title='bbox 1615 1839 1699 1860; x_wconf 88' lang='lat' dir='ltr'>ora-</span> 
     </span>
     <span class='ocr_line' id='line_1_27' title="bbox 195 1875 1700 1927; baseline -0.009 -8"><span class='ocrx_word' id='word_1_223' title='bbox 195 1889 326 1921; x_wconf 85' lang='lat' dir='ltr'>tionem</span> <span class='ocrx_word' id='word_1_224' title='bbox 343 1885 463 1923; x_wconf 79' lang='lat' dir='ltr'>vide03</span> <span class='ocrx_word' id='word_1_225' title='bbox 491 1883 574 1915; x_wconf 83' lang='lat' dir='ltr'>item</span> <span class='ocrx_word' id='word_1_226' title='bbox 593 1883 684 1927; x_wconf 85' lang='lat' dir='ltr'>apud</span> <span class='ocrx_word' id='word_1_227' title='bbox 707 1882 873 1915; x_wconf 84' lang='lat' dir='ltr'>Servium.</span> <span class='ocrx_word' id='word_1_228' title='bbox 924 1881 993 1912; x_wconf 82' lang='lat' dir='ltr'>Gfr.</span> <span class='ocrx_word' id='word_1_229' title='bbox 1026 1879 1164 1911; x_wconf 88' lang='lat' dir='ltr'>omniuo</span> <span class='ocrx_word' id='word_1_230' title='bbox 1193 1879 1234 1917; x_wconf 87' lang='lat' dir='ltr'>Q.</span> <span class='ocrx_word' id='word_1_231' title='bbox 1265 1878 1308 1910; x_wconf 89' lang='lat' dir='ltr'>V.</span> <span class='ocrx_word' id='word_1_232' title='bbox 1326 1878 1421 1917; x_wconf 84' lang='lat' dir='ltr'>XIII,</span> <span class='ocrx_word' id='word_1_233' title='bbox 1454 1877 1486 1914; x_wconf 70' lang='lat'>2,</span> <span class='ocrx_word' id='word_1_234' title='bbox 1513 1875 1546 1907; x_wconf 91' lang='lat' dir='ltr'>d.</span> <span class='ocrx_word' id='word_1_235' title='bbox 1595 1875 1700 1907; x_wconf 78' lang='lat' dir='ltr'>Cete-</span> 
     </span>
     <span class='ocr_line' id='line_1_28' title="bbox 196 1921 1699 1974; baseline -0.009 -7"><span class='ocrx_word' id='word_1_236' title='bbox 196 1947 269 1968; x_wconf 88' lang='lat' dir='ltr'>rum</span> <span class='ocrx_word' id='word_1_237' title='bbox 290 1934 324 1966; x_wconf 89' lang='lat' dir='ltr'>in</span> <span class='ocrx_word' id='word_1_238' title='bbox 347 1932 470 1964; x_wconf 84' lang='lat' dir='ltr'>eodem</span> <span class='ocrx_word' id='word_1_239' title='bbox 491 1930 614 1962; x_wconf 76' lang='lat' dir='ltr'>Medic.</span> <span class='ocrx_word' id='word_1_240' title='bbox 636 1928 894 1974; x_wconf 84' lang='lat' dir='ltr'>interpungitur</span> <span class='ocrx_word' id='word_1_241' title='bbox 913 1927 1014 1960; x_wconf 74' lang='lat' dir='ltr'>etiam</span> <span class='ocrx_word' id='word_1_242' title='bbox 1029 1932 1110 1970; x_wconf 88' lang='lat' dir='ltr'>post</span> <span class='ocrx_word' id='word_1_243' title='bbox 1131 1925 1250 1963; x_wconf 66' lang='grc' dir='ltr'>νοίαις</span> <span class='ocrx_word' id='word_1_244' title='bbox 1278 1924 1370 1967; x_wconf 87' lang='lat' dir='ltr'>quod</span> <span class='ocrx_word' id='word_1_245' title='bbox 1394 1922 1488 1954; x_wconf 89' lang='lat' dir='ltr'>nolui</span> <span class='ocrx_word' id='word_1_246' title='bbox 1507 1921 1699 1965; x_wconf 72' lang='lat' dir='ltr'>praeterire</span> 
     </span>
     <span class='ocr_line' id='line_1_29' title="bbox 197 1968 1701 2026; baseline -0.008 -13"><span class='ocrx_word' id='word_1_247' title='bbox 197 1988 342 2026; x_wconf 79' lang='lat' dir='ltr'>propter</span> <span class='ocrx_word' id='word_1_248' title='bbox 362 1977 542 2018; x_wconf 86' lang='lat' dir='ltr'>scholion,</span> <span class='ocrx_word' id='word_1_249' title='bbox 567 1976 660 2021; x_wconf 86' lang='lat' dir='ltr'>quod</span> <span class='ocrx_word' id='word_1_250' title='bbox 677 1976 769 2020; x_wconf 86' lang='lat' dir='ltr'>apud</span> <span class='ocrx_word' id='word_1_251' title='bbox 789 1979 828 2008; x_wconf 84' lang='lat' dir='ltr'>A.</span> <span class='ocrx_word' id='word_1_252' title='bbox 847 1975 975 2007; x_wconf 84' lang='lat' dir='ltr'>Maium</span> <span class='ocrx_word' id='word_1_253' title='bbox 996 1973 1139 2012; x_wconf 65' lang='lat' dir='ltr'>legitur:</span> <span class='ocrx_word' id='word_1_254' title='bbox 1175 1971 1314 2012; x_wconf 74' lang='lat' dir='ltr'>„Nocte</span> <span class='ocrx_word' id='word_1_255' title='bbox 1342 1970 1455 2002; x_wconf 71' lang='lat' dir='ltr'>volat.</span> <span class='ocrx_word' id='word_1_256' title='bbox 1506 1968 1578 2000; x_wconf 71' lang='lat' dir='ltr'>Hae</span> <span class='ocrx_word' id='word_1_257' title='bbox 1603 1980 1701 2001; x_wconf 82' lang='lat' dir='ltr'>mora</span> 
     </span>
     <span class='ocr_line' id='line_1_30' title="bbox 198 2014 1701 2071; baseline -0.009 -11"><span class='ocrx_word' id='word_1_258' title='bbox 198 2025 497 2071; x_wconf 83' lang='lat' dir='ltr'>distinguendum,</span> <span class='ocrx_word' id='word_1_259' title='bbox 523 2030 560 2055; x_wconf 84' lang='lat' dir='ltr'>ut</span> <span class='ocrx_word' id='word_1_260' title='bbox 585 2024 629 2056; x_wconf 79' lang='lat' dir='ltr'>sit</span> <span class='ocrx_word' id='word_1_261' title='bbox 648 2022 720 2055; x_wconf 88' lang='lat' dir='ltr'>eius</span> <span class='ocrx_word' id='word_1_262' title='bbox 746 2022 917 2055; x_wconf 79' lang='lat' dir='ltr'>sententia</span> <span class='ocrx_word' id='word_1_263' title='bbox 937 2027 971 2053; x_wconf 88' lang='lat' dir='ltr'>et</span> <span class='ocrx_word' id='word_1_264' title='bbox 991 2020 1078 2052; x_wconf 84' lang='lat' dir='ltr'>ordo</span> <span class='ocrx_word' id='word_1_265' title='bbox 1095 2018 1194 2051; x_wconf 71' lang='lat' dir='ltr'>tulis:</span> <span class='ocrx_word' id='word_1_266' title='bbox 1221 2019 1335 2050; x_wconf 77' lang='lat' dir='ltr'>Nocte</span> <span class='ocrx_word' id='word_1_267' title='bbox 1359 2016 1496 2060; x_wconf 86' lang='lat' dir='ltr'>quidem</span> <span class='ocrx_word' id='word_1_268' title='bbox 1520 2014 1627 2055; x_wconf 78' lang='lat' dir='ltr'>volat,</span> <span class='ocrx_word' id='word_1_269' title='bbox 1657 2014 1701 2048; x_wconf 85' lang='lat' dir='ltr'>ad</span> 
     </span>
     <span class='ocr_line' id='line_1_31' title="bbox 198 2062 1702 2108; baseline -0.01 0"><span class='ocrx_word' id='word_1_270' title='bbox 198 2075 307 2108; x_wconf 86' lang='lat' dir='ltr'>lucem</span> <span class='ocrx_word' id='word_1_271' title='bbox 327 2079 442 2106; x_wconf 83' lang='lat' dir='ltr'>custos</span> <span class='ocrx_word' id='word_1_272' title='bbox 466 2069 575 2103; x_wconf 84' lang='lat' dir='ltr'>omnis</span> <span class='ocrx_word' id='word_1_273' title='bbox 598 2076 737 2102; x_wconf 80' lang='lat' dir='ltr'>eventus</span> <span class='ocrx_word' id='word_1_274' title='bbox 760 2069 860 2102; x_wconf 79' lang='lat' dir='ltr'>sedet</span> <span class='ocrx_word' id='word_1_275' title='bbox 879 2078 1009 2101; x_wconf 90' lang='lat' dir='ltr'>summo</span> <span class='ocrx_word' id='word_1_276' title='bbox 1030 2066 1113 2098; x_wconf 79' lang='lat' dir='ltr'>tecti</span> <span class='ocrx_word' id='word_1_277' title='bbox 1132 2064 1417 2103; x_wconf 59' lang='lat' dir='ltr'>culminef‘lVr.)</span> <span class='ocrx_word' id='word_1_278' title='bbox 1480 2062 1544 2096; x_wconf 81' lang='lat'>185</span> <span class='ocrx_word' id='word_1_279' title='bbox 1571 2062 1702 2094; x_wconf 72' lang='lat' dir='ltr'>stridet</span> 
     </span>
     <span class='ocr_line' id='line_1_32' title="bbox 200 2109 1703 2164; baseline -0.01 -9"><span class='ocrx_word' id='word_1_280' title='bbox 200 2122 372 2164; x_wconf 84' lang='lat' dir='ltr'>oblongus</span> <span class='ocrx_word' id='word_1_281' title='bbox 394 2117 506 2150; x_wconf 74' lang='lat' dir='ltr'>Vatia.</span> <span class='ocrx_word' id='word_1_282' title='bbox 524 2116 629 2149; x_wconf 77' lang='lat' dir='ltr'>Pierii</span> <span class='ocrx_word' id='word_1_283' title='bbox 648 2123 683 2149; x_wconf 82' lang='lat' dir='ltr'>et</span> <span class='ocrx_word' id='word_1_284' title='bbox 710 2129 778 2149; x_wconf 82' lang='lat' dir='ltr'>sec.</span> <span class='ocrx_word' id='word_1_285' title='bbox 800 2114 966 2148; x_wconf 80' lang='lat' dir='ltr'>Rottend.</span> <span class='ocrx_word' id='word_1_286' title='bbox 1010 2113 1196 2145; x_wconf 73' lang='lat' dir='ltr'>declinant</span> <span class='ocrx_word' id='word_1_287' title='bbox 1214 2110 1325 2150; x_wconf 64' lang='lat' dir='ltr'>Leid„</span> <span class='ocrx_word' id='word_1_288' title='bbox 1350 2116 1387 2142; x_wconf 87' lang='lat' dir='ltr'>ut</span> <span class='ocrx_word' id='word_1_289' title='bbox 1409 2110 1468 2140; x_wconf 87' lang='lat' dir='ltr'>int.</span> <span class='ocrx_word' id='word_1_290' title='bbox 1488 2121 1536 2141; x_wconf 80' lang='lat' dir='ltr'>se.</span> <span class='ocrx_word' id='word_1_291' title='bbox 1579 2109 1703 2141; x_wconf 84' lang='lat' dir='ltr'>limina</span> 
     </span>
     <span class='ocr_line' id='line_1_33' title="bbox 199 2156 1702 2211; baseline -0.011 -10"><span class='ocrx_word' id='word_1_292' title='bbox 199 2168 297 2202; x_wconf 82' lang='lat' dir='ltr'>multi</span> <span class='ocrx_word' id='word_1_293' title='bbox 318 2166 408 2211; x_wconf 82' lang='lat' dir='ltr'>apud</span> <span class='ocrx_word' id='word_1_294' title='bbox 428 2164 519 2198; x_wconf 85' lang='lat' dir='ltr'>Pier.</span> <span class='ocrx_word' id='word_1_295' title='bbox 540 2171 575 2196; x_wconf 79' lang='lat' dir='ltr'>et</span> <span class='ocrx_word' id='word_1_296' title='bbox 594 2165 705 2196; x_wconf 84' lang='lat' dir='ltr'>Burm.</span> <span class='ocrx_word' id='word_1_297' title='bbox 755 2164 888 2196; x_wconf 77' lang='lat' dir='ltr'>lumine</span> <span class='ocrx_word' id='word_1_298' title='bbox 915 2173 968 2205; x_wconf 86' lang='lat' dir='ltr'>pr.</span> <span class='ocrx_word' id='word_1_299' title='bbox 989 2161 1114 2192; x_wconf 84' lang='lat' dir='ltr'>Moret.</span> <span class='ocrx_word' id='word_1_300' title='bbox 1163 2158 1262 2191; x_wconf 87' lang='lat' dir='ltr'>coelo</span> <span class='ocrx_word' id='word_1_301' title='bbox 1288 2158 1376 2189; x_wconf 82' lang='lat' dir='ltr'>alter</span> <span class='ocrx_word' id='word_1_302' title='bbox 1395 2156 1515 2190; x_wconf 74' lang='lat' dir='ltr'>Hamb.</span> <span class='ocrx_word' id='word_1_303' title='bbox 1537 2168 1554 2187; x_wconf 83' lang='lat' dir='ltr'>a</span> <span class='ocrx_word' id='word_1_304' title='bbox 1582 2167 1625 2187; x_wconf 89' lang='lat' dir='ltr'>m.</span> <span class='ocrx_word' id='word_1_305' title='bbox 1649 2166 1702 2197; x_wconf 89' lang='lat' dir='ltr'>pr.</span> 
     </span>
     <span class='ocr_line' id='line_1_34' title="bbox 204 2202 1701 2256; baseline -0.011 -5"><span class='ocrx_word' id='word_1_306' title='bbox 204 2217 268 2251; x_wconf 78' lang='grc'>186</span> <span class='ocrx_word' id='word_1_307' title='bbox 293 2218 341 2247; x_wconf 71' lang='lat' dir='ltr'>Ec</span> <span class='ocrx_word' id='word_1_308' title='bbox 358 2225 422 2246; x_wconf 83' lang='lat' dir='ltr'>nec</span> <span class='ocrx_word' id='word_1_309' title='bbox 443 2223 507 2256; x_wconf 77' lang='lat' dir='ltr'>pro</span> <span class='ocrx_word' id='word_1_310' title='bbox 532 2213 624 2242; x_wconf 73' lang='lat' dir='ltr'>Luce</span> <span class='ocrx_word' id='word_1_311' title='bbox 645 2210 752 2243; x_wconf 86' lang='lat' dir='ltr'>Goth.</span> <span class='ocrx_word' id='word_1_312' title='bbox 772 2222 840 2242; x_wconf 85' lang='lat' dir='ltr'>see.</span> <span class='ocrx_word' id='word_1_313' title='bbox 890 2220 1023 2241; x_wconf 75' lang='lat' dir='ltr'>summo</span> <span class='ocrx_word' id='word_1_314' title='bbox 1044 2207 1178 2248; x_wconf 81' lang='lat' dir='ltr'>Hngen.</span> <span class='ocrx_word' id='word_1_315' title='bbox 1204 2212 1237 2237; x_wconf 86' lang='lat' dir='ltr'>et</span> <span class='ocrx_word' id='word_1_316' title='bbox 1261 2211 1339 2236; x_wconf 81' lang='lat' dir='ltr'>tert.</span> <span class='ocrx_word' id='word_1_317' title='bbox 1362 2202 1502 2235; x_wconf 83' lang='lat' dir='ltr'>Mentel.</span> <span class='ocrx_word' id='word_1_318' title='bbox 1533 2214 1551 2234; x_wconf 73' lang='lat' dir='ltr'>a</span> <span class='ocrx_word' id='word_1_319' title='bbox 1571 2214 1615 2235; x_wconf 86' lang='lat' dir='ltr'>m.</span> <span class='ocrx_word' id='word_1_320' title='bbox 1650 2213 1701 2245; x_wconf 82' lang='lat' dir='ltr'>pr.</span> 
     </span>
     <span class='ocr_line' id='line_1_35' title="bbox 202 2248 1703 2303; baseline -0.011 -8"><span class='ocrx_word' id='word_1_321' title='bbox 202 2263 337 2295; x_wconf 69' lang='lat' dir='ltr'>vertice</span> <span class='ocrx_word' id='word_1_322' title='bbox 369 2272 421 2303; x_wconf 82' lang='lat' dir='ltr'>pr.</span> <span class='ocrx_word' id='word_1_323' title='bbox 453 2257 575 2290; x_wconf 72' lang='lat' dir='ltr'>Hamb.</span> <span class='ocrx_word' id='word_1_324' title='bbox 606 2269 669 2301; x_wconf 86' lang='lat' dir='ltr'>pro</span> <span class='ocrx_word' id='word_1_325' title='bbox 700 2269 769 2289; x_wconf 73' lang='lat' dir='ltr'>var.</span> <span class='ocrx_word' id='word_1_326' title='bbox 795 2256 877 2289; x_wconf 84' lang='lat' dir='ltr'>lect.</span> <span class='ocrx_word' id='word_1_327' title='bbox 906 2266 946 2286; x_wconf 76' lang='lat' dir='ltr'>ex</span> <span class='ocrx_word' id='word_1_328' title='bbox 974 2266 1022 2285; x_wconf 89' lang='lat' dir='ltr'>vs.</span> <span class='ocrx_word' id='word_1_329' title='bbox 1055 2253 1131 2287; x_wconf 83' lang='grc'>168.</span> <span class='ocrx_word' id='word_1_330' title='bbox 1161 2263 1235 2294; x_wconf 87' lang='lat' dir='ltr'>rep.</span> <span class='ocrx_word' id='word_1_331' title='bbox 1286 2252 1348 2295; x_wconf 87' lang='lat'>(—-</span> <span class='ocrx_word' id='word_1_332' title='bbox 1377 2251 1454 2285; x_wconf 82' lang='lat'>187.</span> <span class='ocrx_word' id='word_1_333' title='bbox 1479 2248 1606 2281; x_wconf 80' lang='lat' dir='ltr'>Medic.</span> <span class='ocrx_word' id='word_1_334' title='bbox 1625 2260 1703 2280; x_wconf 82' lang='lat' dir='ltr'>ma-</span> 
     </span>
     <span class='ocr_line' id='line_1_36' title="bbox 202 2296 1705 2354; baseline -0.009 -14"><span class='ocrx_word' id='word_1_335' title='bbox 202 2320 297 2354; x_wconf 75' lang='lat' dir='ltr'>gnas</span> <span class='ocrx_word' id='word_1_336' title='bbox 322 2315 356 2338; x_wconf 80' lang='lat' dir='ltr'>et</span> <span class='ocrx_word' id='word_1_337' title='bbox 382 2306 544 2345; x_wconf 51' lang='lat' dir='ltr'>territam</span> <span class='ocrx_word' id='word_1_338' title='bbox 574 2304 672 2337; x_wconf 80' lang='lat' dir='ltr'>seda</span> <span class='ocrx_word' id='word_1_339' title='bbox 692 2316 761 2336; x_wconf 82' lang='lat' dir='ltr'>sec.</span> <span class='ocrx_word' id='word_1_340' title='bbox 784 2315 827 2336; x_wconf 80' lang='lat' dir='ltr'>ni.</span> <span class='ocrx_word' id='word_1_341' title='bbox 851 2310 885 2334; x_wconf 77' lang='lat' dir='ltr'>ec</span> <span class='ocrx_word' id='word_1_342' title='bbox 900 2306 980 2334; x_wconf 86' lang='lat' dir='ltr'>ante</span> <span class='ocrx_word' id='word_1_343' title='bbox 1002 2310 1157 2345; x_wconf 75' lang='lat' dir='ltr'>magnas</span> <span class='ocrx_word' id='word_1_344' title='bbox 1176 2298 1320 2331; x_wconf 85' lang='lat' dir='ltr'>illatum.</span> <span class='ocrx_word' id='word_1_345' title='bbox 1353 2296 1446 2340; x_wconf 71' lang='lat' dir='ltr'>ll‘r.)</span> <span class='ocrx_word' id='word_1_346' title='bbox 1528 2296 1593 2329; x_wconf 81' lang='lat'>188</span> <span class='ocrx_word' id='word_1_347' title='bbox 1610 2307 1705 2342; x_wconf 81' lang='lat' dir='ltr'>par—</span> 
     </span>
     <span class='ocr_line' id='line_1_37' title="bbox 203 2353 511 2400; baseline -0.016 -12"><span class='ocrx_word' id='word_1_348' title='bbox 203 2357 308 2400; x_wconf 74' lang='lat' dir='ltr'>vique</span> <span class='ocrx_word' id='word_1_349' title='bbox 326 2353 433 2386; x_wconf 85' lang='lat' dir='ltr'>Goth.</span> <span class='ocrx_word' id='word_1_350' title='bbox 460 2364 511 2396; x_wconf 86' lang='lat' dir='ltr'>pr.</span> 
     </span>
    </p>
   </div>
   <div class='ocr_carea' id='block_1_5' title="bbox 207 2455 936 2968">
    <p class='ocr_par' dir='ltr' id='par_1_14' title="bbox 207 2455 930 2740">
     <span class='ocr_line' id='line_1_38' title="bbox 207 2455 928 2505; baseline -0.01 -6"><span class='ocrx_word' id='word_1_351' title='bbox 207 2460 442 2505; x_wconf 82' lang='lat' dir='ltr'>subtimida,</span> <span class='ocrx_word' id='word_1_352' title='bbox 484 2470 575 2493; x_wconf 82' lang='lat' dir='ltr'>mox</span> <span class='ocrx_word' id='word_1_353' title='bbox 606 2455 813 2503; x_wconf 81' lang='lat' dir='ltr'>audacior,</span> <span class='ocrx_word' id='word_1_354' title='bbox 855 2468 928 2505; x_wconf 85' lang='lat' dir='ltr'>po-</span> 
     </span>
     <span class='ocr_line' id='line_1_39' title="bbox 209 2513 929 2567; baseline -0.01 -12"><span class='ocrx_word' id='word_1_355' title='bbox 209 2525 354 2555; x_wconf 76' lang='lat' dir='ltr'>stremo</span> <span class='ocrx_word' id='word_1_356' title='bbox 382 2514 668 2567; x_wconf 72' lang='lat' dir='ltr'>procacissima.</span> <span class='ocrx_word' id='word_1_357' title='bbox 730 2513 817 2550; x_wconf 86' lang='lat' dir='ltr'>lloc</span> <span class='ocrx_word' id='word_1_358' title='bbox 844 2525 929 2549; x_wconf 85' lang='lat' dir='ltr'>me-</span> 
     </span>
     <span class='ocr_line' id='line_1_40' title="bbox 208 2571 930 2619; baseline -0.011 -6"><span class='ocrx_word' id='word_1_359' title='bbox 208 2577 282 2613; x_wconf 86' lang='lat' dir='ltr'>lius</span> <span class='ocrx_word' id='word_1_360' title='bbox 305 2572 492 2611; x_wconf 74' lang='lat' dir='ltr'>convenit</span> <span class='ocrx_word' id='word_1_361' title='bbox 524 2571 685 2618; x_wconf 72' lang='lat' dir='ltr'>Famae,</span> <span class='ocrx_word' id='word_1_362' title='bbox 717 2576 763 2607; x_wconf 82' lang='lat' dir='ltr'>ut</span> <span class='ocrx_word' id='word_1_363' title='bbox 792 2582 930 2619; x_wconf 80' lang='lat' dir='ltr'>perso—</span> 
     </span>
     <span class='ocr_line' id='line_1_41' title="bbox 210 2626 930 2674; baseline -0.011 -4"><span class='ocrx_word' id='word_1_364' title='bbox 210 2646 293 2670; x_wconf 80' lang='lat' dir='ltr'>nae.</span> <span class='ocrx_word' id='word_1_365' title='bbox 326 2633 509 2668; x_wconf 76' lang='lat' dir='ltr'>Celerum</span> <span class='ocrx_word' id='word_1_366' title='bbox 526 2628 606 2666; x_wconf 86' lang='lat' dir='ltr'>vid.</span> <span class='ocrx_word' id='word_1_367' title='bbox 629 2628 677 2674; x_wconf 88' lang='lat' dir='ltr'>Q.</span> <span class='ocrx_word' id='word_1_368' title='bbox 690 2628 734 2665; x_wconf 88' lang='lat' dir='ltr'>V.</span> <span class='ocrx_word' id='word_1_369' title='bbox 751 2626 930 2674; x_wconf 83' lang='lat' dir='ltr'>XXVIII,</span> 
     </span>
     <span class='ocr_line' id='line_1_42' title="bbox 211 2686 400 2740; baseline -0.042 -8"><span class='ocrx_word' id='word_1_370' title='bbox 211 2694 249 2732; x_wconf 89' lang='lat'>6.</span> <span class='ocrx_word' id='word_1_371' title='bbox 285 2686 400 2740; x_wconf 70' lang='lat' dir='ltr'>er.)</span> 
     </span>
    </p>

    <p class='ocr_par' dir='ltr' id='par_1_15' title="bbox 213 2739 936 2968">
     <span class='ocr_line' id='line_1_43' title="bbox 273 2739 934 2790; baseline -0.021 -2"><span class='ocrx_word' id='word_1_372' title='bbox 273 2746 523 2788; x_wconf 81' lang='lat'>178—180.</span> <span class='ocrx_word' id='word_1_373' title='bbox 567 2740 799 2790; x_wconf 76' lang='lat' dir='ltr'>Genealogia</span> <span class='ocrx_word' id='word_1_374' title='bbox 826 2739 934 2776; x_wconf 79' lang='lat' dir='ltr'>anti-</span> 
     </span>
     <span class='ocr_line' id='line_1_44' title="bbox 213 2798 933 2855; baseline -0.015 -12"><span class='ocrx_word' id='word_1_375' title='bbox 213 2819 303 2855; x_wconf 84' lang='lat' dir='ltr'>qua,</span> <span class='ocrx_word' id='word_1_376' title='bbox 332 2801 548 2840; x_wconf 80' lang='lat' dir='ltr'>Hesiodeae</span> <span class='ocrx_word' id='word_1_377' title='bbox 580 2798 725 2836; x_wconf 78' lang='lat' dir='ltr'>similis.</span> <span class='ocrx_word' id='word_1_378' title='bbox 787 2798 933 2834; x_wconf 83' lang='lat' dir='ltr'>Cocum</span> 
     </span>
     <span class='ocr_line' id='line_1_45' title="bbox 213 2854 934 2904; baseline -0.014 -4"><span class='ocrx_word' id='word_1_379' title='bbox 213 2864 337 2900; x_wconf 83' lang='lat' dir='ltr'>Terra</span> <span class='ocrx_word' id='word_1_380' title='bbox 363 2873 411 2896; x_wconf 83' lang='lat' dir='ltr'>ex</span> <span class='ocrx_word' id='word_1_381' title='bbox 434 2858 563 2904; x_wconf 78' lang='lat' dir='ltr'>Coelo,</span> <span class='ocrx_word' id='word_1_382' title='bbox 584 2856 664 2894; x_wconf 82' lang='lat' dir='ltr'>vid.</span> <span class='ocrx_word' id='word_1_383' title='bbox 684 2854 827 2904; x_wconf 54' lang='lat' dir='ltr'>(I&#39;licog.</span> <span class='ocrx_word' id='word_1_384' title='bbox 844 2856 934 2894; x_wconf 81' lang='lat'>133.</span> 
     </span>
     <span class='ocr_line' id='line_1_46' title="bbox 219 2911 936 2968; baseline -0.015 -10"><span class='ocrx_word' id='word_1_385' title='bbox 219 2919 311 2968; x_wconf 79' lang='lat'>134,</span> <span class='ocrx_word' id='word_1_386' title='bbox 332 2918 396 2956; x_wconf 88' lang='lat' dir='ltr'>vel</span> <span class='ocrx_word' id='word_1_387' title='bbox 419 2929 467 2954; x_wconf 83' lang='lat' dir='ltr'>ex</span> <span class='ocrx_word' id='word_1_388' title='bbox 487 2916 653 2952; x_wconf 73' lang='lat' dir='ltr'>&#39;sartaro</span> <span class='ocrx_word' id='word_1_389' title='bbox 673 2912 841 2965; x_wconf 83' lang='lat' dir='ltr'>peperit.</span> <span class='ocrx_word' id='word_1_390' title='bbox 872 2911 936 2947; x_wconf 88' lang='lat' dir='ltr'>Sic</span> 
     </span>
    </p>
   </div>
   <div class='ocr_carea' id='block_1_6' title="bbox 987 2445 1713 2958">
    <p class='ocr_par' dir='ltr' id='par_1_16' title="bbox 987 2445 1713 2958">
     <span class='ocr_line' id='line_1_47' title="bbox 987 2445 1706 2502; baseline -0.011 -12"><span class='ocrx_word' id='word_1_391' title='bbox 987 2459 1025 2490; x_wconf 79' lang='lat' dir='ltr'>et</span> <span class='ocrx_word' id='word_1_392' title='bbox 1056 2453 1240 2502; x_wconf 72' lang='lat' dir='ltr'>Gigantes</span> <span class='ocrx_word' id='word_1_393' title='bbox 1270 2463 1317 2486; x_wconf 83' lang='lat' dir='ltr'>cx</span> <span class='ocrx_word' id='word_1_394' title='bbox 1347 2449 1482 2486; x_wconf 84' lang='lat' dir='ltr'>Coelo:</span> <span class='ocrx_word' id='word_1_395' title='bbox 1527 2445 1706 2498; x_wconf 79' lang='lat' dir='ltr'>Apollod.</span> 
     </span>
     <span class='ocr_line' id='line_1_48' title="bbox 989 2504 1709 2557; baseline -0.013 -10"><span class='ocrx_word' id='word_1_396' title='bbox 989 2511 1015 2557; x_wconf 83' lang='grc' dir='ltr'>Ι,</span> <span class='ocrx_word' id='word_1_397' title='bbox 1059 2513 1104 2557; x_wconf 82' lang='grc'>6,</span> <span class='ocrx_word' id='word_1_398' title='bbox 1143 2512 1186 2556; x_wconf 82' lang='grc'>1,</span> <span class='ocrx_word' id='word_1_399' title='bbox 1222 2508 1260 2544; x_wconf 85' lang='lat' dir='ltr'>in</span> <span class='ocrx_word' id='word_1_400' title='bbox 1296 2507 1438 2556; x_wconf 87' lang='lat' dir='ltr'>quibus</span> <span class='ocrx_word' id='word_1_401' title='bbox 1481 2504 1709 2541; x_wconf 58' lang='lat' dir='ltr'>lim-eludas</span> 
     </span>
     <span class='ocr_line' id='line_1_49' title="bbox 987 2561 1708 2613; baseline -0.007 -10"><span class='ocrx_word' id='word_1_402' title='bbox 987 2567 1081 2604; x_wconf 86' lang='lat' dir='ltr'>ibid.</span> <span class='ocrx_word' id='word_1_403' title='bbox 1112 2580 1139 2602; x_wconf 75' lang='grc'>5.</span> <span class='ocrx_word' id='word_1_404' title='bbox 1172 2568 1216 2613; x_wconf 78' lang='lat'>23</span> <span class='ocrx_word' id='word_1_405' title='bbox 1249 2564 1296 2601; x_wconf 87' lang='lat' dir='ltr'>de</span> <span class='ocrx_word' id='word_1_406' title='bbox 1328 2576 1372 2600; x_wconf 78' lang='lat' dir='ltr'>eo</span> <span class='ocrx_word' id='word_1_407' title='bbox 1402 2576 1487 2612; x_wconf 84' lang='lat' dir='ltr'>sup.</span> <span class='ocrx_word' id='word_1_408' title='bbox 1523 2562 1582 2608; x_wconf 84' lang='grc' dir='ltr'>ΙΙΙ,</span> <span class='ocrx_word' id='word_1_409' title='bbox 1615 2561 1708 2601; x_wconf 84' lang='grc'>578.</span> 
     </span>
     <span class='ocr_line' id='line_1_50' title="bbox 989 2618 1709 2673; baseline -0.008 -13"><span class='ocrx_word' id='word_1_410' title='bbox 989 2625 1036 2661; x_wconf 77' lang='lat' dir='ltr'>es.</span> <span class='ocrx_word' id='word_1_411' title='bbox 1058 2622 1200 2673; x_wconf 74' lang='lat' dir='ltr'>Hygin.</span> <span class='ocrx_word' id='word_1_412' title='bbox 1219 2622 1339 2672; x_wconf 82' lang='lat' dir='ltr'>praes.</span> <span class='ocrx_word' id='word_1_413' title='bbox 1362 2620 1491 2670; x_wconf 83' lang='lat' dir='ltr'>ibique</span> <span class='ocrx_word' id='word_1_414' title='bbox 1505 2618 1709 2656; x_wconf 77' lang='lat' dir='ltr'>Muncker.</span> 
     </span>
     <span class='ocr_line' id='line_1_51' title="bbox 991 2675 1710 2731; baseline -0.01 -13"><span class='ocrx_word' id='word_1_415' title='bbox 991 2682 1156 2731; x_wconf 67' lang='lat' dir='ltr'>Propter</span> <span class='ocrx_word' id='word_1_416' title='bbox 1187 2679 1364 2729; x_wconf 83' lang='lat' dir='ltr'>corporis</span> <span class='ocrx_word' id='word_1_417' title='bbox 1402 2675 1710 2727; x_wconf 70' lang='lat' dir='ltr'>magnitudinem</span> 
     </span>
     <span class='ocr_line' id='line_1_52' title="bbox 993 2734 1711 2787; baseline -0.01 -12"><span class='ocrx_word' id='word_1_418' title='bbox 993 2739 1206 2787; x_wconf 70' lang='lat' dir='ltr'>Gigantum</span> <span class='ocrx_word' id='word_1_419' title='bbox 1227 2735 1394 2772; x_wconf 74' lang='lat' dir='ltr'>familiae</span> <span class='ocrx_word' id='word_1_420' title='bbox 1419 2736 1529 2772; x_wconf 62' lang='lat' dir='ltr'>facile</span> <span class='ocrx_word' id='word_1_421' title='bbox 1550 2734 1711 2771; x_wconf 81' lang='lat' dir='ltr'>Famam</span> 
     </span>
     <span class='ocr_line' id='line_1_53' title="bbox 993 2793 1712 2843; baseline -0.008 -12"><span class='ocrx_word' id='word_1_422' title='bbox 993 2796 1254 2832; x_wconf 76' lang='lat' dir='ltr'>adnumerare</span> <span class='ocrx_word' id='word_1_423' title='bbox 1278 2793 1420 2843; x_wconf 73' lang='lat' dir='ltr'>potuit.</span> <span class='ocrx_word' id='word_1_424' title='bbox 1461 2795 1521 2829; x_wconf 80' lang='lat' dir='ltr'>ira</span> <span class='ocrx_word' id='word_1_425' title='bbox 1541 2793 1712 2838; x_wconf 77' lang='lat' dir='ltr'>deornm,</span> 
     </span>
     <span class='ocr_line' id='line_1_54' title="bbox 990 2848 1713 2902; baseline -0.008 -12"><span class='ocrx_word' id='word_1_426' title='bbox 990 2853 1093 2890; x_wconf 80' lang='lat' dir='ltr'>irata</span> <span class='ocrx_word' id='word_1_427' title='bbox 1115 2851 1188 2888; x_wconf 82' lang='lat' dir='ltr'>diis</span> <span class='ocrx_word' id='word_1_428' title='bbox 1208 2857 1372 2902; x_wconf 72' lang='lat' dir='ltr'>propter</span> <span class='ocrx_word' id='word_1_429' title='bbox 1383 2849 1594 2887; x_wconf 77' lang='lat' dir='ltr'>Tit-anasin</span> <span class='ocrx_word' id='word_1_430' title='bbox 1613 2848 1713 2885; x_wconf 88' lang='lat' dir='ltr'>Tar-</span> 
     </span>
     <span class='ocr_line' id='line_1_55' title="bbox 993 2904 1713 2958; baseline -0.008 -11"><span class='ocrx_word' id='word_1_431' title='bbox 993 2916 1123 2947; x_wconf 78' lang='lat' dir='ltr'>tarum</span> <span class='ocrx_word' id='word_1_432' title='bbox 1149 2908 1370 2957; x_wconf 71' lang='lat' dir='ltr'>conlectos3</span> <span class='ocrx_word' id='word_1_433' title='bbox 1400 2914 1447 2945; x_wconf 80' lang='lat' dir='ltr'>ut</span> <span class='ocrx_word' id='word_1_434' title='bbox 1472 2913 1512 2945; x_wconf 81' lang='lat' dir='ltr'>et</span> <span class='ocrx_word' id='word_1_435' title='bbox 1530 2904 1713 2958; x_wconf 75' lang='lat' dir='ltr'>Apollod,</span> 
     </span>
    </p>
   </div>
  </div>
 </body>
</html>
