1827 3436
329 200 416 247 DE
457 196 766 246 CARMINE
805 192 1013 241 EPICO
1051 194 1302 242 VIRGIL.
1516 201 1571 244 11

67 326 320 394 opinione
370 339 426 371 ac
474 321 819 388 persuasione
867 336 994 368 vere
1047 319 1114 366 ita
1160 326 1365 380 gestae,
1434 319 1578 367 cuius

65 392 429 458 magnitudine
477 399 775 440 contactam
818 398 869 438 et
917 386 1301 437 inflammatam
1349 386 1580 436 habebat,

66 472 334 522 mentem3
412 462 633 527 propius
695 458 985 522 attingebat
1044 466 1291 521 tempora
1350 455 1581 517 heroica,

66 536 232 600 ipsam
264 548 447 580 rerum
480 530 681 579 samam
712 528 1063 594 sequebatur,
1104 526 1282 591 ‚qualis
1316 542 1375 574 ea
1409 527 1460 574 in
1482 543 1582 591 po-

66 602 332 670 pularium
364 618 458 650 ore
485 599 784 661 ferebatur,
831 615 953 647 cum
992 597 1104 662 ipse
1141 605 1453 660 temporum
1489 595 1583 644 de—

68 689 249 721 cursus
271 672 451 719 omnia
475 671 528 718 in
546 669 713 717 maius
744 669 989 728 auxisset,
1028 674 1104 728 et,
1141 674 1201 714 ut
1231 666 1284 713 in
1317 666 1582 714 maiorum

67 741 214 791 factis
245 750 295 790 et
320 741 477 806 prisci
508 739 619 788 aevi
650 739 811 788 rebus
841 736 959 787 fieri
984 735 1143 796 solet,
1180 734 1414 783 humana
1446 733 1582 783 sacta

69 813 135 862 ad
173 811 403 860 divinam
434 810 664 875 aliquam
693 807 930 873 speciem
952 822 1008 854 ac
1042 804 1353 869 dignitatem
1388 805 1584 853 evexis-

69 891 173 942 set;
228 880 458 929 deorum
499 880 676 943 itaque
706 877 1010 926 ministeriis
1045 875 1225 924 omnia
1261 874 1585 940 exsequeba-

69 961 178 1013 tur,
228 951 485 1016 quoniam
521 949 703 1014 priscis
739 946 1050 994 hominibus
1088 944 1194 992 hoc
1228 953 1338 993 erat
1367 961 1582 1009 persua-

70 1038 205 1079 sum,
243 1019 490 1068 humanis
515 1018 675 1066 rebus
704 1015 954 1081 gerendis
984 1016 1241 1063 interesse
1279 1013 1409 1062 deos
1430 1031 1584 1080 prae-

71 1100 248 1139 sentes
284 1089 568 1154 multoque
611 1089 775 1151 magis
815 1093 1123 1152 praesentes
1159 1082 1388 1132 adfuisse
1425 1083 1586 1132 rebus

71 1164 226 1224 gestis
251 1168 463 1225 patrum
486 1166 679 1218 aetate,
717 1157 933 1205 iniicere
965 1171 1058 1204 eos
1087 1153 1375 1202 hominum
1399 1154 1586 1202 animis

71 1231 215 1278 hona
235 1231 320 1278 vel
341 1245 500 1295 prava
532 1226 769 1288 consilia,
809 1225 1039 1274 obiicere
1063 1222 1299 1289 pericula
1322 1240 1379 1271 ac
1412 1223 1587 1271 discri-

72 1301 241 1358 mina,
279 1299 453 1360 irasci,
493 1296 705 1357 dolere,
740 1304 1010 1357 metuere,
1056 1309 1294 1359 sperare3
1341 1293 1587 1341 versaba-

74 1379 160 1418 tur
182 1369 279 1416 sub
320 1367 518 1417 eodem
552 1365 697 1415 caelo
735 1375 787 1415 et
815 1364 1015 1413 adierat
1048 1379 1107 1412 ea
1132 1363 1273 1425 loca,
1311 1363 1363 1411 in
1395 1363 1587 1428 quibus

74 1456 159 1487 res
195 1438 335 1497 illae,
388 1435 583 1485 asama
620 1445 729 1484 tam
764 1433 1048 1498 magnifice
1088 1441 1327 1492 ornatae,
1376 1430 1590 1481 fuerant

75 1517 273 1572 gestae3
311 1507 560 1556 utebatur
579 1521 857 1563 sermone,
896 1512 1080 1552 natura
1108 1519 1199 1550 sua
1221 1502 1453 1567 poetico,
1483 1502 1588 1550 hoc

78 1586 178 1640 est,
218 1593 316 1642 per
343 1574 791 1642 philosophorum
819 1573 1186 1630 subtilitatem,
1227 1580 1278 1619 et
1305 1571 1587 1620 rhetorum

77 1664 134 1696 ac
154 1646 624 1710 grammaticorum
652 1644 898 1707 argutiaS,
949 1641 1197 1691 nondum
1228 1639 1396 1690 fracto
1429 1650 1480 1690 et
1515 1650 1589 1689 at—

75 1725 320 1778 tenuato,
359 1715 454 1764 sed
485 1716 573 1780 qui
604 1713 835 1763 multum
871 1712 1042 1761 adhuc
1074 1711 1337 1759 retinebat
1368 1728 1427 1759 ex
1458 1712 1589 1759 anti-

78 1787 168 1852 qui
189 1786 451 1834 sermonis
484 1782 682 1834 indole.
754 1786 846 1833 Est
882 1791 1060 1830 autem
1093 1781 1337 1829 omnium
1372 1781 1589 1829 rudium

77 1856 375 1919 linguarum
413 1872 472 1903 ea
512 1853 744 1909 indoles,
794 1861 853 1901 ut
885 1869 971 1900 res
1007 1851 1072 1900 ad
1105 1867 1321 1899 sensum
1357 1860 1589 1906 revocet,

79 1926 322 1992 adeoque
347 1941 497 1974 sensa
530 1924 690 1972 animi
717 1931 770 1970 et
799 1922 1047 1986 cogitata,
1087 1921 1245 1969 etiam
1270 1919 1507 1985 physicas
1541 1929 1593 1968 et

80 1995 274 2045 ethicas
300 1995 600 2054 sententias,
634 2009 733 2058 per
755 2008 937 2040 rerum
962 2000 1186 2049 naturas,
1225 1990 1591 2055 proprietates,

80 2067 247 2123 vices,
314 2063 562 2113 utilitates
623 2071 847 2127 propter
897 2060 1300 2109 similitudinem
1364 2059 1591 2125 aliquam

79 2134 351 2183 translatas
372 2134 455 2182 vel
485 2132 851 2193 adumbratas,
892 2130 1148 2179 declaret:
1198 2129 1390 2195 quibus
1417 2130 1591 2177 omni—

78 2204 179 2252 bus
205 2205 413 2268 poetica
437 2204 512 2251 vis
543 2201 629 2250 vel
659 2202 886 2249 maxime
922 2201 1070 2250 inest.
1144 2202 1285 2247 Haec
1314 2200 1353 2246 si
1387 2198 1450 2247 ad
1483 2216 1592 2247 ser-

80 2290 303 2321 monem
328 2274 559 2339 priscum
579 2275 906 2321 Graecorum
932 2267 1322 2330 transferimus,
1363 2286 1471 2316 non
1493 2270 1593 2316 mi—

82 2343 317 2391 rabimur
350 2343 603 2401 evenisse,
650 2349 710 2388 ut
740 2339 1190 2406 philosophorum
1220 2356 1437 2403 quoque
1463 2339 1593 2386 anti-

83 2414 333 2477 quiorum
368 2413 652 2477 opiniones
680 2409 765 2458 vel
798 2410 1226 2475 praeceptiones,
1264 2408 1481 2456 rudium
1514 2409 1593 2456 in-

82 2483 362 2543 geniorum
390 2483 593 2546 impetu
614 2481 1003 2544 pronuntiatae,
1026 2479 1261 2544 speciem
1283 2478 1595 2526 narrationis

83 2551 347 2600 sactorum
373 2560 423 2599 et
444 2559 761 2599 eventorum
787 2549 1085 2599 induerent.
1127 2549 1289 2597 Ortus
1312 2566 1354 2598 v.
1373 2564 1410 2598 e.
1435 2564 1593 2595 mun-

87 2620 137 2668 di
178 2638 237 2668 ex
272 2621 403 2668 chao
435 2638 532 2685 per
563 2635 796 2684 vpugnam
825 2618 1220 2667 elementorum
1251 2617 1303 2664 in
1343 2634 1595 2682 personas

87 2699 137 2737 et
163 2690 292 2738 deos
324 2698 776 2738 comniutatorum
800 2688 862 2736 ab
894 2688 951 2735 iis
979 2697 1087 2735 erat
1119 2695 1400 2737 onai-ratus.
1467 2689 1595 2735 Suc-

88 2760 232 2807 cessit
263 2776 383 2808 ecce
409 2762 702 2819 HomeruS,
744 2759 833 2824 qui
857 2775 916 2805 ea
943 2758 1164 2805 maxime
1193 2757 1386 2819 ingenii
1409 2755 1595 2804 soller-

89 2827 151 2874 tia
178 2838 253 2876 est
276 2847 428 2887 usus,
466 2839 524 2877 ut
556 2828 789 2885 videret,
830 2827 1157 2875 narrationes
1188 2825 1279 2873 has
1316 2836 1592 2890 poetarum

90 2899 448 2961 superiorum,
488 2898 679 2963 quihus
704 2897 774 2945 illi
805 2896 1196 2962 philosophicas
1221 2895 1484 2943 ‹hictrinas
1519 2896 1593 2941 in*
