1779 3420
175 188 276 235 490
504 184 559 232 Ρ.
598 182 957 232 VIRGILII
995 182 1371 232 MAROle

172 313 266 361 Ast
290 309 439 358 illum
455 349 468 372 ‚
510 317 724 375 ereptae
746 324 943 373 magno
966 306 1327 357 inflammatus
1353 324 1537 356 amore
1597 314 1701 361 330

176 379 452 444 Coniugi5‚
493 388 545 428 et
562 378 831 428 scelerum
861 379 1029 428 Furiis
1055 379 1298 443 agitatus,
1339 380 1558 427 Orestes

172 450 377 516 Excipit
399 450 696 511 incautum,
733 449 1035 516 patriasque
1059 449 1344 497 obtruncat
1366 448 1434 497 ad
1457 464 1582 498 aras.

173 525 352 570 Morte
376 519 726 585 Neoptolemi
747 535 1041 584 regnorum
1065 518 1277 567 reddita
1300 518 1455 567 cessit

172 594 298 641 Pars
322 589 558 651 Heleno;
598 590 690 656 qui
713 589 985 639 Chaonios
1010 589 1336 653 cognomine
1362 603 1598 653 campOS‚

176 660 586 726 Chaoniamque
610 676 834 708 omnem
856 660 1093 708 Troiano
1117 675 1145 707 a
1169 658 1390 708 Chaone
1418 657 1558 721 dixit,
1596 661 1698 709 335

172 735 540 796 Pergamaque
561 729 886 796 Iliacamque
907 730 1038 794 iugis
1062 728 1199 777 hanc
1221 727 1426 776 addidit
1450 743 1642 777 arcem.

175 801 284 851 Sed
307 801 402 850 tibi
423 801 513 867 qui
537 816 752 849 cursum
773 800 943 864 venti,
984 816 1120 866 quae
1143 797 1249 847 fata
1277 797 1480 847 dedere
1495 803 1517 848 ἓ

173 930 380 964 quocunque
397 925 434 951 te
451 925 579 951 vertas.
627 919 773 951 Poterat
793 924 911 951 tamen
931 923 1040 962 poeta
1059 917 1252 960 refingeret
1278 928 1333 948 me
1346 914 1496 962 famulo
1511 912 1697 960 famulum

171 968 341 1000 dominus
360 967 566 998 transmisit
585 964 800 998 habendam.
852 964 1055 1009 (Wunderl.
1086 963 1137 997 ita
1159 964 1246 996 haec
1274 963 1450 1006 iungenda
1479 968 1602 1007 putat:
1637 963 1701 1006 qui

171 1022 371 1047 secutus—
385 1019 491 1045 est—
504 1013 727 1045 Hermionen
788 1019 877 1044 et—
890 1011 1247 1057 que—transnn'sit3
1277 1010 1373 1055 quod
1393 1016 1447 1043 est
1465 1008 1699 1042 durissimum.

171 1062 319 1094 Versum
342 1060 512 1104 optimum
532 1059 755 1104 Virgilioque
787 1058 1027 1104 dignissimum
1055 1057 1208 1103 explicui
1237 1057 1273 1089 in
1306 1057 1406 1102 Eleg.
1438 1057 1483 1089 ad
1512 1055 1699 1089 Messalam

170 1106 358 1152 separatim
396 1106 492 1139 edita
519 1119 555 1151 p.
594 1107 664 1149 57.‚
695 1118 840 1151 eamque
877 1104 1144 1150 explicationem
1190 1104 1369 1149 approbat
1406 1103 1607 1137 XVeichert.
1644 1106 1699 1136 De

175 1157 297 1188 Verss.
328 1155 439 1186 iniur.
474 1166 578 1199 susp.
607 1167 641 1198 p.
671 1153 746 1192 84.;
794 1153 857 1186 sed
884 1153 963 1185 vide
995 1165 1050 1185 me
1080 1152 1218 1186 veriora
1251 1152 1489 1191 disputantem
1514 1151 1550 1183 in
1582 1154 1625 1191 Q.
1654 1151 1697 1184 V.

617 1203 680 1233 Me
710 1200 968 1246 J'ainulamque
999 1199 1149 1245 fizmulo
1188 1199 1243 1232 ed.
1282 1199 1428 1232 Mediol.
1479 1198 1697 1231 transmittit

168 1253 287 1292 &pron
335 1249 515 1281 concessit
533 1260 586 1292 pr.
604 1248 729 1280 Hamb.
773 1249 944 1295 permisit
963 1247 1072 1280 Goth.
1093 1254 1175 1279 tert.
1272 1247 1343 1282 330
1366 1248 1588 1291 flammatus
1606 1244 1698 1277 Gud.

169 1302 205 1328 et
231 1295 354 1339 fragm.
374 1294 489 1328 Vatic.
521 1296 564 1328 cf.
591 1296 705 1328 Burni.
801 1296 868 1329 331
901 1295 1027 1327 Furiis
1052 1295 1230 1327 scelerum
1262 1295 1352 1327 Ven.
1449 1294 1519 1328 332
1552 1292 1698 1337 Excipit

166 1345 356 1375 incautum
384 1343 531 1375 insidiis
547 1345 645 1376 Serv.
666 1343 753 1375 citat
773 1342 819 1374 ad
839 1343 886 1374 ΙΙΙ
902 1342 975 1375 Ecl.
994 1343 1038 1377 18
1060 1354 1136 1374 cum
1155 1341 1486 1385 interpretamento.
1523 1339 1608 1370 Mox
1629 1350 1699 1383 que

167 1390 267 1422 deest
288 1389 379 1422 binis
398 1389 581 1423 Burmann.
677 1388 749 1425 334
773 1391 865 1422 Sors
887 1390 1027 1422 Heleno
1057 1390 1185 1431 Voss.‚
1221 1389 1315 1421 haud
1350 1388 1456 1420 dubie
1491 1386 1696 1430 elegantius.

168 1438 343 1470 cfiBurm.
441 1437 510 1472 335
538 1437 598 1469 Ch.
625 1435 749 1469 urbem
778 1448 832 1481 pr.
864 1436 990 1469 IJamb.
1041 1448 1065 1469 a
1098 1438 1259 1469 Troiano
1287 1442 1368 1469 tert.
1401 1434 1570 1468 Rottend.
1621 1433 1700 1465 dixi

166 1497 237 1517 see.
329 1484 400 1519 336
424 1485 736 1530 Pergameamque
752 1483 880 1517 Medic.
929 1484 1075 1516 Lectum
1097 1483 1233 1516 scilicet
1258 1482 1342 1515 olim
1370 1482 1438 1514 fuit
1469 1495 1488 1516 a
1518 1479 1695 1513 nonnullis

168 1533 408 1577 Pergameam
428 1531 665 1577 Iliacamque,
690 1537 728 1563 ut
750 1543 789 1563 ex
808 1530 931 1564 Servio
952 1537 1065 1576 patet.
1112 1531 1218 1563 Unde
1238 1538 1351 1562 autem
1368 1529 1476 1562 lectio
1498 1528 1560 1561 illa
1576 1526 1697 1567 suerit,

166 1578 382 1623 Pomponius
405 1578 486 1611 Sab.
507 1578 698 1611 memoriae
720 1578 882 1622 reliquit3
909 1579 975 1611 sed
999 1579 1262 1624 Apronianus,
1295 1576 1430 1622 iuquit,
1463 1576 1697 1621 Pergamiam

167 1626 278 1672 legit3
305 1625 334 1658 is
353 1624 508 1666 scilicet,
544 1638 563 1658 e
595 1625 690 1658 cuius
720 1625 928 1658 recensione
948 1625 1112 1657 Codicem
1137 1624 1332 1657 Mediceum
1354 1624 1534 1656 habemus.
1586 1624 1696 1666 (Ρεν-

165 1674 355 1718 gamiumq.
378 1678 493 1704 exstat
515 1685 572 1716 ap.
594 1674 716 1716 Fogg„
743 1673 838 1716 quod
857 1672 913 1705 vel
936 1686 954 1704 e
974 1684 1023 1705 vs·
1049 1672 1127 1706 133.
1147 1671 1349 1716 repetitum,
1382 1670 1452 1711 vel,
1478 1669 1575 1715 quod
1598 1668 1696 1702 veri·-

165 1720 335 1761 similius,
360 1719 505 1752 librario
528 1720 572 1752 ad
606 1732 683 1752 voc.
722 1721 918 1753 Chaoniam
938 1718 1115 1752 aberranti
1146 1719 1308 1751 debetur.
1358 1721 1472 1762 Atque
1504 1716 1618 1749 eidem
1643 1715 1695 1747 si—

166 1766 357 1799 militudini
376 1766 633 1799 terminationis
659 1767 783 1799 horum
801 1779 897 1799 voce.
926 1765 1151 1798 tribuendum
1181 1765 1340 1806 videtur,
1377 1765 1470 1809 quod
1504 1764 1539 1796 in
1569 1763 1694 1795 eodem

165 1814 327 1847 Mediceo
348 1827 369 1858 q
388 1813 423 1845 in
444 1815 675 1859 Clzaoniamq.
694 1814 801 1846 rubro
823 1821 952 1857 puncto
966 1840 974 1853 ‚
1011 1820 1049 1846 ut
1072 1813 1260 1845 delendum
1280 1819 1424 1845 notatur
1437 1838 1445 1853 ,
1474 1822 1579 1855 quum
1599 1810 1693 1843 alte-

166 1874 240 1894 rum
264 1875 306 1906 ‹J‚
330 1860 367 1893 in
385 1862 670 1906 I'ergamiamq.‚
695 1860 888 1893 tollendum
909 1867 1010 1893 esset.
1043 1861 1140 1904 lVr.)
1238 1860 1307 1895 337
1333 1860 1447 1891 Burm.
1470 1858 1507 1890 in
1539 1857 1695 1890 difficul-

166 1916 254 1941 tates
276 1908 332 1940 hic
350 1907 470 1940 nescio
492 1920 576 1952 quas
597 1920 635 1941 se
659 1908 840 1947 induerat,
875 1914 910 1940 et
932 1907 1022 1940 coni.
1055 1907 1110 1939 vel
1141 1908 1204 1952 qui
1231 1919 1380 1939 cursum
1409 1906 1480 1938 huc
1509 1906 1609 1937 venti
1638 1904 1694 1936 vel

166 1968 237 2001 quo
258 1968 405 1988 cursum
427 1956 547 1996 venti,
573 1954 688 2002 quos.
709 1956 744 1988 d.
793 1955 954 1988 Potuisse
976 1954 1068 1987 enim
1090 1954 1360 1987 Andromachen
1383 1952 1469 1986 satis
1487 1952 1599 1992 seire,
1635 1952 1693 1996 qui

170 1202 358 1241 xxxnn,
390 1201 424 1234 2.
461 1202 558 1244 ινα)

166 2049 357 2102 (-329.
394 2050 477 2089 vid.
506 2050 555 2088 de
582 2050 661 2088 hoc
690 2065 748 2089 vs.
778 2051 824 2089 V.
854 2051 894 2089 L.

169 2108 286 2163 lVr.)
364 2111 462 2152 330.
516 2107 719 2161 Pyrrhum
761 2115 897 2147 autem

163 2167 339 2215 Orestes,
372 2167 437 2205 cui
455 2167 673 2205 Hermione
692 2167 780 2215 illa,
811 2167 897 2205 He-

162 2226 275 2263 lenae
306 2225 411 2275 fitia,
451 2226 659 2276 Ledaeque
686 2226 786 2263 adeo
820 2239 896 2264 ne-

162 2284 262 2335 ptis,
292 2284 371 2322 iam
398 2284 492 2322 olim
523 2285 719 2336 promissa
748 2285 893 2332 fuerat,

162 2341 362 2380 interemit
374 2345 536 2392 patrias
558 2343 618 2380 ad
643 2357 739 2380 aras
755 2372 764 2389 ,
802 2342 896 2379 Del-

162 2398 271 2451 phis,
313 2406 406 2437 ante
444 2414 555 2438 aram
591 2401 697 2452 patri
735 2399 895 2449 Achilli,

161 2464 368 2508 tamquam
408 2457 549 2507 heroi,
609 2459 769 2496 saetam.
841 2459 895 2496 De

162 2515 322 2566 reliquis
345 2515 450 2553 circa
466 2515 540 2554 hos
571 2529 712 2554 versus
736 2530 775 2555 v.
809 2517 895 2554 Ex-

161 2587 264 2611 curs.
293 2573 379 2610 ΧΠ.

219 2634 458 2673 333-336.
470 2645 573 2681 pars
589 2631 746 2669 reddita
765 2632 895 2683 simpl.

161 2689 265 2727 data.
298 2695 345 2727 ut
366 2691 477 2726 Serv.
500 2703 600 2738 pars
628 2696 784 2737 autem,
824 2704 892 2727 re—

159 2753 300 2799 spectu
346 2747 511 2784 alterius
547 2748 674 2798 partis
721 2747 892 2785 Phthiae

160 2807 199 2843 ir.
235 2805 449 2843 Thessalia.
512 2805 553 2841 ln
596 2819 634 2842 v.
680 2805 775 2846 334.
808 2807 892 2847 335

160 2870 276 2915 poeta
317 2864 486 2902 inservit
529 2869 787 2914 argumento,
845 2870 893 2900 ut

158 2922 426 2960 Troianorum
469 2935 615 2959 nomen
656 2935 726 2973 per
758 2927 891 2960 totum

956 2057 1159 2089 terrarum
1195 2050 1333 2088 orbem
1362 2049 1516 2087 clarum
1548 2063 1594 2086 ac
1623 2061 1692 2086 ce-

955 2109 1065 2147 lebre
1098 2109 1329 2157 habeatur,
1378 2108 1476 2146 dum
1516 2107 1693 2145 fabulam

954 2167 1061 2206 hane
1073 2167 1122 2205 de
1134 2167 1344 2205 Chaonum
1356 2166 1518 2204 nomine
1539 2165 1693 2217 ample-

955 2226 1093 2264 ctitur.
1145 2225 1326 2264 Chaones
1349 2225 1455 2262 enim
1469 2224 1584 2276 longe
1599 2230 1692 2261 ante

954 2283 1156 2322 Chaonem
1174 2285 1393 2323 Troianum
1421 2280 1488 2335 (de
1502 2296 1582 2333 quo
1597 2284 1692 2319 Ser-

955 2343 1075 2381 viana
1098 2341 1276 2395 consule)
1302 2351 1340 2379 et
1366 2341 1565 2379 Helenum
1600 2341 1691 2378 sue—

954 2408 1055 2439 runt
1075 2431 1084 2449 ,
1135 2414 1186 2438 ex
1225 2400 1499 2450 antiquissima
1541 2397 1692 2435 scilicet

955 2459 1210 2510 Pelasgorum
1239 2459 1375 2509 stirpe.
1436 2459 1531 2498 336.
1566 2456 1690 2493 caldi-

954 2518 1013 2554 <lic
1031 2547 1041 2565 7
1076 2517 1271 2568 imposuit
1291 2515 1419 2553 monti
1440 2528 1572 2551 arcem
1593 2514 1689 2550 Per-

953 2574 1054 2625 gami
1075 2574 1252 2623 nomine,
1296 2580 1501 2623 tamquam
1534 2571 1576 2609 in
1612 2586 1688 2609 no—

954 2647 1006 2670 xo
1030 2632 1111 2670 llio.

1011 2688 1267 2730 337—343.
1288 2688 1462 2726 Allectus
1482 2687 1583 2726 haec
1597 2702 1689 2726 mu-

955 2747 1087 2785 liebris
1133 2747 1250 2798 plena
1302 2753 1340 2784 et
1384 2746 1689 2785 Andromaches

955 2806 1108 2855 ingenio
1133 2807 1416 2843 consentanea!
1478 2806 1532 2842 l)e
1565 2805 1687 2842 Asca-

955 2864 1019 2901 nio
1045 2864 1210 2901 sollicita
1233 2869 1306 2913 est,
1327 2877 1375 2901 ex
1395 2864 1517 2901 tacita
1539 2864 1687 2915 Astya—

953 2922 1079 2960 nactis
1111 2922 1170 2959 sui
1202 2922 1405 2960 memoria.
1462 2924 1508 2961 cl'.
1547 2923 1614 2960 ins.
1648 2936 1685 2959 v.
