<?xml version="1.0" encoding="UTF-8"?>
<!DOCTYPE html PUBLIC "-//W3C//DTD XHTML 1.0 Transitional//EN"
    "http://www.w3.org/TR/xhtml1/DTD/xhtml1-transitional.dtd">
<html xmlns="http://www.w3.org/1999/xhtml" xml:lang="en" lang="en">
 <head>
  <title>
</title>
<meta http-equiv="Content-Type" content="text/html;charset=utf-8" />
  <meta name='ocr-system' content='tesseract 3.04.00' />
  <meta name='ocr-capabilities' content='ocr_page ocr_carea ocr_par ocr_line ocrx_word'/>
</head>
<body>
  <div class='ocr_page' id='page_1' title='image "./publiusvirgilius02virguoft/publiusvirgilius02virguoft_0593.png"; bbox 0 0 1811 3388; ppageno 0'>
   <div class='ocr_carea' id='block_1_1' title="bbox 520 221 1666 289">
    <p class='ocr_par' dir='ltr' id='par_1_1' title="bbox 520 221 1666 289">
     <span class='ocr_line' id='line_1_1' title="bbox 520 221 1666 289; baseline 0.021 -23"><span class='ocrx_word' id='word_1_1' title='bbox 520 221 641 268; x_wconf 92' lang='lat' dir='ltr'><strong>AD</strong></span> <span class='ocrx_word' id='word_1_2' title='bbox 713 221 1142 275; x_wconf 87' lang='lat' dir='ltr'>LIBRUM</span> <span class='ocrx_word' id='word_1_3' title='bbox 1206 229 1297 277; x_wconf 93' lang='lat' dir='ltr'><strong>III</strong></span> <span class='ocrx_word' id='word_1_4' title='bbox 1566 241 1666 289; x_wconf 82' lang='lat'><strong>585</strong></span> 
     </span>
    </p>
   </div>
   <div class='ocr_carea' id='block_1_2' title="bbox 150 348 1667 932">
    <p class='ocr_par' dir='ltr' id='par_1_2' title="bbox 150 348 1667 932">
     <span class='ocr_line' id='line_1_2' title="bbox 157 348 1666 416; baseline 0.013 -33"><span class='ocrx_word' id='word_1_5' title='bbox 157 360 280 397; x_wconf 87' lang='lat' dir='ltr'><strong>quum</strong></span> <span class='ocrx_word' id='word_1_6' title='bbox 302 353 393 384; x_wconf 70' lang='lat' dir='ltr'><strong>ante</strong></span> <span class='ocrx_word' id='word_1_7' title='bbox 413 348 548 386; x_wconf 87' lang='lat' dir='ltr'><strong>oculos</strong></span> <span class='ocrx_word' id='word_1_8' title='bbox 575 348 738 400; x_wconf 71' lang='lat' dir='ltr'><strong>habuit,</strong></span> <span class='ocrx_word' id='word_1_9' title='bbox 768 351 834 401; x_wconf 87' lang='lat' dir='ltr'><strong>qui</strong></span> <span class='ocrx_word' id='word_1_10' title='bbox 857 365 965 390; x_wconf 87' lang='lat' dir='ltr'><strong>nunc</strong></span> <span class='ocrx_word' id='word_1_11' title='bbox 986 352 1210 406; x_wconf 69' lang='lat' dir='ltr'><strong>intercidit,</strong></span> <span class='ocrx_word' id='word_1_12' title='bbox 1243 363 1281 395; x_wconf 87' lang='lat' dir='ltr'><strong>et</strong></span> <span class='ocrx_word' id='word_1_13' title='bbox 1303 360 1411 397; x_wconf 81' lang='lat' dir='ltr'><strong>varie</strong></span> <span class='ocrx_word' id='word_1_14' title='bbox 1438 361 1515 400; x_wconf 83' lang='lat' dir='ltr'><strong>hoc</strong></span> <span class='ocrx_word' id='word_1_15' title='bbox 1545 378 1666 416; x_wconf 83' lang='lat' dir='ltr'><strong>argu-</strong></span> 
     </span>
     <span class='ocr_line' id='line_1_3' title="bbox 155 405 1662 472; baseline 0.013 -31"><span class='ocrx_word' id='word_1_16' title='bbox 155 410 333 442; x_wconf 86' lang='lat' dir='ltr'><strong>mentum</strong></span> <span class='ocrx_word' id='word_1_17' title='bbox 367 405 485 443; x_wconf 80' lang='lat' dir='ltr'><strong>fuisse</strong></span> <span class='ocrx_word' id='word_1_18' title='bbox 518 413 761 457; x_wconf 73' lang='lat' dir='ltr'><strong>tractatum,</strong></span> <span class='ocrx_word' id='word_1_19' title='bbox 800 422 850 446; x_wconf 75' lang='lat' dir='ltr'><strong>ex</strong></span> <span class='ocrx_word' id='word_1_20' title='bbox 880 410 1079 462; x_wconf 82' lang='lat' dir='ltr'>Euripidis</span> <span class='ocrx_word' id='word_1_21' title='bbox 1131 414 1264 452; x_wconf 74' lang='lat' dir='ltr'><strong>Oreste</strong></span> <span class='ocrx_word' id='word_1_22' title='bbox 1294 422 1333 453; x_wconf 82' lang='lat' dir='ltr'><strong>et</strong></span> <span class='ocrx_word' id='word_1_23' title='bbox 1360 419 1662 472; x_wconf 76' lang='lat' dir='ltr'><strong>Andromacha,</strong></span> 
     </span>
     <span class='ocr_line' id='line_1_4' title="bbox 155 463 1667 521; baseline 0.012 -21"><span class='ocrx_word' id='word_1_24' title='bbox 155 475 274 513; x_wconf 87' lang='lat' dir='ltr'><strong>quam</strong></span> <span class='ocrx_word' id='word_1_25' title='bbox 317 463 466 501; x_wconf 89' lang='lat' dir='ltr'><strong>Ennius</strong></span> <span class='ocrx_word' id='word_1_26' title='bbox 503 464 544 502; x_wconf 88' lang='lat' dir='ltr'><strong>in</strong></span> <span class='ocrx_word' id='word_1_27' title='bbox 578 467 867 503; x_wconf 72' lang='lat' dir='ltr'><strong>Andromacha</strong></span> <span class='ocrx_word' id='word_1_28' title='bbox 903 468 1026 505; x_wconf 77' lang='lat' dir='ltr'><strong>latine</strong></span> <span class='ocrx_word' id='word_1_29' title='bbox 1059 477 1259 521; x_wconf 80' lang='lat' dir='ltr'><strong>verterat,</strong></span> <span class='ocrx_word' id='word_1_30' title='bbox 1302 475 1375 511; x_wconf 85' lang='lat' dir='ltr'><strong>alia</strong></span> <span class='ocrx_word' id='word_1_31' title='bbox 1406 477 1481 514; x_wconf 82' lang='lat' dir='ltr'><strong>suit</strong></span> <span class='ocrx_word' id='word_1_32' title='bbox 1506 480 1667 518; x_wconf 74' lang='lat' dir='ltr'><strong>Andro-</strong></span> 
     </span>
     <span class='ocr_line' id='line_1_5' title="bbox 155 520 1665 580; baseline 0.013 -24"><span class='ocrx_word' id='word_1_33' title='bbox 155 520 296 557; x_wconf 75' lang='lat' dir='ltr'><strong>maelae</strong></span> <span class='ocrx_word' id='word_1_34' title='bbox 316 522 358 557; x_wconf 81' lang='lat' dir='ltr'><strong>in</strong></span> <span class='ocrx_word' id='word_1_35' title='bbox 378 523 595 571; x_wconf 70' lang='lat' dir='ltr'><strong>Molossis,</strong></span> <span class='ocrx_word' id='word_1_36' title='bbox 630 538 751 575; x_wconf 83' lang='lat' dir='ltr'><strong>porro</strong></span> <span class='ocrx_word' id='word_1_37' title='bbox 773 538 822 561; x_wconf 76' lang='lat' dir='ltr'><strong>ex</strong></span> <span class='ocrx_word' id='word_1_38' title='bbox 849 525 1033 575; x_wconf 86' lang='lat' dir='ltr'><strong>Pindari,</strong></span> <span class='ocrx_word' id='word_1_39' title='bbox 1066 530 1294 580; x_wconf 76' lang='lat' dir='ltr'>Strabonis,</span> <span class='ocrx_word' id='word_1_40' title='bbox 1326 533 1542 572; x_wconf 74' lang='lat' dir='ltr'>Pausaniae</span> <span class='ocrx_word' id='word_1_41' title='bbox 1566 538 1665 576; x_wconf 87' lang='lat' dir='ltr'><strong>alio—</strong></span> 
     </span>
     <span class='ocr_line' id='line_1_6' title="bbox 153 579 1664 647; baseline 0.013 -32"><span class='ocrx_word' id='word_1_42' title='bbox 153 590 323 628; x_wconf 84' lang='lat' dir='ltr'><strong>rumque</strong></span> <span class='ocrx_word' id='word_1_43' title='bbox 348 579 443 617; x_wconf 86' lang='lat' dir='ltr'><strong>locis</strong></span> <span class='ocrx_word' id='word_1_44' title='bbox 477 589 651 632; x_wconf 82' lang='lat' dir='ltr'><strong>apparet.</strong></span> <span class='ocrx_word' id='word_1_45' title='bbox 712 582 921 633; x_wconf 67' lang='lat' dir='ltr'><strong>Polygnoti</strong></span> <span class='ocrx_word' id='word_1_46' title='bbox 953 585 1114 622; x_wconf 80' lang='lat' dir='ltr'><strong>tabulae</strong></span> <span class='ocrx_word' id='word_1_47' title='bbox 1142 587 1180 625; x_wconf 89' lang='lat' dir='ltr'><strong>in</strong></span> <span class='ocrx_word' id='word_1_48' title='bbox 1212 589 1356 627; x_wconf 88' lang='lat' dir='ltr'><strong>Lesche</strong></span> <span class='ocrx_word' id='word_1_49' title='bbox 1389 592 1574 643; x_wconf 76' lang='lat' dir='ltr'><strong>Delphica</strong></span> <span class='ocrx_word' id='word_1_50' title='bbox 1604 610 1664 647; x_wconf 86' lang='lat' dir='ltr'><strong>ap.</strong></span> 
     </span>
     <span class='ocr_line' id='line_1_7' title="bbox 152 635 1665 704; baseline 0.011 -31"><span class='ocrx_word' id='word_1_51' title='bbox 152 635 319 674; x_wconf 86' lang='lat' dir='ltr'><strong>Pausan.</strong></span> <span class='ocrx_word' id='word_1_52' title='bbox 342 637 392 685; x_wconf 89' lang='lat' dir='ltr'><strong>X,</strong></span> <span class='ocrx_word' id='word_1_53' title='bbox 414 638 478 679; x_wconf 78' lang='lat'><strong>25.</strong></span> <span class='ocrx_word' id='word_1_54' title='bbox 500 641 566 680; x_wconf 79' lang='lat'><strong>26.</strong></span> <span class='ocrx_word' id='word_1_55' title='bbox 592 653 640 677; x_wconf 86' lang='lat' dir='ltr'><strong>an</strong></span> <span class='ocrx_word' id='word_1_56' title='bbox 671 640 721 677; x_wconf 83' lang='lat' dir='ltr'><strong>ad</strong></span> <span class='ocrx_word' id='word_1_57' title='bbox 752 641 1001 692; x_wconf 71' lang='lat' dir='ltr'>Neoptolemi</span> <span class='ocrx_word' id='word_1_58' title='bbox 1030 646 1259 684; x_wconf 76' lang='lat' dir='ltr'>memoriam</span> <span class='ocrx_word' id='word_1_59' title='bbox 1294 649 1544 688; x_wconf 77' lang='lat' dir='ltr'>recolendam</span> <span class='ocrx_word' id='word_1_60' title='bbox 1576 667 1665 704; x_wconf 86' lang='lat' dir='ltr'><strong>spc-</strong></span> 
     </span>
     <span class='ocr_line' id='line_1_8' title="bbox 153 695 1664 756; baseline 0.013 -26"><span class='ocrx_word' id='word_1_61' title='bbox 153 695 323 743; x_wconf 83' lang='lat' dir='ltr'><strong>ctarint,</strong></span> <span class='ocrx_word' id='word_1_62' title='bbox 358 708 407 732; x_wconf 79' lang='lat' dir='ltr'><strong>ex</strong></span> <span class='ocrx_word' id='word_1_63' title='bbox 427 695 511 746; x_wconf 93' lang='lat' dir='ltr'><strong>ipso</strong></span> <span class='ocrx_word' id='word_1_64' title='bbox 535 710 670 735; x_wconf 82' lang='lat' dir='ltr'><strong>earum</strong></span> <span class='ocrx_word' id='word_1_65' title='bbox 693 705 929 748; x_wconf 72' lang='lat' dir='ltr'><strong>argumento</strong></span> <span class='ocrx_word' id='word_1_66' title='bbox 953 702 1103 752; x_wconf 82' lang='lat' dir='ltr'><strong>assequi</strong></span> <span class='ocrx_word' id='word_1_67' title='bbox 1127 703 1285 742; x_wconf 77' lang='lat' dir='ltr'><strong>difficile</strong></span> <span class='ocrx_word' id='word_1_68' title='bbox 1308 713 1377 745; x_wconf 87' lang='lat' dir='ltr'><strong>est.</strong></span> <span class='ocrx_word' id='word_1_69' title='bbox 1438 708 1558 756; x_wconf 87' lang='lat' dir='ltr'><strong>Quod</strong></span> <span class='ocrx_word' id='word_1_70' title='bbox 1590 724 1664 748; x_wconf 86' lang='lat' dir='ltr'><strong>au-</strong></span> 
     </span>
     <span class='ocr_line' id='line_1_9' title="bbox 152 753 1663 818; baseline 0.013 -30"><span class='ocrx_word' id='word_1_71' title='bbox 152 756 232 788; x_wconf 84' lang='lat' dir='ltr'><strong>tem</strong></span> <span class='ocrx_word' id='word_1_72' title='bbox 254 753 312 789; x_wconf 71' lang='lat' dir='ltr'><strong>acl</strong></span> <span class='ocrx_word' id='word_1_73' title='bbox 334 767 449 790; x_wconf 81' lang='lat' dir='ltr'><strong>aram</strong></span> <span class='ocrx_word' id='word_1_74' title='bbox 471 755 623 792; x_wconf 88' lang='lat' dir='ltr'><strong>occisus</strong></span> <span class='ocrx_word' id='word_1_75' title='bbox 645 762 702 793; x_wconf 89' lang='lat' dir='ltr'><strong>est</strong></span> <span class='ocrx_word' id='word_1_76' title='bbox 721 756 1003 807; x_wconf 81' lang='lat' dir='ltr'><strong>Neoptolemus</strong></span> <span class='ocrx_word' id='word_1_77' title='bbox 1020 789 1029 807; x_wconf 93' lang='lat'><strong>,</strong></span> <span class='ocrx_word' id='word_1_78' title='bbox 1072 760 1111 797; x_wconf 90' lang='lat' dir='ltr'><strong>in</strong></span> <span class='ocrx_word' id='word_1_79' title='bbox 1142 762 1368 814; x_wconf 78' lang='lat' dir='ltr'>religionem</span> <span class='ocrx_word' id='word_1_80' title='bbox 1405 779 1564 805; x_wconf 85' lang='lat' dir='ltr'><strong>versum</strong></span> <span class='ocrx_word' id='word_1_81' title='bbox 1593 775 1663 818; x_wconf 90' lang='lat' dir='ltr'><strong>est,</strong></span> 
     </span>
     <span class='ocr_line' id='line_1_10' title="bbox 151 810 1663 878; baseline 0.013 -32"><span class='ocrx_word' id='word_1_82' title='bbox 151 815 198 847; x_wconf 83' lang='lat' dir='ltr'><strong>ut</strong></span> <span class='ocrx_word' id='word_1_83' title='bbox 218 810 392 848; x_wconf 84' lang='lat' dir='ltr'><strong>evenisse</strong></span> <span class='ocrx_word' id='word_1_84' title='bbox 411 811 452 848; x_wconf 86' lang='lat' dir='ltr'><strong>id</strong></span> <span class='ocrx_word' id='word_1_85' title='bbox 475 812 682 851; x_wconf 79' lang='lat' dir='ltr'><strong>videretur</strong></span> <span class='ocrx_word' id='word_1_86' title='bbox 703 814 753 852; x_wconf 85' lang='lat' dir='ltr'><strong>ad</strong></span> <span class='ocrx_word' id='word_1_87' title='bbox 774 815 1039 853; x_wconf 85' lang='lat' dir='ltr'><strong>ulciscendam</strong></span> <span class='ocrx_word' id='word_1_88' title='bbox 1069 818 1216 858; x_wconf 80' lang='lat' dir='ltr'>Priami</span> <span class='ocrx_word' id='word_1_89' title='bbox 1247 822 1404 860; x_wconf 80' lang='lat' dir='ltr'><strong>caedem</strong></span> <span class='ocrx_word' id='word_1_90' title='bbox 1437 837 1458 860; x_wconf 91' lang='lat' dir='ltr'><strong>a</strong></span> <span class='ocrx_word' id='word_1_91' title='bbox 1485 825 1663 878; x_wconf 86' lang='lat' dir='ltr'><strong>Neopto-</strong></span> 
     </span>
     <span class='ocr_line' id='line_1_11' title="bbox 150 867 1462 932; baseline 0.01 -27"><span class='ocrx_word' id='word_1_92' title='bbox 150 867 252 906; x_wconf 88' lang='lat' dir='ltr'><strong>lemo</strong></span> <span class='ocrx_word' id='word_1_93' title='bbox 273 874 365 906; x_wconf 83' lang='lat' dir='ltr'><strong>ante</strong></span> <span class='ocrx_word' id='word_1_94' title='bbox 387 883 496 906; x_wconf 83' lang='lat' dir='ltr'><strong>aram</strong></span> <span class='ocrx_word' id='word_1_95' title='bbox 519 870 621 910; x_wconf 81' lang='lat' dir='ltr'><strong>lovis</strong></span> <span class='ocrx_word' id='word_1_96' title='bbox 644 871 786 910; x_wconf 79' lang='lat' dir='ltr'>Hercei</span> <span class='ocrx_word' id='word_1_97' title='bbox 807 873 964 911; x_wconf 84' lang='lat' dir='ltr'><strong>saetam.</strong></span> <span class='ocrx_word' id='word_1_98' title='bbox 995 876 1041 912; x_wconf 85' lang='lat' dir='ltr'><strong>cf.</strong></span> <span class='ocrx_word' id='word_1_99' title='bbox 1062 876 1281 929; x_wconf 75' lang='lat' dir='ltr'><strong>Tryphiod.</strong></span> <span class='ocrx_word' id='word_1_100' title='bbox 1303 882 1384 922; x_wconf 83' lang='lat'><strong>638</strong></span> <span class='ocrx_word' id='word_1_101' title='bbox 1407 895 1462 932; x_wconf 84' lang='lat' dir='ltr'><strong>sq.</strong></span> 
     </span>
    </p>
   </div>
   <div class='ocr_carea' id='block_1_3' title="bbox 495 1175 1315 1239">
    <p class='ocr_par' dir='ltr' id='par_1_3' title="bbox 495 1175 1315 1239">
     <span class='ocr_line' id='line_1_12' title="bbox 495 1175 1315 1239; baseline 0.01 -8"><span class='ocrx_word' id='word_1_102' title='bbox 495 1175 1067 1238; x_wconf 87' lang='lat' dir='ltr'>EXCURSUS</span> <span class='ocrx_word' id='word_1_103' title='bbox 1142 1182 1315 1239; x_wconf 90' lang='lat' dir='ltr'>XIII</span> 
     </span>
    </p>
   </div>
   <div class='ocr_carea' id='block_1_4' title="bbox 198 1273 1608 1342">
    <p class='ocr_par' dir='ltr' id='par_1_4' title="bbox 198 1273 1608 1342">
     <span class='ocr_line' id='line_1_13' title="bbox 198 1273 1608 1342; baseline 0.011 -27"><span class='ocrx_word' id='word_1_104' title='bbox 198 1273 277 1316; x_wconf 84' lang='lat' dir='ltr'><strong>De</strong></span> <span class='ocrx_word' id='word_1_105' title='bbox 319 1280 672 1334; x_wconf 72' lang='lat' dir='ltr'><strong>cognatione</strong></span> <span class='ocrx_word' id='word_1_106' title='bbox 709 1283 864 1326; x_wconf 76' lang='lat' dir='ltr'><strong>inter</strong></span> <span class='ocrx_word' id='word_1_107' title='bbox 900 1285 1184 1342; x_wconf 77' lang='lat' dir='ltr'><strong>Epirotas</strong></span> <span class='ocrx_word' id='word_1_108' title='bbox 1226 1294 1276 1328; x_wconf 79' lang='lat' dir='ltr'><strong>et</strong></span> <span class='ocrx_word' id='word_1_109' title='bbox 1313 1285 1608 1331; x_wconf 78' lang='lat' dir='ltr'><strong>Romanos.</strong></span> 
     </span>
    </p>
   </div>
   <div class='ocr_carea' id='block_1_5' title="bbox 133 1380 1656 2994">
    <p class='ocr_par' dir='ltr' id='par_1_5' title="bbox 133 1380 1656 2994">
     <span class='ocr_line' id='line_1_14' title="bbox 264 1380 1656 1438; baseline 0.009 -17"><span class='ocrx_word' id='word_1_110' title='bbox 264 1380 328 1429; x_wconf 81' lang='grc' dir='ltr'><strong>ΠΙ,</strong></span> <span class='ocrx_word' id='word_1_111' title='bbox 351 1382 604 1427; x_wconf 82' lang='grc'><strong>500-505.</strong></span> <span class='ocrx_word' id='word_1_112' title='bbox 636 1386 805 1438; x_wconf 78' lang='lat' dir='ltr'>Aeneas,</span> <span class='ocrx_word' id='word_1_113' title='bbox 830 1390 899 1427; x_wconf 91' lang='lat' dir='ltr'><strong>ubi</strong></span> <span class='ocrx_word' id='word_1_114' title='bbox 919 1389 960 1428; x_wconf 89' lang='lat' dir='ltr'><strong>in</strong></span> <span class='ocrx_word' id='word_1_115' title='bbox 983 1390 1092 1428; x_wconf 81' lang='lat' dir='ltr'><strong>Italia</strong></span> <span class='ocrx_word' id='word_1_116' title='bbox 1111 1391 1220 1428; x_wconf 81' lang='lat' dir='ltr'><strong>sedes</strong></span> <span class='ocrx_word' id='word_1_117' title='bbox 1242 1398 1369 1430; x_wconf 84' lang='lat' dir='ltr'><strong>certas</strong></span> <span class='ocrx_word' id='word_1_118' title='bbox 1399 1400 1538 1432; x_wconf 85' lang='lat' dir='ltr'><strong>nactus</strong></span> <span class='ocrx_word' id='word_1_119' title='bbox 1566 1395 1656 1433; x_wconf 85' lang='lat' dir='ltr'><strong>sue-</strong></span> 
     </span>
     <span class='ocr_line' id='line_1_15' title="bbox 147 1436 1655 1503; baseline 0.01 -29"><span class='ocrx_word' id='word_1_120' title='bbox 147 1436 224 1474; x_wconf 83' lang='lat' dir='ltr'><strong>rit:</strong></span> <span class='ocrx_word' id='word_1_121' title='bbox 257 1439 486 1489; x_wconf 73' lang='lat' dir='ltr'><strong>Cognatas,</strong></span> <span class='ocrx_word' id='word_1_122' title='bbox 520 1442 671 1494; x_wconf 82' lang='lat' dir='ltr'><strong>inquit,</strong></span> <span class='ocrx_word' id='word_1_123' title='bbox 703 1446 814 1483; x_wconf 74' lang='lat' dir='ltr'><strong>urbes</strong></span> <span class='ocrx_word' id='word_1_124' title='bbox 837 1449 931 1484; x_wconf 78' lang='lat' dir='ltr'><strong>olim</strong></span> <span class='ocrx_word' id='word_1_125' title='bbox 956 1450 1206 1500; x_wconf 66' lang='lat' dir='ltr'><strong>populosque</strong></span> <span class='ocrx_word' id='word_1_126' title='bbox 1227 1453 1472 1501; x_wconf 71' lang='lat' dir='ltr'><strong>propinquos</strong></span> <span class='ocrx_word' id='word_1_127' title='bbox 1494 1454 1655 1503; x_wconf 65' lang='lat' dir='ltr'><strong>Ile-spe·-</strong></span> 
     </span>
     <span class='ocr_line' id='line_1_16' title="bbox 146 1495 1655 1560; baseline 0.011 -30"><span class='ocrx_word' id='word_1_128' title='bbox 146 1496 209 1532; x_wconf 77' lang='lat' dir='ltr'><strong>ria</strong></span> <span class='ocrx_word' id='word_1_129' title='bbox 237 1497 361 1546; x_wconf 73' lang='lat' dir='ltr'><strong>Epiro</strong></span> <span class='ocrx_word' id='word_1_130' title='bbox 391 1495 549 1549; x_wconf 68' lang='lat' dir='ltr'><strong>(quibus</strong></span> <span class='ocrx_word' id='word_1_131' title='bbox 572 1501 676 1539; x_wconf 73' lang='lat' dir='ltr'><strong>idem</strong></span> <span class='ocrx_word' id='word_1_132' title='bbox 696 1505 920 1542; x_wconf 70' lang='lat' dir='ltr'><strong>])arclcmus</strong></span> <span class='ocrx_word' id='word_1_133' title='bbox 944 1515 1083 1543; x_wconf 81' lang='lat' dir='ltr'><strong>auctor</strong></span> <span class='ocrx_word' id='word_1_134' title='bbox 1099 1508 1230 1558; x_wconf 74' lang='lat' dir='ltr'><strong>Atque</strong></span> <span class='ocrx_word' id='word_1_135' title='bbox 1247 1508 1351 1544; x_wconf 79' lang='lat' dir='ltr'><strong>idem</strong></span> <span class='ocrx_word' id='word_1_136' title='bbox 1373 1507 1505 1560; x_wconf 74' lang='lat' dir='ltr'><strong>casas)</strong></span> <span class='ocrx_word' id='word_1_137' title='bbox 1531 1524 1655 1548; x_wconf 79' lang='lat' dir='ltr'><strong>unam</strong></span> 
     </span>
     <span class='ocr_line' id='line_1_17' title="bbox 133 1552 1654 1617; baseline 0.011 -29"><span class='ocrx_word' id='word_1_138' title='bbox 133 1552 345 1604; x_wconf 76' lang='lat' dir='ltr'><strong>faciemus</strong></span> <span class='ocrx_word' id='word_1_139' title='bbox 365 1564 586 1608; x_wconf 75' lang='lat' dir='ltr'><strong>utramque.</strong></span> <span class='ocrx_word' id='word_1_140' title='bbox 649 1560 852 1612; x_wconf 81' lang='lat' dir='ltr'><strong>Ingeniose</strong></span> <span class='ocrx_word' id='word_1_141' title='bbox 882 1562 981 1600; x_wconf 87' lang='lat' dir='ltr'><strong>haec</strong></span> <span class='ocrx_word' id='word_1_142' title='bbox 1011 1569 1128 1615; x_wconf 84' lang='lat' dir='ltr'><strong>poeta</strong></span> <span class='ocrx_word' id='word_1_143' title='bbox 1159 1577 1178 1600; x_wconf 88' lang='lat' dir='ltr'><strong>e</strong></span> <span class='ocrx_word' id='word_1_144' title='bbox 1206 1565 1285 1602; x_wconf 92' lang='lat' dir='ltr'><strong>suis</strong></span> <span class='ocrx_word' id='word_1_145' title='bbox 1318 1567 1564 1617; x_wconf 84' lang='lat' dir='ltr'><strong>temporibus</strong></span> <span class='ocrx_word' id='word_1_146' title='bbox 1590 1568 1654 1605; x_wconf 89' lang='lat' dir='ltr'><strong>in-</strong></span> 
     </span>
     <span class='ocr_line' id='line_1_18' title="bbox 146 1610 1653 1674; baseline 0.009 -26"><span class='ocrx_word' id='word_1_147' title='bbox 146 1610 254 1650; x_wconf 84' lang='lat' dir='ltr'><strong>tulit.</strong></span> <span class='ocrx_word' id='word_1_148' title='bbox 314 1611 412 1649; x_wconf 84' lang='lat' dir='ltr'><strong>Nam</strong></span> <span class='ocrx_word' id='word_1_149' title='bbox 441 1614 491 1652; x_wconf 89' lang='lat' dir='ltr'><strong>ad</strong></span> <span class='ocrx_word' id='word_1_150' title='bbox 513 1616 733 1667; x_wconf 72' lang='lat' dir='ltr'><strong>IVicolmlz&#39;n</strong></span> <span class='ocrx_word' id='word_1_151' title='bbox 766 1620 813 1657; x_wconf 86' lang='lat' dir='ltr'><strong>ab</strong></span> <span class='ocrx_word' id='word_1_152' title='bbox 843 1620 1020 1672; x_wconf 79' lang='lat' dir='ltr'><strong>Augusto</strong></span> <span class='ocrx_word' id='word_1_153' title='bbox 1052 1621 1253 1659; x_wconf 75' lang='lat' dir='ltr'><strong>conditam</strong></span> <span class='ocrx_word' id='word_1_154' title='bbox 1284 1623 1445 1674; x_wconf 80' lang='lat' dir='ltr'><strong>respici,</strong></span> <span class='ocrx_word' id='word_1_155' title='bbox 1478 1624 1653 1663; x_wconf 83' lang='lat' dir='ltr'><strong>dubitari</strong></span> 
     </span>
     <span class='ocr_line' id='line_1_19' title="bbox 147 1664 1652 1730; baseline 0.009 -25"><span class='ocrx_word' id='word_1_156' title='bbox 147 1669 297 1718; x_wconf 86' lang='lat' dir='ltr'><strong>nequit.</strong></span> <span class='ocrx_word' id='word_1_157' title='bbox 345 1664 538 1710; x_wconf 71' lang='lat' dir='ltr'><strong>&#39;Sei-vius:</strong></span> <span class='ocrx_word' id='word_1_158' title='bbox 579 1674 772 1726; x_wconf 73' lang='lat' dir='ltr'><strong>Cognatas</strong></span> <span class='ocrx_word' id='word_1_159' title='bbox 804 1692 893 1715; x_wconf 65' lang='lat' dir='ltr'><strong>vero</strong></span> <span class='ocrx_word' id='word_1_160' title='bbox 924 1679 1042 1716; x_wconf 88' lang='lat' dir='ltr'><strong>urbes</strong></span> <span class='ocrx_word' id='word_1_161' title='bbox 1073 1680 1240 1730; x_wconf 74' lang='lat' dir='ltr'><strong>quidam</strong></span> <span class='ocrx_word' id='word_1_162' title='bbox 1273 1682 1314 1717; x_wconf 74' lang='lat' dir='ltr'><strong>in</strong></span> <span class='ocrx_word' id='word_1_163' title='bbox 1347 1681 1533 1718; x_wconf 76' lang='lat' dir='ltr'><strong>honorem</strong></span> <span class='ocrx_word' id='word_1_164' title='bbox 1561 1684 1652 1720; x_wconf 83' lang='grc' dir='ltr'><em>Λιι-</em></span> 
     </span>
     <span class='ocr_line' id='line_1_20' title="bbox 142 1727 1647 1789; baseline 0.011 -28"><span class='ocrx_word' id='word_1_165' title='bbox 142 1728 255 1776; x_wconf 77' lang='lat' dir='ltr'><strong>gusti</strong></span> <span class='ocrx_word' id='word_1_166' title='bbox 275 1727 424 1766; x_wconf 70' lang='lat' dir='ltr'><strong>dictum</strong></span> <span class='ocrx_word' id='word_1_167' title='bbox 445 1733 674 1781; x_wconf 47' lang='lat' dir='ltr'><strong>accipian&amp;</strong></span> <span class='ocrx_word' id='word_1_168' title='bbox 705 1737 738 1771; x_wconf 80' lang='lat' dir='ltr'><strong>is</strong></span> <span class='ocrx_word' id='word_1_169' title='bbox 757 1737 861 1771; x_wconf 73' lang='lat' dir='ltr'><strong>enim</strong></span> <span class='ocrx_word' id='word_1_170' title='bbox 880 1751 969 1772; x_wconf 79' lang='lat' dir='ltr'><strong>cum</strong></span> <span class='ocrx_word' id='word_1_171' title='bbox 996 1738 1037 1773; x_wconf 74' lang='lat' dir='ltr'><strong>in</strong></span> <span class='ocrx_word' id='word_1_172' title='bbox 1067 1737 1190 1786; x_wconf 66' lang='lat' dir='ltr'><strong>Epiro</strong></span> <span class='ocrx_word' id='word_1_173' title='bbox 1214 1739 1432 1787; x_wconf 63' lang='lat' dir='ltr'><strong>Nicopolin</strong></span> <span class='ocrx_word' id='word_1_174' title='bbox 1455 1740 1647 1789; x_wconf 74' lang='lat' dir='ltr'><strong>conderet,</strong></span> 
     </span>
     <span class='ocr_line' id='line_1_21' title="bbox 146 1785 1650 1844; baseline 0.01 -25"><span class='ocrx_word' id='word_1_175' title='bbox 146 1785 256 1821; x_wconf 68' lang='lat' dir='ltr'><strong>cavit</strong></span> <span class='ocrx_word' id='word_1_176' title='bbox 280 1786 320 1821; x_wconf 81' lang='lat' dir='ltr'><strong>in</strong></span> <span class='ocrx_word' id='word_1_177' title='bbox 327 1785 494 1835; x_wconf 80' lang='lat' dir='ltr'><strong>foedere</strong></span> <span class='ocrx_word' id='word_1_178' title='bbox 516 1791 691 1827; x_wconf 62' lang='lat' dir='ltr'><strong>ciritatz&#39;s</strong></span> <span class='ocrx_word' id='word_1_179' title='bbox 718 1794 845 1842; x_wconf 74' lang='lat' dir='ltr'><strong>ipsius</strong></span> <span class='ocrx_word' id='word_1_180' title='bbox 861 1823 871 1841; x_wconf 91' lang='lat'><strong>,</strong></span> <span class='ocrx_word' id='word_1_181' title='bbox 917 1802 960 1830; x_wconf 82' lang='lat' dir='ltr'><strong>ut</strong></span> <span class='ocrx_word' id='word_1_182' title='bbox 990 1797 1156 1844; x_wconf 66' lang='lat' dir='ltr'><strong>cognati</strong></span> <span class='ocrx_word' id='word_1_183' title='bbox 1183 1794 1477 1833; x_wconf 61' lang='lat' dir='ltr'><strong>observarentur</strong></span> <span class='ocrx_word' id='word_1_184' title='bbox 1506 1812 1532 1834; x_wconf 86' lang='lat' dir='ltr'><strong>a</strong></span> <span class='ocrx_word' id='word_1_185' title='bbox 1565 1799 1650 1834; x_wconf 76' lang='lat' dir='ltr'><strong>Ro-</strong></span> 
     </span>
     <span class='ocr_line' id='line_1_22' title="bbox 144 1843 1652 1906; baseline 0.005 -29"><span class='ocrx_word' id='word_1_186' title='bbox 144 1843 291 1878; x_wconf 74' lang='lat' dir='ltr'><strong>manis.</strong></span> <span class='ocrx_word' id='word_1_187' title='bbox 358 1844 472 1882; x_wconf 85' lang='lat' dir='ltr'><strong>Certe</strong></span> <span class='ocrx_word' id='word_1_188' title='bbox 493 1845 658 1884; x_wconf 60' lang='lat' dir='ltr'><strong>liberam</strong></span> <span class='ocrx_word' id='word_1_189' title='bbox 680 1851 883 1887; x_wconf 70' lang='lat' dir='ltr'><strong>civitatem</strong></span> <span class='ocrx_word' id='word_1_190' title='bbox 916 1864 995 1888; x_wconf 80' lang='lat' dir='ltr'><strong>esse</strong></span> <span class='ocrx_word' id='word_1_191' title='bbox 1025 1852 1160 1899; x_wconf 84' lang='lat' dir='ltr'><strong>iussit,</strong></span> <span class='ocrx_word' id='word_1_192' title='bbox 1206 1866 1244 1890; x_wconf 89' lang='lat' dir='ltr'><strong>v.</strong></span> <span class='ocrx_word' id='word_1_193' title='bbox 1274 1853 1370 1891; x_wconf 85' lang='lat' dir='ltr'><strong>I&#39;lin.</strong></span> <span class='ocrx_word' id='word_1_194' title='bbox 1400 1854 1464 1902; x_wconf 85' lang='lat' dir='ltr'><strong>IV,</strong></span> <span class='ocrx_word' id='word_1_195' title='bbox 1502 1857 1539 1902; x_wconf 82' lang='lat'><strong>3,</strong></span> <span class='ocrx_word' id='word_1_196' title='bbox 1565 1855 1652 1906; x_wconf 87' lang='lat' dir='ltr'><strong>ple..</strong></span> 
     </span>
     <span class='ocr_line' id='line_1_23' title="bbox 143 1900 1649 1951; baseline 0.011 -16"><span class='ocrx_word' id='word_1_197' title='bbox 143 1912 287 1949; x_wconf 85' lang='lat' dir='ltr'><strong>rasque</strong></span> <span class='ocrx_word' id='word_1_198' title='bbox 328 1900 572 1941; x_wconf 78' lang='lat' dir='ltr'><strong>Acarnaniae</strong></span> <span class='ocrx_word' id='word_1_199' title='bbox 613 1906 732 1944; x_wconf 87' lang='lat' dir='ltr'><strong>urbes</strong></span> <span class='ocrx_word' id='word_1_200' title='bbox 769 1908 812 1945; x_wconf 91' lang='lat' dir='ltr'><strong>in</strong></span> <span class='ocrx_word' id='word_1_201' title='bbox 848 1921 934 1946; x_wconf 86' lang='lat' dir='ltr'><strong>eam</strong></span> <span class='ocrx_word' id='word_1_202' title='bbox 963 1909 1164 1947; x_wconf 70' lang='lat' dir='ltr'><strong>contraxit</strong></span> <span class='ocrx_word' id='word_1_203' title='bbox 1196 1917 1266 1948; x_wconf 84' lang='lat' dir='ltr'><strong>aut</strong></span> <span class='ocrx_word' id='word_1_204' title='bbox 1297 1911 1330 1947; x_wconf 88' lang='lat' dir='ltr'><strong>ei</strong></span> <span class='ocrx_word' id='word_1_205' title='bbox 1365 1913 1575 1950; x_wconf 84' lang='lat' dir='ltr'><strong>accensuit.</strong></span> <span class='ocrx_word' id='word_1_206' title='bbox 1611 1927 1649 1951; x_wconf 85' lang='lat' dir='ltr'><strong>v.</strong></span> 
     </span>
     <span class='ocr_line' id='line_1_24' title="bbox 144 1957 1649 2019; baseline 0.01 -26"><span class='ocrx_word' id='word_1_207' title='bbox 144 1957 276 1994; x_wconf 85' lang='lat' dir='ltr'><strong>Strab.</strong></span> <span class='ocrx_word' id='word_1_208' title='bbox 299 1959 349 2007; x_wconf 86' lang='lat' dir='ltr'><strong>X,</strong></span> <span class='ocrx_word' id='word_1_209' title='bbox 373 1973 411 2010; x_wconf 89' lang='lat' dir='ltr'><strong>p.</strong></span> <span class='ocrx_word' id='word_1_210' title='bbox 434 1961 516 2002; x_wconf 86' lang='lat'><strong>450</strong></span> <span class='ocrx_word' id='word_1_211' title='bbox 537 1963 577 1999; x_wconf 92' lang='lat' dir='ltr'><strong>C.</strong></span> <span class='ocrx_word' id='word_1_212' title='bbox 595 1962 676 2012; x_wconf 82' lang='lat' dir='ltr'><strong>VH,</strong></span> <span class='ocrx_word' id='word_1_213' title='bbox 704 1979 742 2016; x_wconf 86' lang='lat' dir='ltr'><strong>p.</strong></span> <span class='ocrx_word' id='word_1_214' title='bbox 774 1965 856 2007; x_wconf 75' lang='lat'><strong>325</strong></span> <span class='ocrx_word' id='word_1_215' title='bbox 885 1967 928 2004; x_wconf 84' lang='lat' dir='ltr'><strong>l).</strong></span> <span class='ocrx_word' id='word_1_216' title='bbox 960 1967 1073 2005; x_wconf 81' lang='lat' dir='ltr'><strong>Paus.</strong></span> <span class='ocrx_word' id='word_1_217' title='bbox 1102 1967 1148 2015; x_wconf 87' lang='lat' dir='ltr'><strong>V,</strong></span> <span class='ocrx_word' id='word_1_218' title='bbox 1176 1971 1242 2008; x_wconf 74' lang='lat'><strong>23.</strong></span> <span class='ocrx_word' id='word_1_219' title='bbox 1273 1968 1352 2015; x_wconf 86' lang='lat' dir='ltr'><strong>VH,</strong></span> <span class='ocrx_word' id='word_1_220' title='bbox 1387 1971 1451 2018; x_wconf 82' lang='lat'><strong>18,</strong></span> <span class='ocrx_word' id='word_1_221' title='bbox 1482 1983 1519 2019; x_wconf 84' lang='lat' dir='ltr'><strong>p.</strong></span> <span class='ocrx_word' id='word_1_222' title='bbox 1554 1970 1649 2012; x_wconf 84' lang='lat'><strong>569.</strong></span> 
     </span>
     <span class='ocr_line' id='line_1_25' title="bbox 143 2013 1650 2067; baseline 0.011 -18"><span class='ocrx_word' id='word_1_223' title='bbox 143 2013 217 2051; x_wconf 89' lang='lat' dir='ltr'><strong>Dio</strong></span> <span class='ocrx_word' id='word_1_224' title='bbox 241 2015 342 2053; x_wconf 85' lang='lat' dir='ltr'><strong>Cass.</strong></span> <span class='ocrx_word' id='word_1_225' title='bbox 364 2017 411 2054; x_wconf 92' lang='lat' dir='ltr'><strong>LI</strong></span> <span class='ocrx_word' id='word_1_226' title='bbox 428 2031 488 2067; x_wconf 85' lang='lat' dir='ltr'><strong>pr.</strong></span> <span class='ocrx_word' id='word_1_227' title='bbox 548 2019 720 2060; x_wconf 88' lang='lat' dir='ltr'><strong>Omnino</strong></span> <span class='ocrx_word' id='word_1_228' title='bbox 746 2022 786 2059; x_wconf 85' lang='lat' dir='ltr'><strong>in</strong></span> <span class='ocrx_word' id='word_1_229' title='bbox 806 2021 867 2060; x_wconf 87' lang='lat' dir='ltr'><strong>his</strong></span> <span class='ocrx_word' id='word_1_230' title='bbox 888 2024 965 2061; x_wconf 88' lang='lat' dir='ltr'><strong>oris</strong></span> <span class='ocrx_word' id='word_1_231' title='bbox 984 2024 1102 2061; x_wconf 84' lang='lat' dir='ltr'><strong>multi</strong></span> <span class='ocrx_word' id='word_1_232' title='bbox 1129 2024 1233 2062; x_wconf 86' lang='lat' dir='ltr'><strong>cives</strong></span> <span class='ocrx_word' id='word_1_233' title='bbox 1283 2026 1431 2062; x_wconf 65' lang='lat' dir='ltr'><strong>{omani</strong></span> <span class='ocrx_word' id='word_1_234' title='bbox 1459 2026 1650 2065; x_wconf 79' lang='lat' dir='ltr'><strong>videntur</strong></span> 
     </span>
     <span class='ocr_line' id='line_1_26' title="bbox 145 2071 1649 2135; baseline 0.009 -27"><span class='ocrx_word' id='word_1_235' title='bbox 145 2071 388 2122; x_wconf 83' lang='lat' dir='ltr'><strong>consedisse,</strong></span> <span class='ocrx_word' id='word_1_236' title='bbox 421 2075 682 2126; x_wconf 80' lang='lat' dir='ltr'><strong>navigationis</strong></span> <span class='ocrx_word' id='word_1_237' title='bbox 706 2085 743 2116; x_wconf 87' lang='lat' dir='ltr'><strong>et</strong></span> <span class='ocrx_word' id='word_1_238' title='bbox 763 2081 1008 2132; x_wconf 80' lang='lat' dir='ltr'><strong>negotiorum</strong></span> <span class='ocrx_word' id='word_1_239' title='bbox 1039 2095 1187 2120; x_wconf 83' lang='lat' dir='ltr'><strong>caussa.</strong></span> <span class='ocrx_word' id='word_1_240' title='bbox 1245 2082 1489 2120; x_wconf 79' lang='lat' dir='ltr'><strong>Buthrotum</strong></span> <span class='ocrx_word' id='word_1_241' title='bbox 1520 2084 1649 2135; x_wconf 85' lang='lat' dir='ltr'><strong>ipsum</strong></span> 
     </span>
     <span class='ocr_line' id='line_1_27' title="bbox 144 2128 1649 2190; baseline 0.01 -26"><span class='ocrx_word' id='word_1_242' title='bbox 144 2128 416 2168; x_wconf 81' lang='lat' dir='ltr'><strong>Romanorum</strong></span> <span class='ocrx_word' id='word_1_243' title='bbox 438 2133 591 2171; x_wconf 87' lang='lat' dir='ltr'><strong>colonia</strong></span> <span class='ocrx_word' id='word_1_244' title='bbox 621 2136 727 2173; x_wconf 85' lang='lat' dir='ltr'><strong>facta</strong></span> <span class='ocrx_word' id='word_1_245' title='bbox 754 2144 834 2187; x_wconf 88' lang='lat' dir='ltr'><strong>est,</strong></span> <span class='ocrx_word' id='word_1_246' title='bbox 866 2152 903 2176; x_wconf 91' lang='lat' dir='ltr'><strong>v.</strong></span> <span class='ocrx_word' id='word_1_247' title='bbox 935 2139 1032 2176; x_wconf 83' lang='lat' dir='ltr'><strong>Plin.</strong></span> <span class='ocrx_word' id='word_1_248' title='bbox 1066 2139 1131 2187; x_wconf 91' lang='lat' dir='ltr'><strong>IV,</strong></span> <span class='ocrx_word' id='word_1_249' title='bbox 1166 2143 1199 2180; x_wconf 91' lang='lat'><strong>1.</strong></span> <span class='ocrx_word' id='word_1_250' title='bbox 1260 2139 1388 2190; x_wconf 81' lang='lat' dir='ltr'><strong>Atque</strong></span> <span class='ocrx_word' id='word_1_251' title='bbox 1414 2140 1519 2178; x_wconf 85' lang='lat' dir='ltr'><strong>intra</strong></span> <span class='ocrx_word' id='word_1_252' title='bbox 1551 2140 1649 2179; x_wconf 85' lang='lat' dir='ltr'><strong>haec</strong></span> 
     </span>
     <span class='ocr_line' id='line_1_28' title="bbox 145 2185 1647 2249; baseline 0.009 -28"><span class='ocrx_word' id='word_1_253' title='bbox 145 2185 452 2227; x_wconf 78' lang='lat' dir='ltr'><strong>subsistendum.</strong></span> <span class='ocrx_word' id='word_1_254' title='bbox 512 2192 608 2228; x_wconf 88' lang='lat' dir='ltr'><strong>Nam</strong></span> <span class='ocrx_word' id='word_1_255' title='bbox 634 2193 718 2231; x_wconf 87' lang='lat' dir='ltr'><strong>aliis</strong></span> <span class='ocrx_word' id='word_1_256' title='bbox 739 2196 985 2246; x_wconf 72' lang='lat' dir='ltr'><strong>temporibus</strong></span> <span class='ocrx_word' id='word_1_257' title='bbox 1014 2196 1183 2233; x_wconf 81' lang='lat' dir='ltr'><strong>Romani</strong></span> <span class='ocrx_word' id='word_1_258' title='bbox 1211 2210 1403 2234; x_wconf 87' lang='lat' dir='ltr'><strong>summam</strong></span> <span class='ocrx_word' id='word_1_259' title='bbox 1428 2198 1469 2234; x_wconf 93' lang='lat' dir='ltr'><strong>in</strong></span> <span class='ocrx_word' id='word_1_260' title='bbox 1503 2198 1647 2249; x_wconf 88' lang='lat' dir='ltr'><strong>Epiro-</strong></span> 
     </span>
     <span class='ocr_line' id='line_1_29' title="bbox 144 2243 1643 2303; baseline 0.009 -24"><span class='ocrx_word' id='word_1_261' title='bbox 144 2248 205 2280; x_wconf 82' lang='lat' dir='ltr'><strong>tas</strong></span> <span class='ocrx_word' id='word_1_262' title='bbox 225 2243 501 2285; x_wconf 81' lang='lat' dir='ltr'><strong>crudelitatem</strong></span> <span class='ocrx_word' id='word_1_263' title='bbox 531 2258 820 2300; x_wconf 69' lang='lat' dir='ltr'><strong>exercuerunt,</strong></span> <span class='ocrx_word' id='word_1_264' title='bbox 863 2259 911 2290; x_wconf 80' lang='lat' dir='ltr'><strong>ut</strong></span> <span class='ocrx_word' id='word_1_265' title='bbox 941 2260 1081 2290; x_wconf 86' lang='lat' dir='ltr'><strong>notum</strong></span> <span class='ocrx_word' id='word_1_266' title='bbox 1115 2254 1179 2291; x_wconf 81' lang='lat' dir='ltr'><strong>vel</strong></span> <span class='ocrx_word' id='word_1_267' title='bbox 1217 2267 1265 2291; x_wconf 84' lang='lat' dir='ltr'><strong>ex</strong></span> <span class='ocrx_word' id='word_1_268' title='bbox 1294 2255 1403 2292; x_wconf 88' lang='lat' dir='ltr'><strong>Livio</strong></span> <span class='ocrx_word' id='word_1_269' title='bbox 1433 2255 1550 2303; x_wconf 86' lang='lat' dir='ltr'>XLV,</span> <span class='ocrx_word' id='word_1_270' title='bbox 1577 2255 1643 2298; x_wconf 83' lang='lat'><strong>34.</strong></span> 
     </span>
     <span class='ocr_line' id='line_1_30' title="bbox 144 2299 1647 2364; baseline 0.01 -28"><span class='ocrx_word' id='word_1_271' title='bbox 144 2299 241 2348; x_wconf 88' lang='lat' dir='ltr'><strong>Alii,</strong></span> <span class='ocrx_word' id='word_1_272' title='bbox 272 2302 414 2351; x_wconf 91' lang='lat' dir='ltr'><strong>quibus</strong></span> <span class='ocrx_word' id='word_1_273' title='bbox 440 2306 616 2344; x_wconf 87' lang='lat' dir='ltr'><strong>Nannius</strong></span> <span class='ocrx_word' id='word_1_274' title='bbox 646 2308 715 2346; x_wconf 84' lang='lat' dir='ltr'><strong>Vll</strong></span> <span class='ocrx_word' id='word_1_275' title='bbox 744 2309 903 2347; x_wconf 85' lang='lat' dir='ltr'><strong>Miscell.</strong></span> <span class='ocrx_word' id='word_1_276' title='bbox 939 2324 970 2348; x_wconf 90' lang='lat' dir='ltr'><strong>e.</strong></span> <span class='ocrx_word' id='word_1_277' title='bbox 1007 2313 1057 2351; x_wconf 81' lang='lat'><strong>12</strong></span> <span class='ocrx_word' id='word_1_278' title='bbox 1087 2311 1272 2361; x_wconf 73' lang='lat' dir='ltr'><strong>praeivit,</strong></span> <span class='ocrx_word' id='word_1_279' title='bbox 1313 2312 1444 2350; x_wconf 86' lang='lat' dir='ltr'><strong>locum</strong></span> <span class='ocrx_word' id='word_1_280' title='bbox 1472 2312 1647 2364; x_wconf 80' lang='lat' dir='ltr'><strong>Dionysii</strong></span> 
     </span>
     <span class='ocr_line' id='line_1_31' title="bbox 143 2356 1645 2420; baseline 0.009 -26"><span class='ocrx_word' id='word_1_281' title='bbox 143 2356 270 2396; x_wconf 82' lang='lat' dir='ltr'><strong>Halic.</strong></span> <span class='ocrx_word' id='word_1_282' title='bbox 289 2358 369 2397; x_wconf 88' lang='lat' dir='ltr'><strong>huc</strong></span> <span class='ocrx_word' id='word_1_283' title='bbox 390 2362 560 2400; x_wconf 64' lang='lat' dir='ltr'><strong>&#39;trahunt</strong></span> <span class='ocrx_word' id='word_1_284' title='bbox 576 2376 624 2400; x_wconf 81' lang='lat' dir='ltr'><strong>ex</strong></span> <span class='ocrx_word' id='word_1_285' title='bbox 644 2365 709 2403; x_wconf 93' lang='lat' dir='ltr'><strong>lib.</strong></span> <span class='ocrx_word' id='word_1_286' title='bbox 733 2366 760 2415; x_wconf 92' lang='lat' dir='ltr'><strong>I,</strong></span> <span class='ocrx_word' id='word_1_287' title='bbox 783 2367 831 2408; x_wconf 84' lang='lat'><strong>51</strong></span> <span class='ocrx_word' id='word_1_288' title='bbox 857 2365 959 2420; x_wconf 80' lang='grc'><strong>(41),</strong></span> <span class='ocrx_word' id='word_1_289' title='bbox 991 2368 1059 2405; x_wconf 89' lang='lat' dir='ltr'><strong>ubi</strong></span> <span class='ocrx_word' id='word_1_290' title='bbox 1075 2368 1259 2406; x_wconf 76' lang='lat' dir='ltr'><strong>Troianis</strong></span> <span class='ocrx_word' id='word_1_291' title='bbox 1282 2369 1328 2406; x_wconf 89' lang='lat' dir='ltr'><strong>ab</strong></span> <span class='ocrx_word' id='word_1_292' title='bbox 1346 2370 1464 2420; x_wconf 85' lang='lat' dir='ltr'><strong>Epiro</strong></span> <span class='ocrx_word' id='word_1_293' title='bbox 1484 2370 1645 2408; x_wconf 85' lang='lat' dir='ltr'><strong>solven—</strong></span> 
     </span>
     <span class='ocr_line' id='line_1_32' title="bbox 141 2414 1645 2466; baseline 0.009 -14"><span class='ocrx_word' id='word_1_294' title='bbox 141 2414 250 2453; x_wconf 88' lang='lat' dir='ltr'><strong>tibus</strong></span> <span class='ocrx_word' id='word_1_295' title='bbox 270 2418 430 2457; x_wconf 83' lang='lat' dir='ltr'><strong>comites</strong></span> <span class='ocrx_word' id='word_1_296' title='bbox 452 2433 492 2457; x_wconf 91' lang='lat' dir='ltr'><strong>se</strong></span> <span class='ocrx_word' id='word_1_297' title='bbox 513 2435 557 2458; x_wconf 90' lang='lat' dir='ltr'><strong>ac</strong></span> <span class='ocrx_word' id='word_1_298' title='bbox 578 2421 664 2459; x_wconf 82' lang='lat' dir='ltr'><strong>viae</strong></span> <span class='ocrx_word' id='word_1_299' title='bbox 692 2423 812 2461; x_wconf 85' lang='lat' dir='ltr'><strong>duces</strong></span> <span class='ocrx_word' id='word_1_300' title='bbox 844 2424 1070 2462; x_wconf 76' lang='lat' dir='ltr'><strong>adiunxisse</strong></span> <span class='ocrx_word' id='word_1_301' title='bbox 1100 2432 1237 2463; x_wconf 86' lang='lat' dir='ltr'><strong>narrat</strong></span> <span class='ocrx_word' id='word_1_302' title='bbox 1267 2427 1478 2465; x_wconf 91' lang='lat' dir='ltr'><strong>nonnullos</strong></span> <span class='ocrx_word' id='word_1_303' title='bbox 1501 2441 1549 2464; x_wconf 81' lang='lat' dir='ltr'><strong>ex</strong></span> <span class='ocrx_word' id='word_1_304' title='bbox 1579 2428 1645 2466; x_wconf 81' lang='lat' dir='ltr'><strong>in·—</strong></span> 
     </span>
     <span class='ocr_line' id='line_1_33' title="bbox 143 2473 1645 2532; baseline 0.009 -22"><span class='ocrx_word' id='word_1_305' title='bbox 143 2473 258 2523; x_wconf 84' lang='lat' dir='ltr'><strong>colis;</strong></span> <span class='ocrx_word' id='word_1_306' title='bbox 290 2476 493 2526; x_wconf 78' lang='lat' dir='ltr'><strong>Romani,</strong></span> <span class='ocrx_word' id='word_1_307' title='bbox 526 2479 675 2529; x_wconf 85' lang='lat' dir='ltr'><strong>inquit,</strong></span> <span class='ocrx_word' id='word_1_308' title='bbox 706 2484 957 2532; x_wconf 74' lang='lat' dir='ltr'><strong>cognationis</strong></span> <span class='ocrx_word' id='word_1_309' title='bbox 979 2491 1014 2519; x_wconf 84' lang='lat' dir='ltr'><strong>et</strong></span> <span class='ocrx_word' id='word_1_310' title='bbox 1035 2483 1214 2531; x_wconf 69' lang='lat' dir='ltr'><strong>beneficii</strong></span> <span class='ocrx_word' id='word_1_311' title='bbox 1240 2498 1427 2521; x_wconf 83' lang='lat' dir='ltr'><strong>memores</strong></span> <span class='ocrx_word' id='word_1_312' title='bbox 1454 2486 1645 2523; x_wconf 83' lang='lat' dir='ltr'><strong>Acarna—</strong></span> 
     </span>
     <span class='ocr_line' id='line_1_34' title="bbox 141 2530 1645 2594; baseline 0.009 -27"><span class='ocrx_word' id='word_1_313' title='bbox 141 2530 256 2568; x_wconf 74' lang='lat' dir='ltr'><strong>nibus</strong></span> <span class='ocrx_word' id='word_1_314' title='bbox 281 2530 366 2584; x_wconf 86' lang='lat' dir='ltr'><strong>(qui</strong></span> <span class='ocrx_word' id='word_1_315' title='bbox 398 2535 535 2574; x_wconf 86' lang='lat' dir='ltr'><strong>saltem</strong></span> <span class='ocrx_word' id='word_1_316' title='bbox 568 2537 741 2588; x_wconf 82' lang='lat' dir='ltr'><strong>Epirotis</strong></span> <span class='ocrx_word' id='word_1_317' title='bbox 768 2539 889 2577; x_wconf 83' lang='lat' dir='ltr'><strong>vieini</strong></span> <span class='ocrx_word' id='word_1_318' title='bbox 918 2538 1029 2594; x_wconf 76' lang='lat' dir='ltr'><strong>sunt)</strong></span> <span class='ocrx_word' id='word_1_319' title='bbox 1061 2542 1291 2579; x_wconf 76' lang='lat' dir='ltr'><strong>Leucadem</strong></span> <span class='ocrx_word' id='word_1_320' title='bbox 1321 2550 1356 2579; x_wconf 87' lang='lat' dir='ltr'><strong>et</strong></span> <span class='ocrx_word' id='word_1_321' title='bbox 1382 2543 1645 2580; x_wconf 79' lang='lat' dir='ltr'><strong>Anactorium</strong></span> 
     </span>
     <span class='ocr_line' id='line_1_35' title="bbox 147 2588 1644 2650; baseline 0.009 -26"><span class='ocrx_word' id='word_1_322' title='bbox 147 2588 359 2627; x_wconf 70' lang='lat' dir='ltr'><strong>Corinthiis</strong></span> <span class='ocrx_word' id='word_1_323' title='bbox 408 2593 613 2631; x_wconf 73' lang='lat' dir='ltr'><strong>ademtam</strong></span> <span class='ocrx_word' id='word_1_324' title='bbox 656 2596 917 2645; x_wconf 73' lang='lat' dir='ltr'><strong>addixerunt,</strong></span> <span class='ocrx_word' id='word_1_325' title='bbox 966 2606 1084 2649; x_wconf 79' lang='lat' dir='ltr'><strong>atque</strong></span> <span class='ocrx_word' id='word_1_326' title='bbox 1121 2599 1325 2637; x_wconf 76' lang='lat' dir='ltr'><strong>Oeniadas</strong></span> <span class='ocrx_word' id='word_1_327' title='bbox 1351 2601 1394 2636; x_wconf 78' lang='lat' dir='ltr'><strong>in</strong></span> <span class='ocrx_word' id='word_1_328' title='bbox 1426 2601 1644 2650; x_wconf 75' lang='lat' dir='ltr'><strong>pristinam</strong></span> 
     </span>
     <span class='ocr_line' id='line_1_36' title="bbox 142 2646 1643 2702; baseline 0.008 -20"><span class='ocrx_word' id='word_1_329' title='bbox 142 2646 273 2684; x_wconf 76' lang='lat' dir='ltr'><strong>sedem</strong></span> <span class='ocrx_word' id='word_1_330' title='bbox 297 2648 476 2688; x_wconf 79' lang='lat' dir='ltr'><strong>reducere</strong></span> <span class='ocrx_word' id='word_1_331' title='bbox 493 2654 779 2702; x_wconf 77' lang='lat' dir='ltr'><strong>permiserunt,</strong></span> <span class='ocrx_word' id='word_1_332' title='bbox 814 2669 861 2692; x_wconf 81' lang='lat' dir='ltr'><strong>ex</strong></span> <span class='ocrx_word' id='word_1_333' title='bbox 881 2654 1157 2693; x_wconf 73' lang='lat' dir='ltr'><strong>Eehtnadihus</strong></span> <span class='ocrx_word' id='word_1_334' title='bbox 1176 2665 1310 2694; x_wconf 78' lang='lat' dir='ltr'><strong>autem</strong></span> <span class='ocrx_word' id='word_1_335' title='bbox 1344 2658 1485 2694; x_wconf 73' lang='lat' dir='ltr'><strong>insulis</strong></span> <span class='ocrx_word' id='word_1_336' title='bbox 1520 2659 1643 2695; x_wconf 61' lang='lat' dir='ltr'><strong>recti-</strong></span> 
     </span>
     <span class='ocr_line' id='line_1_37' title="bbox 139 2703 1641 2766; baseline 0.009 -27"><span class='ocrx_word' id='word_1_337' title='bbox 139 2703 258 2752; x_wconf 66' lang='grc' dir='ltr'><strong>ἑςαῖία</strong></span> <span class='ocrx_word' id='word_1_338' title='bbox 287 2720 378 2743; x_wconf 70' lang='lat' dir='ltr'><strong>cum</strong></span> <span class='ocrx_word' id='word_1_339' title='bbox 408 2709 560 2746; x_wconf 78' lang='lat' dir='ltr'><strong>Aetolis</strong></span> <span class='ocrx_word' id='word_1_340' title='bbox 596 2713 821 2749; x_wconf 76' lang='lat' dir='ltr'><strong>communia</strong></span> <span class='ocrx_word' id='word_1_341' title='bbox 849 2712 991 2750; x_wconf 77' lang='lat' dir='ltr'><strong>habere</strong></span> <span class='ocrx_word' id='word_1_342' title='bbox 1018 2714 1223 2751; x_wconf 71' lang='lat' dir='ltr'><strong>iusserunt.</strong></span> <span class='ocrx_word' id='word_1_343' title='bbox 1287 2714 1394 2752; x_wconf 80' lang='lat' dir='ltr'><strong>Haec</strong></span> <span class='ocrx_word' id='word_1_344' title='bbox 1421 2714 1641 2766; x_wconf 73' lang='lat' dir='ltr'><strong>Dionysius,</strong></span> 
     </span>
     <span class='ocr_line' id='line_1_38' title="bbox 142 2760 1641 2819; baseline 0.009 -24"><span class='ocrx_word' id='word_1_345' title='bbox 142 2760 354 2800; x_wconf 87' lang='lat' dir='ltr'><strong>Graviores</strong></span> <span class='ocrx_word' id='word_1_346' title='bbox 395 2778 550 2803; x_wconf 86' lang='lat' dir='ltr'><strong>caussas</strong></span> <span class='ocrx_word' id='word_1_347' title='bbox 590 2767 684 2806; x_wconf 86' lang='lat' dir='ltr'><strong>alias</strong></span> <span class='ocrx_word' id='word_1_348' title='bbox 718 2768 837 2807; x_wconf 90' lang='lat' dir='ltr'><strong>huius</strong></span> <span class='ocrx_word' id='word_1_349' title='bbox 872 2769 1119 2808; x_wconf 82' lang='lat' dir='ltr'><strong>liberalitatis</strong></span> <span class='ocrx_word' id='word_1_350' title='bbox 1143 2772 1329 2809; x_wconf 82' lang='lat' dir='ltr'><strong>Romanis</strong></span> <span class='ocrx_word' id='word_1_351' title='bbox 1361 2772 1502 2819; x_wconf 83' lang='lat' dir='ltr'><strong>fuisse,</strong></span> <span class='ocrx_word' id='word_1_352' title='bbox 1530 2772 1641 2809; x_wconf 84' lang='lat' dir='ltr'><strong>facile</strong></span> 
     </span>
     <span class='ocr_line' id='line_1_39' title="bbox 139 2815 1640 2880; baseline 0.009 -28"><span class='ocrx_word' id='word_1_353' title='bbox 139 2815 385 2869; x_wconf 80' lang='lat' dir='ltr'><strong>intelligitur.</strong></span> <span class='ocrx_word' id='word_1_354' title='bbox 443 2823 565 2862; x_wconf 76' lang='lat' dir='ltr'><strong>Facta</strong></span> <span class='ocrx_word' id='word_1_355' title='bbox 594 2826 742 2864; x_wconf 89' lang='lat' dir='ltr'><strong>scilicet</strong></span> <span class='ocrx_word' id='word_1_356' title='bbox 765 2827 850 2876; x_wconf 84' lang='lat' dir='ltr'><strong>illa,</strong></span> <span class='ocrx_word' id='word_1_357' title='bbox 888 2840 987 2877; x_wconf 84' lang='lat' dir='ltr'><strong>quae</strong></span> <span class='ocrx_word' id='word_1_358' title='bbox 1023 2835 1203 2878; x_wconf 85' lang='lat' dir='ltr'><strong>enarrat,</strong></span> <span class='ocrx_word' id='word_1_359' title='bbox 1245 2829 1392 2880; x_wconf 78' lang='lat' dir='ltr'><strong>partim</strong></span> <span class='ocrx_word' id='word_1_360' title='bbox 1415 2829 1517 2867; x_wconf 92' lang='lat' dir='ltr'><strong>bello</strong></span> <span class='ocrx_word' id='word_1_361' title='bbox 1551 2843 1640 2866; x_wconf 86' lang='lat' dir='ltr'><strong>cum</strong></span> 
     </span>
     <span class='ocr_line' id='line_1_40' title="bbox 138 2872 1638 2938; baseline 0.008 -28"><span class='ocrx_word' id='word_1_362' title='bbox 138 2872 283 2913; x_wconf 88' lang='lat' dir='ltr'><strong>Aetolis</strong></span> <span class='ocrx_word' id='word_1_363' title='bbox 316 2879 517 2929; x_wconf 85' lang='lat' dir='ltr'><strong>confecto,</strong></span> <span class='ocrx_word' id='word_1_364' title='bbox 557 2884 703 2932; x_wconf 87' lang='lat' dir='ltr'><strong>partim</strong></span> <span class='ocrx_word' id='word_1_365' title='bbox 733 2884 835 2921; x_wconf 90' lang='lat' dir='ltr'><strong>bello</strong></span> <span class='ocrx_word' id='word_1_366' title='bbox 867 2884 1036 2923; x_wconf 88' lang='lat' dir='ltr'><strong>Achaico</strong></span> <span class='ocrx_word' id='word_1_367' title='bbox 1069 2886 1298 2938; x_wconf 77' lang='lat' dir='ltr'><strong>profligato,</strong></span> <span class='ocrx_word' id='word_1_368' title='bbox 1343 2886 1488 2938; x_wconf 82' lang='lat' dir='ltr'><strong>partim</strong></span> <span class='ocrx_word' id='word_1_369' title='bbox 1523 2886 1638 2923; x_wconf 77' lang='lat' dir='ltr'><strong>etiam</strong></span> 
     </span>
     <span class='ocr_line' id='line_1_41' title="bbox 139 2930 1639 2994; baseline 0.007 -26"><span class='ocrx_word' id='word_1_370' title='bbox 139 2930 257 2970; x_wconf 85' lang='lat' dir='ltr'><strong>ducta</strong></span> <span class='ocrx_word' id='word_1_371' title='bbox 285 2934 333 2971; x_wconf 87' lang='lat' dir='ltr'><strong>ab</strong></span> <span class='ocrx_word' id='word_1_372' title='bbox 361 2935 537 2988; x_wconf 84' lang='lat' dir='ltr'><strong>Augusto</strong></span> <span class='ocrx_word' id='word_1_373' title='bbox 563 2938 721 2978; x_wconf 83' lang='lat' dir='ltr'><strong>Actium</strong></span> <span class='ocrx_word' id='word_1_374' title='bbox 751 2941 904 2979; x_wconf 88' lang='lat' dir='ltr'><strong>colonia</strong></span> <span class='ocrx_word' id='word_1_375' title='bbox 934 2949 974 2981; x_wconf 89' lang='lat' dir='ltr'><strong>et</strong></span> <span class='ocrx_word' id='word_1_376' title='bbox 1015 2942 1193 2994; x_wconf 87' lang='lat' dir='ltr'><strong>Nicopoli</strong></span> <span class='ocrx_word' id='word_1_377' title='bbox 1235 2944 1408 2982; x_wconf 86' lang='lat' dir='ltr'><strong>condita.</strong></span> <span class='ocrx_word' id='word_1_378' title='bbox 1479 2945 1639 2981; x_wconf 76' lang='lat' dir='ltr'><strong>Leucas</strong></span> 
     </span>
    </p>
   </div>
  </div>
 </body>
</html>
