<?xml version="1.0" encoding="UTF-8"?>
<!DOCTYPE html PUBLIC "-//W3C//DTD XHTML 1.0 Transitional//EN"
    "http://www.w3.org/TR/xhtml1/DTD/xhtml1-transitional.dtd">
<html xmlns="http://www.w3.org/1999/xhtml" xml:lang="en" lang="en">
 <head>
  <title>
</title>
<meta http-equiv="Content-Type" content="text/html;charset=utf-8" />
  <meta name='ocr-system' content='tesseract 3.04.00' />
  <meta name='ocr-capabilities' content='ocr_page ocr_carea ocr_par ocr_line ocrx_word'/>
</head>
<body>
  <div class='ocr_page' id='page_1' title='image "./publiusvirgilius02virguoft/publiusvirgilius02virguoft_0073.png"; bbox 0 0 1827 3436; ppageno 0'>
   <div class='ocr_carea' id='block_1_1' title="bbox 404 252 1583 310">
    <p class='ocr_par' dir='ltr' id='par_1_1' title="bbox 404 252 1583 310">
     <span class='ocr_line' id='line_1_1' title="bbox 404 252 1583 310; baseline -0.004 -5"><span class='ocrx_word' id='word_1_1' title='bbox 404 253 810 305; x_wconf 83' lang='lat' dir='ltr'>AENEIDOS</span> <span class='ocrx_word' id='word_1_2' title='bbox 852 253 990 301; x_wconf 91' lang='lat' dir='ltr'>LIB.</span> <span class='ocrx_word' id='word_1_3' title='bbox 1033 253 1070 310; x_wconf 79' lang='lat'>1,</span> <span class='ocrx_word' id='word_1_4' title='bbox 1108 252 1257 300; x_wconf 75' lang='lat' dir='ltr'>5—ss</span> <span class='ocrx_word' id='word_1_5' title='bbox 1520 256 1583 302; x_wconf 87' lang='lat'>65</span> 
     </span>
    </p>
   </div>
   <div class='ocr_carea' id='block_1_2' title="bbox 82 363 1583 514">
    <p class='ocr_par' dir='ltr' id='par_1_2' title="bbox 82 363 1583 514">
     <span class='ocr_line' id='line_1_2' title="bbox 82 363 1460 449; baseline -0.007 -15"><span class='ocrx_word' id='word_1_6' title='bbox 82 384 370 449; x_wconf 81' lang='lat' dir='ltr'>Albanique</span> <span class='ocrx_word' id='word_1_7' title='bbox 405 390 600 446; x_wconf 75' lang='lat' dir='ltr'>patres,</span> <span class='ocrx_word' id='word_1_8' title='bbox 640 387 796 444; x_wconf 83' lang='lat' dir='ltr'>atque</span> <span class='ocrx_word' id='word_1_9' title='bbox 825 377 957 426; x_wconf 84' lang='lat' dir='ltr'>altae</span> <span class='ocrx_word' id='word_1_10' title='bbox 989 375 1205 424; x_wconf 88' lang='lat' dir='ltr'>moenia</span> <span class='ocrx_word' id='word_1_11' title='bbox 1240 363 1460 424; x_wconf 83' lang='lat' dir='ltr'>Romae.</span> 
     </span>
     <span class='ocr_line' id='line_1_3' title="bbox 147 443 1583 514; baseline -0.007 -12"><span class='ocrx_word' id='word_1_12' title='bbox 147 457 307 514; x_wconf 87' lang='lat' dir='ltr'>Musa,</span> <span class='ocrx_word' id='word_1_13' title='bbox 349 450 481 500; x_wconf 90' lang='lat' dir='ltr'>mihi</span> <span class='ocrx_word' id='word_1_14' title='bbox 515 464 716 498; x_wconf 78' lang='lat' dir='ltr'>caussas</span> <span class='ocrx_word' id='word_1_15' title='bbox 745 463 1002 509; x_wconf 83' lang='lat' dir='ltr'>memora,</span> <span class='ocrx_word' id='word_1_16' title='bbox 1042 462 1150 512; x_wconf 87' lang='lat' dir='ltr'>quo</span> <span class='ocrx_word' id='word_1_17' title='bbox 1179 443 1403 493; x_wconf 87' lang='lat' dir='ltr'>numine</span> <span class='ocrx_word' id='word_1_18' title='bbox 1425 443 1583 507; x_wconf 78' lang='lat' dir='ltr'>laeso,</span> 
     </span>
    </p>
   </div>
   <div class='ocr_carea' id='block_1_3' title="bbox 80 571 1590 1645">
    <p class='ocr_par' dir='ltr' id='par_1_3' title="bbox 80 571 1590 1645">
     <span class='ocr_line' id='line_1_4' title="bbox 171 571 1584 625; baseline -0.008 -11"><span class='ocrx_word' id='word_1_19' title='bbox 171 582 192 615; x_wconf 88' lang='lat'>8</span> <span class='ocrx_word' id='word_1_20' title='bbox 217 592 286 625; x_wconf 76' lang='lat' dir='ltr'>quo</span> <span class='ocrx_word' id='word_1_21' title='bbox 311 580 458 613; x_wconf 78' lang='lat' dir='ltr'>numine</span> <span class='ocrx_word' id='word_1_22' title='bbox 484 578 583 611; x_wconf 83' lang='lat' dir='ltr'>laeso</span> <span class='ocrx_word' id='word_1_23' title='bbox 608 589 638 609; x_wconf 88' lang='lat' dir='ltr'>v.</span> <span class='ocrx_word' id='word_1_24' title='bbox 665 577 804 609; x_wconf 75' lang='lat' dir='ltr'>Exeurs.</span> <span class='ocrx_word' id='word_1_25' title='bbox 832 575 880 616; x_wconf 84' lang='lat'>1†</span> <span class='ocrx_word' id='word_1_26' title='bbox 906 574 947 607; x_wconf 82' lang='lat' dir='ltr'>ad</span> <span class='ocrx_word' id='word_1_27' title='bbox 976 573 1010 606; x_wconf 93' lang='lat' dir='ltr'>h.</span> <span class='ocrx_word' id='word_1_28' title='bbox 1036 586 1067 606; x_wconf 79' lang='lat' dir='ltr'>v.</span> <span class='ocrx_word' id='word_1_29' title='bbox 1127 572 1264 618; x_wconf 75' lang='lat' dir='ltr'>(Varias</span> <span class='ocrx_word' id='word_1_30' title='bbox 1290 571 1346 605; x_wconf 86' lang='lat' dir='ltr'>vel</span> <span class='ocrx_word' id='word_1_31' title='bbox 1370 571 1584 616; x_wconf 81' lang='lat' dir='ltr'>interpreta-</span> 
     </span>
     <span class='ocr_line' id='line_1_5' title="bbox 80 618 1584 668; baseline -0.007 -8"><span class='ocrx_word' id='word_1_32' title='bbox 80 628 213 667; x_wconf 79' lang='lat' dir='ltr'>tiones,</span> <span class='ocrx_word' id='word_1_33' title='bbox 238 627 292 659; x_wconf 82' lang='lat' dir='ltr'>vel</span> <span class='ocrx_word' id='word_1_34' title='bbox 321 627 551 665; x_wconf 75' lang='lat' dir='ltr'>coniecturas,</span> <span class='ocrx_word' id='word_1_35' title='bbox 577 624 700 668; x_wconf 88' lang='lat' dir='ltr'>quibus</span> <span class='ocrx_word' id='word_1_36' title='bbox 726 623 805 655; x_wconf 79' lang='lat' dir='ltr'>Viri</span> <span class='ocrx_word' id='word_1_37' title='bbox 829 622 925 654; x_wconf 81' lang='lat' dir='ltr'>docti</span> <span class='ocrx_word' id='word_1_38' title='bbox 950 621 1061 654; x_wconf 75' lang='lat' dir='ltr'>lucem</span> <span class='ocrx_word' id='word_1_39' title='bbox 1088 620 1142 652; x_wconf 92' lang='lat' dir='ltr'>his</span> <span class='ocrx_word' id='word_1_40' title='bbox 1166 619 1282 652; x_wconf 79' lang='lat' dir='ltr'>verbis</span> <span class='ocrx_word' id='word_1_41' title='bbox 1307 618 1485 651; x_wconf 80' lang='lat' dir='ltr'>all&#39;undere</span> <span class='ocrx_word' id='word_1_42' title='bbox 1506 624 1584 650; x_wconf 88' lang='lat' dir='ltr'>stu-</span> 
     </span>
     <span class='ocr_line' id='line_1_6' title="bbox 81 664 1585 716; baseline -0.007 -10"><span class='ocrx_word' id='word_1_43' title='bbox 81 675 250 711; x_wconf 82' lang='lat' dir='ltr'>duerunt,</span> <span class='ocrx_word' id='word_1_44' title='bbox 295 672 448 716; x_wconf 74' lang='lat' dir='ltr'>poteris,</span> <span class='ocrx_word' id='word_1_45' title='bbox 489 672 517 703; x_wconf 84' lang='lat' dir='ltr'>si</span> <span class='ocrx_word' id='word_1_46' title='bbox 543 682 672 714; x_wconf 85' lang='lat' dir='ltr'>operae</span> <span class='ocrx_word' id='word_1_47' title='bbox 701 669 849 714; x_wconf 88' lang='lat' dir='ltr'>pretium</span> <span class='ocrx_word' id='word_1_48' title='bbox 876 675 946 708; x_wconf 88' lang='lat' dir='ltr'>est,</span> <span class='ocrx_word' id='word_1_49' title='bbox 984 680 1025 699; x_wconf 83' lang='lat' dir='ltr'>ex</span> <span class='ocrx_word' id='word_1_50' title='bbox 1059 668 1164 700; x_wconf 86' lang='lat' dir='ltr'>Notis</span> <span class='ocrx_word' id='word_1_51' title='bbox 1201 665 1402 706; x_wconf 79' lang='lat' dir='ltr'>Burmanni,</span> <span class='ocrx_word' id='word_1_52' title='bbox 1446 664 1585 708; x_wconf 85' lang='lat' dir='ltr'>Heynii,</span> 
     </span>
     <span class='ocr_line' id='line_1_7' title="bbox 83 711 1584 760; baseline -0.005 -9"><span class='ocrx_word' id='word_1_53' title='bbox 83 719 363 758; x_wconf 63' lang='lat' dir='ltr'>XVunderlivliii,</span> <span class='ocrx_word' id='word_1_54' title='bbox 390 718 502 751; x_wconf 79' lang='lat' dir='ltr'>Iahnii</span> <span class='ocrx_word' id='word_1_55' title='bbox 533 728 757 760; x_wconf 79' lang='lat' dir='ltr'>cognoscere.</span> <span class='ocrx_word' id='word_1_56' title='bbox 814 717 1010 748; x_wconf 72' lang='lat' dir='ltr'>pronomen</span> <span class='ocrx_word' id='word_1_57' title='bbox 1044 716 1114 756; x_wconf 80' lang='lat' dir='ltr'>Qui</span> <span class='ocrx_word' id='word_1_58' title='bbox 1148 725 1218 745; x_wconf 91' lang='lat' dir='ltr'>non</span> <span class='ocrx_word' id='word_1_59' title='bbox 1254 724 1333 744; x_wconf 85' lang='lat' dir='ltr'>raro</span> <span class='ocrx_word' id='word_1_60' title='bbox 1359 712 1406 744; x_wconf 86' lang='lat' dir='ltr'>ita</span> <span class='ocrx_word' id='word_1_61' title='bbox 1430 711 1584 755; x_wconf 86' lang='lat' dir='ltr'>ponitur,</span> 
     </span>
     <span class='ocr_line' id='line_1_8' title="bbox 83 757 1586 810; baseline -0.007 -11"><span class='ocrx_word' id='word_1_62' title='bbox 83 775 118 799; x_wconf 89' lang='lat' dir='ltr'>ut</span> <span class='ocrx_word' id='word_1_63' title='bbox 151 767 312 805; x_wconf 88' lang='lat' dir='ltr'>modum,</span> <span class='ocrx_word' id='word_1_64' title='bbox 352 778 419 809; x_wconf 84' lang='lat' dir='ltr'>quo</span> <span class='ocrx_word' id='word_1_65' title='bbox 457 764 540 810; x_wconf 88' lang='lat' dir='ltr'>quid</span> <span class='ocrx_word' id='word_1_66' title='bbox 566 764 643 803; x_wconf 80' lang='lat' dir='ltr'>fiat,</span> <span class='ocrx_word' id='word_1_67' title='bbox 679 763 876 806; x_wconf 85' lang='lat' dir='ltr'>similesque</span> <span class='ocrx_word' id='word_1_68' title='bbox 906 761 1068 793; x_wconf 80' lang='lat' dir='ltr'>notiones</span> <span class='ocrx_word' id='word_1_69' title='bbox 1101 759 1273 797; x_wconf 85' lang='lat' dir='ltr'>includat3</span> <span class='ocrx_word' id='word_1_70' title='bbox 1311 758 1406 802; x_wconf 84' lang='lat' dir='ltr'>quod</span> <span class='ocrx_word' id='word_1_71' title='bbox 1438 757 1586 790; x_wconf 90' lang='lat' dir='ltr'>omnium</span> 
     </span>
     <span class='ocr_line' id='line_1_9' title="bbox 84 804 1587 858; baseline -0.007 -12"><span class='ocrx_word' id='word_1_72' title='bbox 84 813 215 858; x_wconf 85' lang='lat' dir='ltr'>optime</span> <span class='ocrx_word' id='word_1_73' title='bbox 240 812 448 855; x_wconf 77' lang='lat' dir='ltr'>intelligitur</span> <span class='ocrx_word' id='word_1_74' title='bbox 477 823 518 843; x_wconf 85' lang='lat' dir='ltr'>ex</span> <span class='ocrx_word' id='word_1_75' title='bbox 543 812 605 842; x_wconf 81' lang='lat' dir='ltr'>Ge.</span> <span class='ocrx_word' id='word_1_76' title='bbox 631 811 672 851; x_wconf 86' lang='grc' dir='ltr'>ΙΙ,</span> <span class='ocrx_word' id='word_1_77' title='bbox 696 810 776 844; x_wconf 70' lang='lat'><strong>269.</strong></span> <span class='ocrx_word' id='word_1_78' title='bbox 803 821 899 853; x_wconf 87' lang='lat' dir='ltr'>sqq.:</span> <span class='ocrx_word' id='word_1_79' title='bbox 943 807 1057 848; x_wconf 82' lang='lat' dir='ltr'>„Quin</span> <span class='ocrx_word' id='word_1_80' title='bbox 1094 807 1197 839; x_wconf 85' lang='lat' dir='ltr'>etiam</span> <span class='ocrx_word' id='word_1_81' title='bbox 1229 805 1317 838; x_wconf 82' lang='lat' dir='ltr'>caeli</span> <span class='ocrx_word' id='word_1_82' title='bbox 1348 804 1527 848; x_wconf 73' lang='lat' dir='ltr'>regionem</span> <span class='ocrx_word' id='word_1_83' title='bbox 1551 805 1587 837; x_wconf 87' lang='lat' dir='ltr'>in</span> 
     </span>
     <span class='ocr_line' id='line_1_10' title="bbox 81 851 1586 902; baseline -0.006 -10"><span class='ocrx_word' id='word_1_84' title='bbox 81 860 209 893; x_wconf 83' lang='lat' dir='ltr'>cortice</span> <span class='ocrx_word' id='word_1_85' title='bbox 234 859 392 902; x_wconf 73' lang='lat' dir='ltr'>signant,</span> <span class='ocrx_word' id='word_1_86' title='bbox 430 860 474 890; x_wconf 88' lang='lat' dir='ltr'>Ut</span> <span class='ocrx_word' id='word_1_87' title='bbox 500 869 584 901; x_wconf 88' lang='lat' dir='ltr'>qno</span> <span class='ocrx_word' id='word_1_88' title='bbox 611 868 767 900; x_wconf 83' lang='lat' dir='ltr'>quaeque</span> <span class='ocrx_word' id='word_1_89' title='bbox 791 855 923 887; x_wconf 87' lang='lat' dir='ltr'>modo</span> <span class='ocrx_word' id='word_1_90' title='bbox 949 854 1109 894; x_wconf 76' lang='lat' dir='ltr'>steterit,</span> <span class='ocrx_word' id='word_1_91' title='bbox 1142 865 1206 896; x_wconf 87' lang='lat' dir='ltr'>qua</span> <span class='ocrx_word' id='word_1_92' title='bbox 1232 859 1332 896; x_wconf 76' lang='lat' dir='ltr'>parte</span> <span class='ocrx_word' id='word_1_93' title='bbox 1355 851 1488 884; x_wconf 85' lang='lat' dir='ltr'>calores</span> <span class='ocrx_word' id='word_1_94' title='bbox 1512 854 1586 883; x_wconf 85' lang='lat' dir='ltr'>Au-</span> 
     </span>
     <span class='ocr_line' id='line_1_11' title="bbox 81 898 1585 948; baseline -0.007 -9"><span class='ocrx_word' id='word_1_95' title='bbox 81 907 210 940; x_wconf 83' lang='lat' dir='ltr'>strinos</span> <span class='ocrx_word' id='word_1_96' title='bbox 234 905 375 946; x_wconf 82' lang='lat' dir='ltr'>tulerit,</span> <span class='ocrx_word' id='word_1_97' title='bbox 402 918 421 948; x_wconf 88' lang='lat' dir='ltr'>q</span> <span class='ocrx_word' id='word_1_98' title='bbox 438 916 515 936; x_wconf 85' lang='lat' dir='ltr'>uae</span> <span class='ocrx_word' id='word_1_99' title='bbox 542 911 675 946; x_wconf 84' lang='lat' dir='ltr'>terga</span> <span class='ocrx_word' id='word_1_100' title='bbox 701 901 895 935; x_wconf 79' lang='lat' dir='ltr'>obverterit</span> <span class='ocrx_word' id='word_1_101' title='bbox 919 901 993 941; x_wconf 83' lang='lat' dir='ltr'>axi,</span> <span class='ocrx_word' id='word_1_102' title='bbox 1017 900 1248 933; x_wconf 83' lang='lat' dir='ltr'>Restituant.“</span> <span class='ocrx_word' id='word_1_103' title='bbox 1297 901 1382 931; x_wconf 75' lang='lat' dir='ltr'>Aen.</span> <span class='ocrx_word' id='word_1_104' title='bbox 1405 898 1468 939; x_wconf 81' lang='lat' dir='ltr'>IX,</span> <span class='ocrx_word' id='word_1_105' title='bbox 1487 898 1585 932; x_wconf 80' lang='lat'>399.:</span> 
     </span>
     <span class='ocr_line' id='line_1_12' title="bbox 82 944 1588 995; baseline -0.005 -10"><span class='ocrx_word' id='word_1_106' title='bbox 82 953 198 995; x_wconf 83' lang='lat' dir='ltr'>„Quid</span> <span class='ocrx_word' id='word_1_107' title='bbox 224 951 351 985; x_wconf 49' lang='lat' dir='ltr'>facias&gt;</span> <span class='ocrx_word' id='word_1_108' title='bbox 378 963 463 995; x_wconf 84' lang='lat' dir='ltr'>qua</span> <span class='ocrx_word' id='word_1_109' title='bbox 487 950 533 982; x_wconf 91' lang='lat' dir='ltr'>vi</span> <span class='ocrx_word' id='word_1_110' title='bbox 560 949 730 990; x_wconf 83' lang='lat' dir='ltr'>iuvenem,</span> <span class='ocrx_word' id='word_1_111' title='bbox 756 962 777 993; x_wconf 91' lang='lat' dir='ltr'>q</span> <span class='ocrx_word' id='word_1_112' title='bbox 789 949 923 980; x_wconf 88' lang='lat' dir='ltr'>uibus</span> <span class='ocrx_word' id='word_1_113' title='bbox 949 947 1074 980; x_wconf 80' lang='lat' dir='ltr'><strong>audeat</strong></span> <span class='ocrx_word' id='word_1_114' title='bbox 1099 945 1237 979; x_wconf 85' lang='lat' dir='ltr'>armis</span> <span class='ocrx_word' id='word_1_115' title='bbox 1262 944 1463 989; x_wconf 77' lang='lat' dir='ltr'>Eripere?“</span> <span class='ocrx_word' id='word_1_116' title='bbox 1488 944 1588 977; x_wconf 83' lang='lat' dir='ltr'>Adde</span> 
     </span>
     <span class='ocr_line' id='line_1_13' title="bbox 81 993 1587 1041; baseline -0.007 -8"><span class='ocrx_word' id='word_1_117' title='bbox 81 1000 152 1033; x_wconf 70' lang='lat' dir='ltr'>Ecl.</span> <span class='ocrx_word' id='word_1_118' title='bbox 177 1000 238 1041; x_wconf 83' lang='lat' dir='ltr'>VI,</span> <span class='ocrx_word' id='word_1_119' title='bbox 263 1000 319 1033; x_wconf 83' lang='lat'>78.</span> <span class='ocrx_word' id='word_1_120' title='bbox 346 1010 439 1041; x_wconf 82' lang='lat' dir='ltr'>sqq.:</span> <span class='ocrx_word' id='word_1_121' title='bbox 464 1000 555 1038; x_wconf 76' lang='lat' dir='ltr'>„Aut</span> <span class='ocrx_word' id='word_1_122' title='bbox 580 1002 616 1028; x_wconf 80' lang='lat' dir='ltr'>nt</span> <span class='ocrx_word' id='word_1_123' title='bbox 641 1003 790 1028; x_wconf 82' lang='lat' dir='ltr'>mutatos</span> <span class='ocrx_word' id='word_1_124' title='bbox 816 994 922 1028; x_wconf 81' lang='lat' dir='ltr'>Terei</span> <span class='ocrx_word' id='word_1_125' title='bbox 953 993 1146 1026; x_wconf 84' lang='lat' dir='ltr'>narraverit</span> <span class='ocrx_word' id='word_1_126' title='bbox 1171 999 1286 1033; x_wconf 83' lang='lat' dir='ltr'>artus,</span> <span class='ocrx_word' id='word_1_127' title='bbox 1321 995 1416 1031; x_wconf 79' lang='lat' dir='ltr'>Quo</span> <span class='ocrx_word' id='word_1_128' title='bbox 1450 1003 1587 1023; x_wconf 92' lang='lat' dir='ltr'>cursu</span> 
     </span>
     <span class='ocr_line' id='line_1_14' title="bbox 82 1037 1588 1089; baseline -0.007 -10"><span class='ocrx_word' id='word_1_129' title='bbox 82 1048 222 1079; x_wconf 76' lang='lat' dir='ltr'>deserta</span> <span class='ocrx_word' id='word_1_130' title='bbox 259 1044 444 1089; x_wconf 75' lang='lat' dir='ltr'>petiverit,</span> <span class='ocrx_word' id='word_1_131' title='bbox 489 1050 524 1075; x_wconf 84' lang='lat' dir='ltr'>ct</span> <span class='ocrx_word' id='word_1_132' title='bbox 558 1055 579 1086; x_wconf 87' lang='lat' dir='ltr'>q</span> <span class='ocrx_word' id='word_1_133' title='bbox 596 1041 731 1075; x_wconf 86' lang='lat' dir='ltr'>uibus</span> <span class='ocrx_word' id='word_1_134' title='bbox 768 1049 846 1074; x_wconf 87' lang='lat' dir='ltr'>ante</span> <span class='ocrx_word' id='word_1_135' title='bbox 884 1041 1009 1073; x_wconf 84' lang='lat' dir='ltr'>Infelix</span> <span class='ocrx_word' id='word_1_136' title='bbox 1050 1052 1110 1073; x_wconf 88' lang='lat' dir='ltr'>sua</span> <span class='ocrx_word' id='word_1_137' title='bbox 1144 1046 1238 1072; x_wconf 84' lang='lat' dir='ltr'>&#39;tecta</span> <span class='ocrx_word' id='word_1_138' title='bbox 1281 1037 1588 1082; x_wconf 82' lang='lat' dir='ltr'>supervolitaverit</span> 
     </span>
     <span class='ocr_line' id='line_1_15' title="bbox 81 1086 1588 1126; baseline -0.007 0"><span class='ocrx_word' id='word_1_139' title='bbox 81 1092 226 1126; x_wconf 80' lang='lat' dir='ltr'>alis?“</span> <span class='ocrx_word' id='word_1_140' title='bbox 253 1092 274 1124; x_wconf 93' lang='lat' dir='ltr'>i.</span> <span class='ocrx_word' id='word_1_141' title='bbox 304 1103 333 1123; x_wconf 92' lang='lat' dir='ltr'>e.</span> <span class='ocrx_word' id='word_1_142' title='bbox 361 1099 409 1122; x_wconf 74' lang='grc' dir='ltr'>ιιι</span> <span class='ocrx_word' id='word_1_143' title='bbox 432 1102 505 1123; x_wconf 87' lang='lat' dir='ltr'>non</span> <span class='ocrx_word' id='word_1_144' title='bbox 533 1091 669 1122; x_wconf 70' lang='lat' dir='ltr'>usitato</span> <span class='ocrx_word' id='word_1_145' title='bbox 695 1101 804 1121; x_wconf 74' lang='lat' dir='ltr'>cursu</span> <span class='ocrx_word' id='word_1_146' title='bbox 831 1097 865 1120; x_wconf 72' lang='lat' dir='ltr'>et</span> <span class='ocrx_word' id='word_1_147' title='bbox 893 1096 940 1120; x_wconf 76' lang='lat' dir='ltr'>uc</span> <span class='ocrx_word' id='word_1_148' title='bbox 965 1088 1036 1120; x_wconf 73' lang='lat' dir='ltr'>alis</span> <span class='ocrx_word' id='word_1_149' title='bbox 1060 1093 1126 1119; x_wconf 77' lang='lat' dir='ltr'>cet.</span> <span class='ocrx_word' id='word_1_150' title='bbox 1161 1089 1247 1119; x_wconf 81' lang='lat' dir='ltr'>Aen.</span> <span class='ocrx_word' id='word_1_151' title='bbox 1272 1087 1311 1125; x_wconf 90' lang='grc' dir='ltr'>ΙΙ,</span> <span class='ocrx_word' id='word_1_152' title='bbox 1337 1086 1435 1119; x_wconf 83' lang='grc'>606.;</span> <span class='ocrx_word' id='word_1_153' title='bbox 1462 1090 1588 1125; x_wconf 88' lang='lat' dir='ltr'>„tune</span> 
     </span>
     <span class='ocr_line' id='line_1_16' title="bbox 82 1130 1590 1184; baseline -0.007 -12"><span class='ocrx_word' id='word_1_154' title='bbox 82 1152 166 1184; x_wconf 86' lang='lat' dir='ltr'>qua</span> <span class='ocrx_word' id='word_1_155' title='bbox 191 1138 345 1182; x_wconf 83' lang='lat' dir='ltr'>parentis</span> <span class='ocrx_word' id='word_1_156' title='bbox 371 1139 502 1169; x_wconf 84' lang='lat' dir='ltr'>Iussa</span> <span class='ocrx_word' id='word_1_157' title='bbox 527 1136 660 1175; x_wconf 81' lang='lat' dir='ltr'>time;“</span> <span class='ocrx_word' id='word_1_158' title='bbox 712 1135 733 1167; x_wconf 91' lang='lat' dir='ltr'>i.</span> <span class='ocrx_word' id='word_1_159' title='bbox 761 1147 789 1167; x_wconf 88' lang='lat' dir='ltr'>e.</span> <span class='ocrx_word' id='word_1_160' title='bbox 814 1147 861 1167; x_wconf 82' lang='lat' dir='ltr'>ne</span> <span class='ocrx_word' id='word_1_161' title='bbox 893 1147 980 1179; x_wconf 74' lang='lat' dir='ltr'>quo</span> <span class='ocrx_word' id='word_1_162' title='bbox 1016 1134 1166 1171; x_wconf 83' lang='lat' dir='ltr'>modo,</span> <span class='ocrx_word' id='word_1_163' title='bbox 1214 1144 1261 1164; x_wconf 83' lang='lat' dir='ltr'>ne</span> <span class='ocrx_word' id='word_1_164' title='bbox 1284 1130 1430 1176; x_wconf 76' lang='lat' dir='ltr'>sorte</span> <span class='ocrx_word' id='word_1_165' title='bbox 1460 1132 1590 1163; x_wconf 74' lang='lat' dir='ltr'>timeas</span> 
     </span>
     <span class='ocr_line' id='line_1_17' title="bbox 81 1178 1587 1225; baseline -0.007 -6"><span class='ocrx_word' id='word_1_166' title='bbox 81 1189 181 1220; x_wconf 74' lang='lat' dir='ltr'>iussa</span> <span class='ocrx_word' id='word_1_167' title='bbox 207 1186 310 1217; x_wconf 78' lang='lat' dir='ltr'>modo</span> <span class='ocrx_word' id='word_1_168' title='bbox 337 1184 472 1216; x_wconf 80' lang='lat' dir='ltr'>danda.</span> <span class='ocrx_word' id='word_1_169' title='bbox 509 1182 618 1215; x_wconf 83' lang='lat' dir='ltr'>Catal.</span> <span class='ocrx_word' id='word_1_170' title='bbox 644 1183 735 1220; x_wconf 76' lang='lat' dir='ltr'>VIII,</span> <span class='ocrx_word' id='word_1_171' title='bbox 763 1184 838 1216; x_wconf 87' lang='lat' dir='ltr'>lO.:</span> <span class='ocrx_word' id='word_1_172' title='bbox 872 1193 939 1221; x_wconf 85' lang='lat' dir='ltr'>„ne</span> <span class='ocrx_word' id='word_1_173' title='bbox 966 1192 1049 1225; x_wconf 87' lang='lat' dir='ltr'>qua</span> <span class='ocrx_word' id='word_1_174' title='bbox 1074 1179 1265 1220; x_wconf 85' lang='lat' dir='ltr'>sordidum,</span> <span class='ocrx_word' id='word_1_175' title='bbox 1290 1178 1371 1220; x_wconf 81' lang='lat' dir='ltr'>iugo</span> <span class='ocrx_word' id='word_1_176' title='bbox 1396 1178 1587 1216; x_wconf 79' lang='lat' dir='ltr'>Premente,</span> 
     </span>
     <span class='ocr_line' id='line_1_18' title="bbox 82 1224 1589 1271; baseline -0.007 -7"><span class='ocrx_word' id='word_1_177' title='bbox 82 1234 166 1265; x_wconf 87' lang='lat' dir='ltr'>dura</span> <span class='ocrx_word' id='word_1_178' title='bbox 199 1231 321 1264; x_wconf 82' lang='lat' dir='ltr'>volnus</span> <span class='ocrx_word' id='word_1_179' title='bbox 353 1231 475 1262; x_wconf 82' lang='lat' dir='ltr'>ederet</span> <span class='ocrx_word' id='word_1_180' title='bbox 506 1229 581 1261; x_wconf 89' lang='lat' dir='ltr'>iub</span> <span class='ocrx_word' id='word_1_181' title='bbox 595 1231 664 1268; x_wconf 81' lang='lat' dir='ltr'>a;“</span> <span class='ocrx_word' id='word_1_182' title='bbox 709 1228 767 1260; x_wconf 86' lang='lat' dir='ltr'>ubi</span> <span class='ocrx_word' id='word_1_183' title='bbox 804 1227 1014 1271; x_wconf 80' lang='lat' dir='ltr'>iungendum</span> <span class='ocrx_word' id='word_1_184' title='bbox 1048 1227 1145 1259; x_wconf 77' lang='lat' dir='ltr'>dura</span> <span class='ocrx_word' id='word_1_185' title='bbox 1181 1237 1253 1270; x_wconf 79' lang='lat' dir='ltr'>qua</span> <span class='ocrx_word' id='word_1_186' title='bbox 1283 1224 1387 1261; x_wconf 74' lang='grc' dir='ltr'><em>ιἰιὺας</em></span> <span class='ocrx_word' id='word_1_187' title='bbox 1426 1224 1589 1267; x_wconf 78' lang='lat' dir='ltr'>leguntur</span> 
     </span>
     <span class='ocr_line' id='line_1_19' title="bbox 84 1269 1588 1317; baseline -0.007 -6"><span class='ocrx_word' id='word_1_188' title='bbox 84 1279 175 1311; x_wconf 83' lang='lat' dir='ltr'>enim</span> <span class='ocrx_word' id='word_1_189' title='bbox 211 1278 298 1310; x_wconf 78' lang='lat' dir='ltr'>haec</span> <span class='ocrx_word' id='word_1_190' title='bbox 336 1277 373 1309; x_wconf 85' lang='lat' dir='ltr'>in</span> <span class='ocrx_word' id='word_1_191' title='bbox 406 1276 555 1309; x_wconf 79' lang='lat' dir='ltr'>carmine</span> <span class='ocrx_word' id='word_1_192' title='bbox 588 1274 691 1307; x_wconf 68' lang='lat' dir='ltr'>meris</span> <span class='ocrx_word' id='word_1_193' title='bbox 729 1274 852 1307; x_wconf 78' lang='lat' dir='ltr'>iambis</span> <span class='ocrx_word' id='word_1_194' title='bbox 888 1273 1094 1317; x_wconf 79' lang='lat' dir='ltr'>compositO.</span> <span class='ocrx_word' id='word_1_195' title='bbox 1158 1274 1281 1314; x_wconf 86' lang='lat' dir='ltr'>Neque</span> <span class='ocrx_word' id='word_1_196' title='bbox 1316 1270 1418 1302; x_wconf 86' lang='lat' dir='ltr'>aliter</span> <span class='ocrx_word' id='word_1_197' title='bbox 1453 1269 1588 1313; x_wconf 86' lang='lat' dir='ltr'>accipio</span> 
     </span>
     <span class='ocr_line' id='line_1_20' title="bbox 82 1317 1590 1366; baseline -0.006 -9"><span class='ocrx_word' id='word_1_198' title='bbox 82 1330 166 1358; x_wconf 77' lang='lat' dir='ltr'>Aen.</span> <span class='ocrx_word' id='word_1_199' title='bbox 192 1326 233 1365; x_wconf 89' lang='grc' dir='ltr'>ΙΙ,</span> <span class='ocrx_word' id='word_1_200' title='bbox 257 1325 354 1359; x_wconf 71' lang='grc' dir='ltr'><em>322.ῑ</em></span> <span class='ocrx_word' id='word_1_201' title='bbox 383 1335 437 1366; x_wconf 83' lang='lat' dir='ltr'>„q</span> <span class='ocrx_word' id='word_1_202' title='bbox 449 1334 539 1354; x_wconf 91' lang='lat' dir='ltr'>uam</span> <span class='ocrx_word' id='word_1_203' title='bbox 566 1321 763 1365; x_wconf 83' lang='lat' dir='ltr'>prendimus</span> <span class='ocrx_word' id='word_1_204' title='bbox 790 1320 985 1353; x_wconf 70' lang='lat' dir='ltr'>arcem?“</span> <span class='ocrx_word' id='word_1_205' title='bbox 1017 1319 1039 1352; x_wconf 82' lang='lat' dir='ltr'>i.</span> <span class='ocrx_word' id='word_1_206' title='bbox 1069 1331 1098 1352; x_wconf 85' lang='lat' dir='ltr'>e.</span> <span class='ocrx_word' id='word_1_207' title='bbox 1125 1317 1354 1363; x_wconf 75' lang='lat' dir='ltr'>quomodo</span> <span class='ocrx_word' id='word_1_208' title='bbox 1374 1317 1590 1362; x_wconf 73' lang='lat' dir='ltr'>prendimus</span> 
     </span>
     <span class='ocr_line' id='line_1_21' title="bbox 84 1363 1588 1411; baseline -0.007 -6"><span class='ocrx_word' id='word_1_209' title='bbox 84 1385 222 1411; x_wconf 79' lang='lat' dir='ltr'>arcem3</span> <span class='ocrx_word' id='word_1_210' title='bbox 279 1369 455 1410; x_wconf 82' lang='lat' dir='ltr'>Panthus,</span> <span class='ocrx_word' id='word_1_211' title='bbox 498 1369 584 1400; x_wconf 80' lang='lat' dir='ltr'>haee</span> <span class='ocrx_word' id='word_1_212' title='bbox 625 1368 881 1411; x_wconf 81' lang='lat' dir='ltr'>interrogatus,</span> <span class='ocrx_word' id='word_1_213' title='bbox 924 1367 1000 1410; x_wconf 88' lang='lat' dir='ltr'>ipse</span> <span class='ocrx_word' id='word_1_214' title='bbox 1033 1365 1138 1409; x_wconf 87' lang='lat' dir='ltr'>paulo</span> <span class='ocrx_word' id='word_1_215' title='bbox 1172 1370 1252 1396; x_wconf 85' lang='lat' dir='ltr'>ante</span> <span class='ocrx_word' id='word_1_216' title='bbox 1287 1371 1428 1395; x_wconf 75' lang='lat' dir='ltr'>vocatur</span> <span class='ocrx_word' id='word_1_217' title='bbox 1464 1363 1588 1395; x_wconf 88' lang='lat' dir='ltr'>arcis</span> 
     </span>
     <span class='ocr_line' id='line_1_22' title="bbox 83 1410 1588 1461; baseline -0.006 -11"><span class='ocrx_word' id='word_1_218' title='bbox 83 1417 285 1461; x_wconf 80' lang='lat' dir='ltr'>Phoebique</span> <span class='ocrx_word' id='word_1_219' title='bbox 311 1416 496 1454; x_wconf 80' lang='lat' dir='ltr'>sacerd053</span> <span class='ocrx_word' id='word_1_220' title='bbox 523 1414 648 1458; x_wconf 81' lang='lat' dir='ltr'>lleynii</span> <span class='ocrx_word' id='word_1_221' title='bbox 675 1414 860 1458; x_wconf 59' lang='lat' dir='ltr'>explicatio</span> <span class='ocrx_word' id='word_1_222' title='bbox 887 1426 980 1458; x_wconf 77' lang='lat' dir='ltr'>„quo</span> <span class='ocrx_word' id='word_1_223' title='bbox 1006 1410 1260 1457; x_wconf 74' lang='lat' dir='ltr'>Confitgz&#39;mus“</span> <span class='ocrx_word' id='word_1_224' title='bbox 1284 1410 1400 1442; x_wconf 83' lang='lat' dir='ltr'>aliena</span> <span class='ocrx_word' id='word_1_225' title='bbox 1427 1416 1490 1441; x_wconf 89' lang='lat' dir='ltr'>est.</span> <span class='ocrx_word' id='word_1_226' title='bbox 1514 1410 1588 1442; x_wconf 87' lang='lat' dir='ltr'>Eo—</span> 
     </span>
     <span class='ocr_line' id='line_1_23' title="bbox 84 1456 1588 1505; baseline -0.007 -8"><span class='ocrx_word' id='word_1_227' title='bbox 84 1466 161 1497; x_wconf 86' lang='lat' dir='ltr'>dem</span> <span class='ocrx_word' id='word_1_228' title='bbox 187 1463 371 1496; x_wconf 79' lang='lat' dir='ltr'>referenda</span> <span class='ocrx_word' id='word_1_229' title='bbox 397 1468 495 1503; x_wconf 86' lang='lat' dir='ltr'>sunt,</span> <span class='ocrx_word' id='word_1_230' title='bbox 533 1473 618 1505; x_wconf 88' lang='lat' dir='ltr'>quae</span> <span class='ocrx_word' id='word_1_231' title='bbox 645 1461 808 1503; x_wconf 81' lang='lat' dir='ltr'>leguntur</span> <span class='ocrx_word' id='word_1_232' title='bbox 834 1462 896 1493; x_wconf 78' lang='lat' dir='ltr'>Ge.</span> <span class='ocrx_word' id='word_1_233' title='bbox 921 1461 980 1500; x_wconf 88' lang='lat' dir='ltr'>IV,</span> <span class='ocrx_word' id='word_1_234' title='bbox 1006 1458 1107 1492; x_wconf 85' lang='lat'><strong>505.:</strong></span> <span class='ocrx_word' id='word_1_235' title='bbox 1153 1460 1216 1499; x_wconf 84' lang='lat' dir='ltr'>„Q</span> <span class='ocrx_word' id='word_1_236' title='bbox 1230 1468 1280 1488; x_wconf 95' lang='lat' dir='ltr'>uo</span> <span class='ocrx_word' id='word_1_237' title='bbox 1316 1456 1432 1488; x_wconf 80' lang='lat' dir='ltr'>fletu</span> <span class='ocrx_word' id='word_1_238' title='bbox 1456 1457 1588 1496; x_wconf 81' lang='lat' dir='ltr'>Manes,</span> 
     </span>
     <span class='ocr_line' id='line_1_24' title="bbox 85 1502 1590 1555; baseline -0.007 -11"><span class='ocrx_word' id='word_1_239' title='bbox 85 1523 136 1555; x_wconf 89' lang='lat' dir='ltr'>qu</span> <span class='ocrx_word' id='word_1_240' title='bbox 152 1524 170 1543; x_wconf 87' lang='lat' dir='ltr'>a</span> <span class='ocrx_word' id='word_1_241' title='bbox 195 1509 341 1543; x_wconf 80' lang='lat' dir='ltr'>Numina</span> <span class='ocrx_word' id='word_1_242' title='bbox 366 1520 474 1540; x_wconf 85' lang='lat' dir='ltr'>voce</span> <span class='ocrx_word' id='word_1_243' title='bbox 500 1507 710 1540; x_wconf 75' lang='lat' dir='ltr'>moveret?“</span> <span class='ocrx_word' id='word_1_244' title='bbox 736 1508 759 1539; x_wconf 88' lang='lat' dir='ltr'>i.</span> <span class='ocrx_word' id='word_1_245' title='bbox 787 1519 815 1540; x_wconf 75' lang='lat' dir='ltr'>e,</span> <span class='ocrx_word' id='word_1_246' title='bbox 841 1506 900 1551; x_wconf 86' lang='lat' dir='ltr'>qui</span> <span class='ocrx_word' id='word_1_247' title='bbox 924 1506 1000 1538; x_wconf 82' lang='lat' dir='ltr'>fieri</span> <span class='ocrx_word' id='word_1_248' title='bbox 1023 1510 1165 1549; x_wconf 84' lang='lat' dir='ltr'>posset,</span> <span class='ocrx_word' id='word_1_249' title='bbox 1199 1509 1237 1535; x_wconf 90' lang='lat' dir='ltr'>nt</span> <span class='ocrx_word' id='word_1_250' title='bbox 1262 1502 1332 1535; x_wconf 91' lang='lat' dir='ltr'>ullo</span> <span class='ocrx_word' id='word_1_251' title='bbox 1358 1502 1442 1534; x_wconf 86' lang='lat' dir='ltr'>fletu</span> <span class='ocrx_word' id='word_1_252' title='bbox 1465 1513 1590 1534; x_wconf 90' lang='lat' dir='ltr'>move-</span> 
     </span>
     <span class='ocr_line' id='line_1_25' title="bbox 84 1548 1589 1598; baseline -0.007 -8"><span class='ocrx_word' id='word_1_253' title='bbox 84 1557 165 1590; x_wconf 80' lang='lat' dir='ltr'>ret?</span> <span class='ocrx_word' id='word_1_254' title='bbox 190 1561 273 1589; x_wconf 87' lang='lat' dir='ltr'>Aen.</span> <span class='ocrx_word' id='word_1_255' title='bbox 299 1556 358 1595; x_wconf 72' lang='lat' dir='ltr'>lv,</span> <span class='ocrx_word' id='word_1_256' title='bbox 382 1556 461 1589; x_wconf 69' lang='lat'>428.</span> <span class='ocrx_word' id='word_1_257' title='bbox 483 1566 551 1598; x_wconf 84' lang='lat' dir='ltr'>sq.:</span> <span class='ocrx_word' id='word_1_258' title='bbox 598 1554 687 1594; x_wconf 87' lang='lat' dir='ltr'>„Cur</span> <span class='ocrx_word' id='word_1_259' title='bbox 719 1566 795 1586; x_wconf 89' lang='lat' dir='ltr'>mea</span> <span class='ocrx_word' id='word_1_260' title='bbox 821 1554 913 1586; x_wconf 86' lang='lat' dir='ltr'>dicta</span> <span class='ocrx_word' id='word_1_261' title='bbox 938 1558 1041 1596; x_wconf 81' lang='lat' dir='ltr'>negat</span> <span class='ocrx_word' id='word_1_262' title='bbox 1065 1551 1169 1583; x_wconf 83' lang='lat' dir='ltr'>duras</span> <span class='ocrx_word' id='word_1_263' title='bbox 1195 1549 1379 1582; x_wconf 85' lang='lat' dir='ltr'>demittere</span> <span class='ocrx_word' id='word_1_264' title='bbox 1404 1548 1440 1580; x_wconf 87' lang='lat' dir='ltr'>in</span> <span class='ocrx_word' id='word_1_265' title='bbox 1464 1548 1589 1581; x_wconf 81' lang='lat' dir='ltr'>aures?</span> 
     </span>
     <span class='ocr_line' id='line_1_26' title="bbox 86 1596 1590 1645; baseline -0.007 -9"><span class='ocrx_word' id='word_1_266' title='bbox 86 1606 176 1644; x_wconf 87' lang='lat' dir='ltr'>Quo</span> <span class='ocrx_word' id='word_1_267' title='bbox 203 1602 356 1635; x_wconf 81' lang='lat' dir='ltr'>ruit?“</span> <span class='ocrx_word' id='word_1_268' title='bbox 382 1613 493 1645; x_wconf 86' lang='lat' dir='ltr'>neque</span> <span class='ocrx_word' id='word_1_269' title='bbox 521 1600 610 1632; x_wconf 90' lang='lat' dir='ltr'>enim</span> <span class='ocrx_word' id='word_1_270' title='bbox 635 1600 671 1632; x_wconf 91' lang='lat' dir='ltr'>id</span> <span class='ocrx_word' id='word_1_271' title='bbox 701 1600 789 1633; x_wconf 85' lang='lat' dir='ltr'>scire</span> <span class='ocrx_word' id='word_1_272' title='bbox 815 1600 889 1633; x_wconf 87' lang='lat' dir='ltr'>vult</span> <span class='ocrx_word' id='word_1_273' title='bbox 913 1599 1024 1640; x_wconf 89' lang='lat' dir='ltr'>Dido,</span> <span class='ocrx_word' id='word_1_274' title='bbox 1060 1608 1143 1641; x_wconf 89' lang='lat' dir='ltr'>quo</span> <span class='ocrx_word' id='word_1_275' title='bbox 1171 1596 1274 1629; x_wconf 86' lang='lat' dir='ltr'>abeat</span> <span class='ocrx_word' id='word_1_276' title='bbox 1299 1599 1453 1637; x_wconf 84' lang='lat' dir='ltr'>Aeneas,</span> <span class='ocrx_word' id='word_1_277' title='bbox 1489 1607 1590 1639; x_wconf 84' lang='lat' dir='ltr'>quam</span> 
     </span>
    </p>
   </div>
   <div class='ocr_carea' id='block_1_4' title="bbox 85 1649 397 1682">
    <p class='ocr_par' dir='ltr' id='par_1_4' title="bbox 85 1649 397 1682">
     <span class='ocr_line' id='line_1_27' title="bbox 85 1649 397 1682; baseline -0.01 0"><span class='ocrx_word' id='word_1_278' title='bbox 85 1663 102 1682; x_wconf 83' lang='lat' dir='ltr'><strong>c</strong></span> <span class='ocrx_word' id='word_1_279' title='bbox 115 1663 133 1682; x_wconf 83' lang='lat' dir='ltr'>u</span> <span class='ocrx_word' id='word_1_280' title='bbox 146 1663 162 1682; x_wconf 92' lang='lat' dir='ltr'>r</span> <span class='ocrx_word' id='word_1_281' title='bbox 188 1650 255 1682; x_wconf 90' lang='lat' dir='ltr'>alio</span> <span class='ocrx_word' id='word_1_282' title='bbox 283 1649 397 1682; x_wconf 83' lang='lat' dir='ltr'>abeat.</span> 
     </span>
    </p>
   </div>
   <div class='ocr_carea' id='block_1_5' title="bbox 83 1755 810 3009">
    <p class='ocr_par' dir='ltr' id='par_1_5' title="bbox 83 1755 810 3009">
     <span class='ocr_line' id='line_1_28' title="bbox 85 1755 809 1805; baseline -0.006 -12"><span class='ocrx_word' id='word_1_283' title='bbox 85 1755 143 1793; x_wconf 79' lang='lat' dir='ltr'>acl</span> <span class='ocrx_word' id='word_1_284' title='bbox 160 1756 433 1792; x_wconf 69' lang='lat' dir='ltr'>Romanorum</span> <span class='ocrx_word' id='word_1_285' title='bbox 461 1755 655 1805; x_wconf 76' lang='lat' dir='ltr'>originem</span> <span class='ocrx_word' id='word_1_286' title='bbox 675 1758 809 1790; x_wconf 81' lang='lat' dir='ltr'>retra-</span> 
     </span>
     <span class='ocr_line' id='line_1_29' title="bbox 83 1811 809 1862; baseline -0.003 -12"><span class='ocrx_word' id='word_1_287' title='bbox 83 1813 146 1850; x_wconf 71' lang='lat' dir='ltr'>xit</span> <span class='ocrx_word' id='word_1_288' title='bbox 173 1827 217 1850; x_wconf 85' lang='lat' dir='ltr'>ac</span> <span class='ocrx_word' id='word_1_289' title='bbox 245 1812 436 1860; x_wconf 73' lang='lat' dir='ltr'>deduxit,</span> <span class='ocrx_word' id='word_1_290' title='bbox 469 1811 647 1862; x_wconf 79' lang='lat' dir='ltr'>adeoque</span> <span class='ocrx_word' id='word_1_291' title='bbox 676 1823 809 1861; x_wconf 76' lang='lat' dir='ltr'>popu-</span> 
     </span>
     <span class='ocr_line' id='line_1_30' title="bbox 83 1867 809 1908; baseline -0.004 -1"><span class='ocrx_word' id='word_1_292' title='bbox 83 1870 226 1908; x_wconf 86' lang='lat' dir='ltr'>larium</span> <span class='ocrx_word' id='word_1_293' title='bbox 251 1868 416 1908; x_wconf 76' lang='lat' dir='ltr'>suo&#39;rum</span> <span class='ocrx_word' id='word_1_294' title='bbox 438 1868 618 1906; x_wconf 81' lang='lat' dir='ltr'>studium</span> <span class='ocrx_word' id='word_1_295' title='bbox 641 1867 809 1905; x_wconf 85' lang='lat' dir='ltr'>audien-</span> 
     </span>
     <span class='ocr_line' id='line_1_31' title="bbox 86 1924 809 1976; baseline -0.004 -11"><span class='ocrx_word' id='word_1_296' title='bbox 86 1928 125 1965; x_wconf 89' lang='lat' dir='ltr'>di</span> <span class='ocrx_word' id='word_1_297' title='bbox 157 1928 357 1965; x_wconf 75' lang='lat' dir='ltr'>excitavit.</span> <span class='ocrx_word' id='word_1_298' title='bbox 409 1927 455 1964; x_wconf 85' lang='lat' dir='ltr'>cf.</span> <span class='ocrx_word' id='word_1_299' title='bbox 488 1926 655 1976; x_wconf 73' lang='lat' dir='ltr'>DisquiS.</span> <span class='ocrx_word' id='word_1_300' title='bbox 686 1925 714 1974; x_wconf 84' lang='lat' dir='ltr'>I,</span> <span class='ocrx_word' id='word_1_301' title='bbox 760 1924 809 1962; x_wconf 86' lang='lat' dir='ltr'>de</span> 
     </span>
     <span class='ocr_line' id='line_1_32' title="bbox 85 1984 808 2036; baseline -0.006 -14"><span class='ocrx_word' id='word_1_302' title='bbox 85 1986 213 2023; x_wconf 77' lang='lat' dir='ltr'>Carni.</span> <span class='ocrx_word' id='word_1_303' title='bbox 247 1986 357 2036; x_wconf 87' lang='lat' dir='ltr'>epico</span> <span class='ocrx_word' id='word_1_304' title='bbox 389 1998 417 2022; x_wconf 84' lang='lat' dir='ltr'>S.</span> <span class='ocrx_word' id='word_1_305' title='bbox 453 1984 523 2021; x_wconf 89' lang='lat' dir='ltr'>IX.</span> <span class='ocrx_word' id='word_1_306' title='bbox 564 1984 808 2033; x_wconf 68' lang='lat' dir='ltr'>susem-elque</span> 
     </span>
     <span class='ocr_line' id='line_1_33' title="bbox 85 2040 809 2091; baseline -0.004 -11"><span class='ocrx_word' id='word_1_307' title='bbox 85 2043 176 2080; x_wconf 81' lang='lat' dir='ltr'>deos</span> <span class='ocrx_word' id='word_1_308' title='bbox 206 2045 349 2091; x_wconf 78' lang='lat' dir='ltr'>Latio,</span> <span class='ocrx_word' id='word_1_309' title='bbox 388 2042 556 2079; x_wconf 84' lang='lat' dir='ltr'>inferret</span> <span class='ocrx_word' id='word_1_310' title='bbox 581 2041 623 2078; x_wconf 90' lang='lat' dir='ltr'>in</span> <span class='ocrx_word' id='word_1_311' title='bbox 652 2040 809 2077; x_wconf 80' lang='lat' dir='ltr'>Latium</span> 
     </span>
     <span class='ocr_line' id='line_1_34' title="bbox 84 2097 808 2146; baseline -0.004 -9"><span class='ocrx_word' id='word_1_312' title='bbox 84 2100 247 2138; x_wconf 86' lang='lat' dir='ltr'>Penates</span> <span class='ocrx_word' id='word_1_313' title='bbox 286 2099 404 2137; x_wconf 86' lang='lat' dir='ltr'>Troia</span> <span class='ocrx_word' id='word_1_314' title='bbox 433 2099 633 2136; x_wconf 81' lang='lat' dir='ltr'>advectos.</span> <span class='ocrx_word' id='word_1_315' title='bbox 692 2097 726 2134; x_wconf 90' lang='lat' dir='ltr'><strong>A</strong></span> <span class='ocrx_word' id='word_1_316' title='bbox 752 2110 808 2146; x_wconf 85' lang='lat' dir='ltr'>re,</span> 
     </span>
     <span class='ocr_line' id='line_1_35' title="bbox 86 2156 810 2208; baseline -0.001 -15"><span class='ocrx_word' id='word_1_317' title='bbox 86 2170 186 2207; x_wconf 87' lang='lat' dir='ltr'>quae</span> <span class='ocrx_word' id='word_1_318' title='bbox 208 2158 435 2208; x_wconf 76' lang='lat' dir='ltr'>religionem</span> <span class='ocrx_word' id='word_1_319' title='bbox 457 2162 496 2193; x_wconf 89' lang='lat' dir='ltr'>et</span> <span class='ocrx_word' id='word_1_320' title='bbox 512 2156 810 2192; x_wconf 80' lang='lat' dir='ltr'>venerationem</span> 
     </span>
     <span class='ocr_line' id='line_1_36' title="bbox 85 2212 810 2263; baseline -0.004 -12"><span class='ocrx_word' id='word_1_321' title='bbox 85 2214 225 2263; x_wconf 86' lang='lat' dir='ltr'>habet,</span> <span class='ocrx_word' id='word_1_322' title='bbox 277 2228 474 2252; x_wconf 87' lang='lat' dir='ltr'>accessum</span> <span class='ocrx_word' id='word_1_323' title='bbox 507 2212 660 2250; x_wconf 82' lang='lat' dir='ltr'>Aeneae</span> <span class='ocrx_word' id='word_1_324' title='bbox 690 2225 810 2263; x_wconf 85' lang='lat' dir='ltr'>prae-</span> 
     </span>
     <span class='ocr_line' id='line_1_37' title="bbox 87 2269 810 2322; baseline -0.003 -14"><span class='ocrx_word' id='word_1_325' title='bbox 87 2273 191 2309; x_wconf 84' lang='lat' dir='ltr'>clare</span> <span class='ocrx_word' id='word_1_326' title='bbox 227 2272 415 2322; x_wconf 68' lang='lat' dir='ltr'>designat.</span> <span class='ocrx_word' id='word_1_327' title='bbox 475 2271 614 2319; x_wconf 68' lang='lat' dir='ltr'>Unde,</span> <span class='ocrx_word' id='word_1_328' title='bbox 657 2269 723 2306; x_wconf 87' lang='lat' dir='ltr'>alii</span> <span class='ocrx_word' id='word_1_329' title='bbox 759 2269 810 2307; x_wconf 85' lang='lat' dir='ltr'>ad</span> 
     </span>
     <span class='ocr_line' id='line_1_38' title="bbox 87 2327 808 2376; baseline -0.004 -10"><span class='ocrx_word' id='word_1_330' title='bbox 87 2331 255 2366; x_wconf 73' lang='lat' dir='ltr'>Latium</span> <span class='ocrx_word' id='word_1_331' title='bbox 286 2337 324 2367; x_wconf 84' lang='lat' dir='ltr'>et</span> <span class='ocrx_word' id='word_1_332' title='bbox 367 2329 417 2366; x_wconf 88' lang='lat' dir='ltr'>ad</span> <span class='ocrx_word' id='word_1_333' title='bbox 452 2327 585 2365; x_wconf 77' lang='lat' dir='ltr'>urbem</span> <span class='ocrx_word' id='word_1_334' title='bbox 623 2327 808 2376; x_wconf 78' lang='lat' dir='ltr'>retulere,</span> 
     </span>
     <span class='ocr_line' id='line_1_39' title="bbox 88 2385 809 2435; baseline -0.003 -12"><span class='ocrx_word' id='word_1_335' title='bbox 88 2387 149 2423; x_wconf 86' lang='lat' dir='ltr'>alii</span> <span class='ocrx_word' id='word_1_336' title='bbox 173 2387 222 2423; x_wconf 84' lang='lat' dir='ltr'>ad</span> <span class='ocrx_word' id='word_1_337' title='bbox 255 2387 448 2424; x_wconf 65' lang='lat' dir='ltr'>Amnem.</span> <span class='ocrx_word' id='word_1_338' title='bbox 522 2385 681 2422; x_wconf 86' lang='lat' dir='ltr'>Melius:</span> <span class='ocrx_word' id='word_1_339' title='bbox 729 2399 809 2435; x_wconf 77' lang='lat' dir='ltr'>qna</span> 
     </span>
     <span class='ocr_line' id='line_1_40' title="bbox 87 2442 808 2496; baseline -0.001 -16"><span class='ocrx_word' id='word_1_340' title='bbox 87 2459 134 2480; x_wconf 81' lang='lat' dir='ltr'>ex</span> <span class='ocrx_word' id='word_1_341' title='bbox 154 2459 218 2491; x_wconf 82' lang='lat' dir='ltr'>re,</span> <span class='ocrx_word' id='word_1_342' title='bbox 262 2459 338 2496; x_wconf 65' lang='lat' dir='ltr'>‹sm›</span> <span class='ocrx_word' id='word_1_343' title='bbox 354 2444 521 2494; x_wconf 76' lang='lat' dir='ltr'>saelum</span> <span class='ocrx_word' id='word_1_344' title='bbox 545 2450 621 2490; x_wconf 75' lang='lat' dir='ltr'>est,</span> <span class='ocrx_word' id='word_1_345' title='bbox 649 2447 697 2479; x_wconf 84' lang='lat' dir='ltr'>ut</span> <span class='ocrx_word' id='word_1_346' title='bbox 725 2442 808 2479; x_wconf 84' lang='lat' dir='ltr'>Ab·-</span> 
     </span>
     <span class='ocr_line' id='line_1_41' title="bbox 90 2499 808 2552; baseline -0.003 -14"><span class='ocrx_word' id='word_1_347' title='bbox 90 2501 257 2552; x_wconf 80' lang='lat' dir='ltr'>origines</span> <span class='ocrx_word' id='word_1_348' title='bbox 299 2515 389 2539; x_wconf 88' lang='lat' dir='ltr'>cum</span> <span class='ocrx_word' id='word_1_349' title='bbox 431 2499 612 2538; x_wconf 87' lang='lat' dir='ltr'>Troianis</span> <span class='ocrx_word' id='word_1_350' title='bbox 652 2499 808 2549; x_wconf 82' lang='lat' dir='ltr'>aequati</span> 
     </span>
     <span class='ocr_line' id='line_1_42' title="bbox 89 2556 810 2596; baseline -0.004 -1"><span class='ocrx_word' id='word_1_351' title='bbox 89 2559 286 2596; x_wconf 85' lang='lat' dir='ltr'>communi</span> <span class='ocrx_word' id='word_1_352' title='bbox 301 2559 531 2595; x_wconf 81' lang='lat' dir='ltr'>Latinorum</span> <span class='ocrx_word' id='word_1_353' title='bbox 551 2556 709 2594; x_wconf 80' lang='lat' dir='ltr'>nominc</span> <span class='ocrx_word' id='word_1_354' title='bbox 731 2557 810 2593; x_wconf 87' lang='lat' dir='ltr'>sint</span> 
     </span>
     <span class='ocr_line' id='line_1_43' title="bbox 90 2613 808 2668; baseline -0.004 -16"><span class='ocrx_word' id='word_1_355' title='bbox 90 2615 364 2668; x_wconf 81' lang='lat' dir='ltr'>comprehensi</span> <span class='ocrx_word' id='word_1_356' title='bbox 401 2614 465 2666; x_wconf 84' lang='lat' dir='ltr'>(cf.</span> <span class='ocrx_word' id='word_1_357' title='bbox 486 2613 582 2651; x_wconf 81' lang='lat' dir='ltr'>Aen.</span> <span class='ocrx_word' id='word_1_358' title='bbox 604 2614 692 2662; x_wconf 76' lang='grc' dir='ltr'>ΧΠ,</span> <span class='ocrx_word' id='word_1_359' title='bbox 726 2616 808 2654; x_wconf 75' lang='grc'>823</span> 
     </span>
     <span class='ocr_line' id='line_1_44' title="bbox 90 2671 809 2726; baseline -0.001 -17"><span class='ocrx_word' id='word_1_360' title='bbox 90 2671 176 2726; x_wconf 82' lang='lat' dir='ltr'>sq.)‚</span> <span class='ocrx_word' id='word_1_361' title='bbox 208 2680 254 2711; x_wconf 87' lang='lat' dir='ltr'>ut</span> <span class='ocrx_word' id='word_1_362' title='bbox 272 2674 319 2710; x_wconf 86' lang='lat' dir='ltr'>ab</span> <span class='ocrx_word' id='word_1_363' title='bbox 336 2673 501 2710; x_wconf 87' lang='lat' dir='ltr'>Ascanio</span> <span class='ocrx_word' id='word_1_364' title='bbox 524 2671 623 2708; x_wconf 79' lang='lat' dir='ltr'>Alba</span> <span class='ocrx_word' id='word_1_365' title='bbox 639 2671 690 2708; x_wconf 86' lang='lat' dir='ltr'>sit</span> <span class='ocrx_word' id='word_1_366' title='bbox 710 2685 809 2708; x_wconf 88' lang='lat' dir='ltr'>con—</span> 
     </span>
     <span class='ocr_line' id='line_1_45' title="bbox 92 2728 807 2780; baseline -0.003 -14"><span class='ocrx_word' id='word_1_367' title='bbox 92 2730 194 2779; x_wconf 76' lang='lat' dir='ltr'>dita,</span> <span class='ocrx_word' id='word_1_368' title='bbox 237 2737 274 2768; x_wconf 83' lang='lat' dir='ltr'>et</span> <span class='ocrx_word' id='word_1_369' title='bbox 304 2744 352 2768; x_wconf 74' lang='lat' dir='ltr'>ex</span> <span class='ocrx_word' id='word_1_370' title='bbox 387 2731 469 2767; x_wconf 86' lang='lat' dir='ltr'>eius</span> <span class='ocrx_word' id='word_1_371' title='bbox 503 2728 672 2780; x_wconf 80' lang='lat' dir='ltr'>posteris</span> <span class='ocrx_word' id='word_1_372' title='bbox 702 2728 807 2765; x_wconf 61' lang='lat' dir='ltr'>urhis</span> 
     </span>
     <span class='ocr_line' id='line_1_46' title="bbox 91 2784 807 2825; baseline -0.001 -3"><span class='ocrx_word' id='word_1_373' title='bbox 91 2787 244 2825; x_wconf 79' lang='lat' dir='ltr'>Romae</span> <span class='ocrx_word' id='word_1_374' title='bbox 265 2790 481 2825; x_wconf 69' lang='lat' dir='ltr'>comsilores</span> <span class='ocrx_word' id='word_1_375' title='bbox 501 2793 634 2823; x_wconf 81' lang='lat' dir='ltr'>ortum</span> <span class='ocrx_word' id='word_1_376' title='bbox 654 2784 807 2822; x_wconf 76' lang='lat' dir='ltr'>habue-</span> 
     </span>
     <span class='ocr_line' id='line_1_47' title="bbox 91 2842 806 2882; baseline 0 -3"><span class='ocrx_word' id='word_1_377' title='bbox 91 2843 182 2882; x_wconf 87' lang='lat' dir='ltr'>rint.</span> <span class='ocrx_word' id='word_1_378' title='bbox 249 2845 399 2882; x_wconf 79' lang='lat' dir='ltr'>Alham</span> <span class='ocrx_word' id='word_1_379' title='bbox 449 2849 578 2880; x_wconf 82' lang='lat' dir='ltr'>autem</span> <span class='ocrx_word' id='word_1_380' title='bbox 614 2842 712 2879; x_wconf 82' lang='lat' dir='ltr'>bene</span> <span class='ocrx_word' id='word_1_381' title='bbox 759 2843 806 2879; x_wconf 84' lang='lat' dir='ltr'>ab</span> 
     </span>
     <span class='ocr_line' id='line_1_48' title="bbox 91 2898 806 2952; baseline 0.001 -16"><span class='ocrx_word' id='word_1_382' title='bbox 91 2900 259 2938; x_wconf 70' lang='lat' dir='ltr'>Albanis</span> <span class='ocrx_word' id='word_1_383' title='bbox 275 2901 463 2952; x_wconf 62' lang='lat' dir='ltr'>patribus</span> <span class='ocrx_word' id='word_1_384' title='bbox 488 2900 683 2950; x_wconf 78' lang='lat' dir='ltr'>designat,</span> <span class='ocrx_word' id='word_1_385' title='bbox 714 2898 753 2937; x_wconf 83' lang='lat' dir='ltr'>ll.</span> <span class='ocrx_word' id='word_1_386' title='bbox 775 2913 806 2937; x_wconf 83' lang='grc' dir='ltr'>ο.</span> 
     </span>
     <span class='ocr_line' id='line_1_49' title="bbox 92 2956 808 3009; baseline 0.001 -17"><span class='ocrx_word' id='word_1_387' title='bbox 92 2964 252 3007; x_wconf 84' lang='lat' dir='ltr'>senatu,</span> <span class='ocrx_word' id='word_1_388' title='bbox 308 2965 512 3009; x_wconf 82' lang='lat' dir='ltr'>tamquam</span> <span class='ocrx_word' id='word_1_389' title='bbox 554 2971 575 2993; x_wconf 88' lang='lat' dir='ltr'>a</span> <span class='ocrx_word' id='word_1_390' title='bbox 617 2956 808 2995; x_wconf 80' lang='lat' dir='ltr'>nobiliore</span> 
     </span>
    </p>
   </div>
   <div class='ocr_carea' id='block_1_6' title="bbox 163 3025 645 3075">
    <p class='ocr_par' dir='ltr' id='par_1_6' title="bbox 163 3025 645 3075">
     <span class='ocr_line' id='line_1_50' title="bbox 163 3025 645 3075; baseline 0.002 -3"><span class='ocrx_word' id='word_1_391' title='bbox 163 3026 368 3075; x_wconf 78' lang='lat' dir='ltr'>V1RG1L.</span> <span class='ocrx_word' id='word_1_392' title='bbox 407 3026 549 3073; x_wconf 83' lang='lat' dir='ltr'><strong>TOM.</strong></span> <span class='ocrx_word' id='word_1_393' title='bbox 584 3025 645 3073; x_wconf 94' lang='grc' dir='ltr'>ΙΙ.</span> 
     </span>
    </p>
   </div>
   <div class='ocr_carea' id='block_1_7' title="bbox 447 1641 1590 1690">
    <p class='ocr_par' dir='ltr' id='par_1_7' title="bbox 447 1641 1590 1690">
     <span class='ocr_line' id='line_1_51' title="bbox 447 1641 1590 1690; baseline -0.007 -9"><span class='ocrx_word' id='word_1_394' title='bbox 447 1649 506 1689; x_wconf 83' lang='lat' dir='ltr'>VI,</span> <span class='ocrx_word' id='word_1_395' title='bbox 531 1647 630 1681; x_wconf 78' lang='lat'>466.:</span> <span class='ocrx_word' id='word_1_396' title='bbox 657 1648 818 1688; x_wconf 84' lang='lat' dir='ltr'>„Quem</span> <span class='ocrx_word' id='word_1_397' title='bbox 841 1645 1025 1690; x_wconf 81' lang='lat' dir='ltr'>fugis?“</span> <span class='ocrx_word' id='word_1_398' title='bbox 1050 1643 1073 1676; x_wconf 89' lang='lat' dir='ltr'>i.</span> <span class='ocrx_word' id='word_1_399' title='bbox 1100 1655 1130 1676; x_wconf 85' lang='lat' dir='ltr'>e.</span> <span class='ocrx_word' id='word_1_400' title='bbox 1157 1643 1215 1689; x_wconf 87' lang='lat' dir='ltr'>qui</span> <span class='ocrx_word' id='word_1_401' title='bbox 1240 1642 1288 1684; x_wconf 88' lang='lat' dir='ltr'>fit,</span> <span class='ocrx_word' id='word_1_402' title='bbox 1314 1648 1351 1674; x_wconf 86' lang='lat' dir='ltr'>ut</span> <span class='ocrx_word' id='word_1_403' title='bbox 1374 1654 1429 1674; x_wconf 90' lang='lat' dir='ltr'>me</span> <span class='ocrx_word' id='word_1_404' title='bbox 1452 1641 1590 1686; x_wconf 79' lang='lat' dir='ltr'>fugias?</span> 
     </span>
    </p>
   </div>
   <div class='ocr_carea' id='block_1_8' title="bbox 858 1747 1591 2947">
    <p class='ocr_par' dir='ltr' id='par_1_8' title="bbox 866 1747 1591 1914">
     <span class='ocr_line' id='line_1_52' title="bbox 866 1747 1589 1802; baseline -0.006 -14"><span class='ocrx_word' id='word_1_405' title='bbox 866 1749 1003 1802; x_wconf 88' lang='lat' dir='ltr'>populi</span> <span class='ocrx_word' id='word_1_406' title='bbox 1032 1756 1159 1800; x_wconf 82' lang='lat' dir='ltr'>parte.</span> <span class='ocrx_word' id='word_1_407' title='bbox 1203 1749 1251 1786; x_wconf 84' lang='lat' dir='ltr'>es.</span> <span class='ocrx_word' id='word_1_408' title='bbox 1273 1748 1339 1797; x_wconf 85' lang='lat' dir='ltr'>IV,</span> <span class='ocrx_word' id='word_1_409' title='bbox 1372 1750 1466 1789; x_wconf 77' lang='lat'><strong>682.</strong></span> <span class='ocrx_word' id='word_1_410' title='bbox 1506 1747 1589 1795; x_wconf 85' lang='lat' dir='ltr'>VII,</span> 
     </span>
     <span class='ocr_line' id='line_1_53' title="bbox 868 1805 1591 1856; baseline -0.011 -7"><span class='ocrx_word' id='word_1_411' title='bbox 868 1810 961 1849; x_wconf 73' lang='lat'>727.</span> <span class='ocrx_word' id='word_1_412' title='bbox 1014 1807 1190 1844; x_wconf 79' lang='lat' dir='ltr'>Romam</span> <span class='ocrx_word' id='word_1_413' title='bbox 1220 1813 1353 1844; x_wconf 81' lang='lat' dir='ltr'>autem</span> <span class='ocrx_word' id='word_1_414' title='bbox 1383 1817 1454 1856; x_wconf 88' lang='lat' dir='ltr'>per</span> <span class='ocrx_word' id='word_1_415' title='bbox 1482 1805 1591 1842; x_wconf 80' lang='lat' dir='ltr'>allae</span> 
     </span>
     <span class='ocr_line' id='line_1_54' title="bbox 866 1863 1589 1914; baseline -0.004 -12"><span class='ocrx_word' id='word_1_416' title='bbox 866 1867 1024 1902; x_wconf 75' lang='lat' dir='ltr'>moenia</span> <span class='ocrx_word' id='word_1_417' title='bbox 1068 1865 1244 1913; x_wconf 79' lang='lat' dir='ltr'>Romae,</span> <span class='ocrx_word' id='word_1_418' title='bbox 1295 1863 1472 1914; x_wconf 84' lang='lat' dir='ltr'>pleniore</span> <span class='ocrx_word' id='word_1_419' title='bbox 1509 1875 1589 1899; x_wconf 85' lang='lat' dir='ltr'>ore.</span> 
     </span>
    </p>

    <p class='ocr_par' dir='ltr' id='par_1_9' title="bbox 858 1921 1591 2947">
     <span class='ocr_line' id='line_1_55' title="bbox 925 1921 1590 1970; baseline -0.011 -8"><span class='ocrx_word' id='word_1_420' title='bbox 925 1925 963 1963; x_wconf 86' lang='grc'>8.</span> <span class='ocrx_word' id='word_1_421' title='bbox 995 1924 1125 1960; x_wconf 78' lang='lat' dir='ltr'>Musa</span> <span class='ocrx_word' id='word_1_422' title='bbox 1139 1951 1149 1970; x_wconf 82' lang='grc'>,</span> <span class='ocrx_word' id='word_1_423' title='bbox 1196 1921 1298 1958; x_wconf 66' lang='lat' dir='ltr'>mihi</span> <span class='ocrx_word' id='word_1_424' title='bbox 1316 1934 1483 1958; x_wconf 66' lang='lat' dir='ltr'>caussas</span> <span class='ocrx_word' id='word_1_425' title='bbox 1504 1934 1590 1956; x_wconf 85' lang='lat' dir='ltr'>me-</span> 
     </span>
     <span class='ocr_line' id='line_1_56' title="bbox 866 1977 1590 2029; baseline -0.004 -13"><span class='ocrx_word' id='word_1_426' title='bbox 866 1993 977 2017; x_wconf 79' lang='lat' dir='ltr'>mora</span> <span class='ocrx_word' id='word_1_427' title='bbox 990 1993 1005 2018; x_wconf 88' lang='grc'>.·</span> <span class='ocrx_word' id='word_1_428' title='bbox 1035 1979 1135 2016; x_wconf 77' lang='lat' dir='ltr'>Nam</span> <span class='ocrx_word' id='word_1_429' title='bbox 1155 1992 1256 2029; x_wconf 85' lang='lat' dir='ltr'>quae</span> <span class='ocrx_word' id='word_1_430' title='bbox 1276 1978 1443 2016; x_wconf 84' lang='lat' dir='ltr'>deorum</span> <span class='ocrx_word' id='word_1_431' title='bbox 1462 1977 1590 2014; x_wconf 83' lang='lat' dir='ltr'>inter—</span> 
     </span>
     <span class='ocr_line' id='line_1_57' title="bbox 866 2033 1590 2075; baseline -0.006 -1"><span class='ocrx_word' id='word_1_432' title='bbox 866 2043 993 2075; x_wconf 76' lang='lat' dir='ltr'>ventu</span> <span class='ocrx_word' id='word_1_433' title='bbox 1023 2042 1092 2074; x_wconf 86' lang='lat' dir='ltr'>aut</span> <span class='ocrx_word' id='word_1_434' title='bbox 1124 2036 1293 2073; x_wconf 80' lang='lat' dir='ltr'>consiliis</span> <span class='ocrx_word' id='word_1_435' title='bbox 1314 2042 1354 2074; x_wconf 88' lang='lat' dir='ltr'>et</span> <span class='ocrx_word' id='word_1_436' title='bbox 1381 2033 1590 2072; x_wconf 84' lang='lat' dir='ltr'>machina-</span> 
     </span>
     <span class='ocr_line' id='line_1_58' title="bbox 865 2093 1589 2132; baseline -0.006 0"><span class='ocrx_word' id='word_1_437' title='bbox 865 2094 1042 2132; x_wconf 64' lang='lat' dir='ltr'>tionibus</span> <span class='ocrx_word' id='word_1_438' title='bbox 1089 2094 1253 2131; x_wconf 81' lang='lat' dir='ltr'>alieuius</span> <span class='ocrx_word' id='word_1_439' title='bbox 1295 2093 1357 2130; x_wconf 85' lang='lat' dir='ltr'>dei</span> <span class='ocrx_word' id='word_1_440' title='bbox 1402 2097 1589 2130; x_wconf 81' lang='lat' dir='ltr'>eventum</span> 
     </span>
     <span class='ocr_line' id='line_1_59' title="bbox 867 2148 1590 2199; baseline -0.006 -10"><span class='ocrx_word' id='word_1_441' title='bbox 867 2166 984 2190; x_wconf 85' lang='lat' dir='ltr'>suum</span> <span class='ocrx_word' id='word_1_442' title='bbox 1024 2150 1280 2199; x_wconf 83' lang='lat' dir='ltr'>habuerant,</span> <span class='ocrx_word' id='word_1_443' title='bbox 1330 2149 1404 2187; x_wconf 82' lang='lat' dir='ltr'>nisi</span> <span class='ocrx_word' id='word_1_444' title='bbox 1449 2163 1471 2186; x_wconf 87' lang='lat' dir='ltr'>a</span> <span class='ocrx_word' id='word_1_445' title='bbox 1520 2148 1590 2186; x_wconf 86' lang='lat' dir='ltr'>dea</span> 
     </span>
     <span class='ocr_line' id='line_1_60' title="bbox 869 2208 1590 2260; baseline -0.007 -13"><span class='ocrx_word' id='word_1_446' title='bbox 869 2209 1058 2257; x_wconf 77' lang='lat' dir='ltr'>edoctus,</span> <span class='ocrx_word' id='word_1_447' title='bbox 1097 2214 1213 2260; x_wconf 82' lang='lat' dir='ltr'>poeta</span> <span class='ocrx_word' id='word_1_448' title='bbox 1245 2208 1345 2244; x_wconf 85' lang='lat' dir='ltr'>scire</span> <span class='ocrx_word' id='word_1_449' title='bbox 1369 2220 1448 2243; x_wconf 89' lang='lat' dir='ltr'>non</span> <span class='ocrx_word' id='word_1_450' title='bbox 1474 2212 1590 2257; x_wconf 85' lang='lat' dir='ltr'>pote-</span> 
     </span>
     <span class='ocr_line' id='line_1_61' title="bbox 868 2263 1589 2316; baseline -0.007 -12"><span class='ocrx_word' id='word_1_451' title='bbox 868 2273 944 2305; x_wconf 84' lang='lat' dir='ltr'>rat.</span> <span class='ocrx_word' id='word_1_452' title='bbox 985 2267 1120 2316; x_wconf 78' lang='lat' dir='ltr'>Itaque</span> <span class='ocrx_word' id='word_1_453' title='bbox 1140 2266 1205 2303; x_wconf 89' lang='lat' dir='ltr'>ille</span> <span class='ocrx_word' id='word_1_454' title='bbox 1228 2266 1357 2302; x_wconf 83' lang='lat' dir='ltr'>munit</span> <span class='ocrx_word' id='word_1_455' title='bbox 1377 2264 1483 2301; x_wconf 82' lang='lat' dir='ltr'>viam</span> <span class='ocrx_word' id='word_1_456' title='bbox 1506 2263 1589 2311; x_wconf 86' lang='lat' dir='ltr'>sibi,</span> 
     </span>
     <span class='ocr_line' id='line_1_62' title="bbox 867 2321 1591 2374; baseline -0.007 -12"><span class='ocrx_word' id='word_1_457' title='bbox 867 2330 914 2362; x_wconf 78' lang='lat' dir='ltr'>ut</span> <span class='ocrx_word' id='word_1_458' title='bbox 935 2324 980 2362; x_wconf 88' lang='lat' dir='ltr'>iis</span> <span class='ocrx_word' id='word_1_459' title='bbox 1002 2323 1208 2361; x_wconf 81' lang='lat' dir='ltr'>commode</span> <span class='ocrx_word' id='word_1_460' title='bbox 1228 2323 1286 2360; x_wconf 76' lang='lat' dir='ltr'>uti</span> <span class='ocrx_word' id='word_1_461' title='bbox 1304 2321 1440 2374; x_wconf 85' lang='lat' dir='ltr'>possit.</span> <span class='ocrx_word' id='word_1_462' title='bbox 1470 2323 1591 2358; x_wconf 83' lang='lat' dir='ltr'>Sum-</span> 
     </span>
     <span class='ocr_line' id='line_1_63' title="bbox 868 2378 1591 2431; baseline -0.004 -13"><span class='ocrx_word' id='word_1_463' title='bbox 868 2395 932 2418; x_wconf 83' lang='lat' dir='ltr'>ma</span> <span class='ocrx_word' id='word_1_464' title='bbox 962 2382 1179 2418; x_wconf 76' lang='lat' dir='ltr'>sententiae</span> <span class='ocrx_word' id='word_1_465' title='bbox 1208 2387 1266 2417; x_wconf 76' lang='lat' dir='ltr'>est</span> <span class='ocrx_word' id='word_1_466' title='bbox 1286 2384 1441 2431; x_wconf 80' lang='lat' dir='ltr'>aperta3</span> <span class='ocrx_word' id='word_1_467' title='bbox 1474 2378 1591 2415; x_wconf 83' lang='lat' dir='ltr'>debet</span> 
     </span>
     <span class='ocr_line' id='line_1_64' title="bbox 868 2435 1591 2489; baseline -0.007 -13"><span class='ocrx_word' id='word_1_468' title='bbox 868 2439 998 2489; x_wconf 78' lang='lat' dir='ltr'>sequi3</span> <span class='ocrx_word' id='word_1_469' title='bbox 1032 2453 1196 2475; x_wconf 72' lang='lat' dir='ltr'>caussas</span> <span class='ocrx_word' id='word_1_470' title='bbox 1219 2449 1415 2483; x_wconf 78' lang='lat' dir='ltr'>memora,</span> <span class='ocrx_word' id='word_1_471' title='bbox 1448 2435 1591 2487; x_wconf 76' lang='lat' dir='ltr'>quibu-s·</span> 
     </span>
     <span class='ocr_line' id='line_1_65' title="bbox 858 2492 1590 2547; baseline -0.007 -14"><span class='ocrx_word' id='word_1_472' title='bbox 858 2504 1043 2547; x_wconf 71' lang='lat' dir='ltr'>pet-mola</span> <span class='ocrx_word' id='word_1_473' title='bbox 1066 2496 1163 2533; x_wconf 90' lang='lat' dir='ltr'>Iuno</span> <span class='ocrx_word' id='word_1_474' title='bbox 1182 2495 1351 2532; x_wconf 81' lang='lat' dir='ltr'>Aeneam</span> <span class='ocrx_word' id='word_1_475' title='bbox 1383 2499 1445 2530; x_wconf 80' lang='lat' dir='ltr'>tot</span> <span class='ocrx_word' id='word_1_476' title='bbox 1478 2492 1590 2529; x_wconf 85' lang='lat' dir='ltr'>labo-</span> 
     </span>
     <span class='ocr_line' id='line_1_66' title="bbox 866 2550 1591 2598; baseline -0.007 -8"><span class='ocrx_word' id='word_1_477' title='bbox 866 2554 977 2591; x_wconf 85' lang='lat' dir='ltr'>ribus</span> <span class='ocrx_word' id='word_1_478' title='bbox 1027 2559 1063 2589; x_wconf 84' lang='lat' dir='ltr'>et</span> <span class='ocrx_word' id='word_1_479' title='bbox 1119 2554 1318 2589; x_wconf 82' lang='lat' dir='ltr'>aerumnis</span> <span class='ocrx_word' id='word_1_480' title='bbox 1377 2550 1591 2598; x_wconf 79' lang='lat' dir='ltr'>obiecerit3</span> 
     </span>
     <span class='ocr_line' id='line_1_67' title="bbox 869 2607 1591 2661; baseline -0.007 -13"><span class='ocrx_word' id='word_1_481' title='bbox 869 2624 1026 2648; x_wconf 79' lang='lat' dir='ltr'>caussae</span> <span class='ocrx_word' id='word_1_482' title='bbox 1051 2623 1131 2646; x_wconf 87' lang='lat' dir='ltr'>esse</span> <span class='ocrx_word' id='word_1_483' title='bbox 1159 2615 1347 2661; x_wconf 78' lang='lat' dir='ltr'>possunt,</span> <span class='ocrx_word' id='word_1_484' title='bbox 1379 2607 1487 2657; x_wconf 81' lang='lat' dir='ltr'>quod</span> <span class='ocrx_word' id='word_1_485' title='bbox 1508 2607 1591 2643; x_wconf 85' lang='lat' dir='ltr'>eius</span> 
     </span>
     <span class='ocr_line' id='line_1_68' title="bbox 868 2664 1589 2714; baseline -0.01 -8"><span class='ocrx_word' id='word_1_486' title='bbox 868 2681 1015 2706; x_wconf 85' lang='lat' dir='ltr'>numen</span> <span class='ocrx_word' id='word_1_487' title='bbox 1044 2668 1194 2704; x_wconf 80' lang='lat' dir='ltr'>laesum</span> <span class='ocrx_word' id='word_1_488' title='bbox 1229 2666 1350 2704; x_wconf 75' lang='lat' dir='ltr'>suerit</span> <span class='ocrx_word' id='word_1_489' title='bbox 1379 2664 1508 2714; x_wconf 83' lang='lat' dir='ltr'>aliqua</span> <span class='ocrx_word' id='word_1_490' title='bbox 1535 2677 1589 2711; x_wconf 82' lang='lat' dir='ltr'>re,</span> 
     </span>
     <span class='ocr_line' id='line_1_69' title="bbox 869 2721 1590 2775; baseline -0.008 -12"><span class='ocrx_word' id='word_1_491' title='bbox 869 2726 1130 2775; x_wconf 81' lang='lat' dir='ltr'>maiestasque</span> <span class='ocrx_word' id='word_1_492' title='bbox 1157 2724 1381 2770; x_wconf 73' lang='lat' dir='ltr'>deminuta3</span> <span class='ocrx_word' id='word_1_493' title='bbox 1421 2727 1461 2758; x_wconf 84' lang='lat' dir='ltr'>et</span> <span class='ocrx_word' id='word_1_494' title='bbox 1483 2721 1590 2772; x_wconf 88' lang='lat' dir='ltr'>quod</span> 
     </span>
     <span class='ocr_line' id='line_1_70' title="bbox 866 2778 1591 2829; baseline -0.01 -9"><span class='ocrx_word' id='word_1_495' title='bbox 866 2784 930 2820; x_wconf 88' lang='lat' dir='ltr'>illa</span> <span class='ocrx_word' id='word_1_496' title='bbox 961 2796 1029 2820; x_wconf 82' lang='lat' dir='ltr'>seu</span> <span class='ocrx_word' id='word_1_497' title='bbox 1062 2782 1206 2819; x_wconf 78' lang='lat' dir='ltr'>iniuria</span> <span class='ocrx_word' id='word_1_498' title='bbox 1235 2794 1301 2818; x_wconf 87' lang='lat' dir='ltr'>seu</span> <span class='ocrx_word' id='word_1_499' title='bbox 1334 2780 1488 2829; x_wconf 72' lang='lat' dir='ltr'>ingrata</span> <span class='ocrx_word' id='word_1_500' title='bbox 1519 2778 1591 2814; x_wconf 87' lang='lat' dir='ltr'>ali—</span> 
     </span>
     <span class='ocr_line' id='line_1_71' title="bbox 867 2838 1590 2891; baseline -0.01 -14"><span class='ocrx_word' id='word_1_501' title='bbox 867 2855 945 2891; x_wconf 84' lang='lat' dir='ltr'>qua</span> <span class='ocrx_word' id='word_1_502' title='bbox 966 2853 1009 2877; x_wconf 86' lang='lat' dir='ltr'>re</span> <span class='ocrx_word' id='word_1_503' title='bbox 1041 2839 1226 2877; x_wconf 81' lang='lat' dir='ltr'>doluerit.</span> <span class='ocrx_word' id='word_1_504' title='bbox 1286 2838 1505 2874; x_wconf 86' lang='lat' dir='ltr'>Haeremus</span> <span class='ocrx_word' id='word_1_505' title='bbox 1528 2841 1590 2871; x_wconf 87' lang='lat' dir='ltr'>ta-</span> 
     </span>
     <span class='ocr_line' id='line_1_72' title="bbox 867 2893 1590 2947; baseline -0.012 -12"><span class='ocrx_word' id='word_1_506' title='bbox 867 2912 955 2935; x_wconf 83' lang='lat' dir='ltr'>men</span> <span class='ocrx_word' id='word_1_507' title='bbox 978 2898 1018 2934; x_wconf 87' lang='lat' dir='ltr'>in</span> <span class='ocrx_word' id='word_1_508' title='bbox 1040 2897 1188 2934; x_wconf 73' lang='lat' dir='ltr'>verbis:</span> <span class='ocrx_word' id='word_1_509' title='bbox 1221 2910 1296 2947; x_wconf 76' lang='lat' dir='ltr'>quo</span> <span class='ocrx_word' id='word_1_510' title='bbox 1320 2895 1481 2931; x_wconf 68' lang='lat' dir='ltr'>maniae</span> <span class='ocrx_word' id='word_1_511' title='bbox 1504 2893 1590 2927; x_wconf 61' lang='lat' dir='ltr'>lae—</span> 
     </span>
    </p>
   </div>
   <div class='ocr_carea' id='block_1_9' title="bbox 867 2947 1588 3006">
    <p class='ocr_par' dir='ltr' id='par_1_10' title="bbox 867 2947 1588 3006">
     <span class='ocr_line' id='line_1_73' title="bbox 867 2947 1588 3006; baseline -0.01 -16"><span class='ocrx_word' id='word_1_512' title='bbox 867 2971 923 2992; x_wconf 71' lang='lat' dir='ltr'>so.</span> <span class='ocrx_word' id='word_1_513' title='bbox 961 2952 1046 3006; x_wconf 74' lang='lat' dir='ltr'>(sed</span> <span class='ocrx_word' id='word_1_514' title='bbox 1071 2953 1162 2992; x_wconf 85' lang='lat' dir='ltr'>vide</span> <span class='ocrx_word' id='word_1_515' title='bbox 1177 2953 1222 2990; x_wconf 91' lang='lat' dir='ltr'>V.</span> <span class='ocrx_word' id='word_1_516' title='bbox 1239 2953 1277 2989; x_wconf 86' lang='lat' dir='ltr'>L.</span> <span class='ocrx_word' id='word_1_517' title='bbox 1315 2948 1431 3000; x_wconf 78' lang='lat' dir='ltr'>IVr.)</span> <span class='ocrx_word' id='word_1_518' title='bbox 1468 2947 1588 2995; x_wconf 86' lang='lat' dir='ltr'>Quod</span> 
     </span>
    </p>
   </div>
   <div class='ocr_carea' id='block_1_10' title="bbox 1280 3019 1311 3061">
    <p class='ocr_par' dir='ltr' id='par_1_11' title="bbox 1280 3019 1311 3061">
     <span class='ocr_line' id='line_1_74' title="bbox 1280 3019 1311 3061; baseline 0 0"><span class='ocrx_word' id='word_1_519' title='bbox 1280 3019 1311 3061; x_wconf 78' lang='lat'><strong>5</strong></span> 
     </span>
    </p>
   </div>
  </div>
 </body>
</html>
