1779 3420
77 192 181 245 350

409 191 465 240 P.
503 189 865 240 VIRGILII
903 187 1282 240 MARONIS

78 317 292 371 Ultricis
315 314 594 381 flammae,
629 325 684 366 et
705 317 912 368 cineres
933 317 1146 367 satiasse
1168 330 1438 368 meorum.

82 389 230 440 Talia
254 388 515 438 iacta-bam
531 428 544 451 ‚
591 396 643 436 et
663 385 856 437 furiata
876 396 1064 437 mente
1083 385 1326 448 serebar;

83 463 267 524 Quum
290 458 424 508 mihi
446 475 529 522 se,
552 474 667 507 non
685 467 808 508 ante
830 458 996 508 oculis
1018 467 1126 507 tam
1151 456 1306 522 clara,
1324 455 1621 507 videndam

83 530 322 594 Obtulit,
363 538 416 579 et
437 545 571 596 pura
593 545 693 595 per
714 538 937 579 noctem
959 529 1013 577 in
1031 528 1151 578 luce
1175 527 1387 579 refulsit

1517 533 1620 580 590

82 601 235 653 Alma
259 617 479 668 parens,
520 597 763 649 confessa
791 599 976 662 deam,
1015 598 1296 666 qualisque
1320 597 1491 648 videri

84 671 372 724 Coelicolis
401 680 453 721 et
478 679 675 737 quanta
696 670 857 730 solet;
898 669 1192 735 dextraque
1215 669 1551 735 prehensum

86 742 392 804 Continuit‚
429 757 704 806 roseoque
725 741 858 790 haec
889 741 1111 806 insuper
1133 739 1341 788 addidit
1362 755 1483 790 ore:

83 817 218 865 Nate
235 853 248 875 ‚
289 813 404 879 quis
428 811 718 861 indomitas
741 820 916 860 tantus
944 810 1105 860 dolor
1132 811 1319 859 excitat
1346 810 1481 860 iras?

88 883 232 948 Quid
252 882 384 932 furis
402 889 424 934 ?
461 891 551 931 aut
571 898 811 949 quonam
823 882 994 932 nostri
1007 881 1103 931 tibi
1119 897 1243 931 cura
1257 880 1620 933 recessitP595

158 970 280 1020 688.
316 979 557 1014 FEREBAR
571 968 611 1031 3]

183 1085 252 1120 587
268 1082 400 1130 samue
425 1084 496 1116 Ms.
521 1083 557 1115 in
582 1085 678 1116 Serv.
706 1084 793 1115 Dan.
821 1093 896 1115 cum
922 1088 1073 1126 utroque
1100 1081 1208 1115 Goth.
1234 1087 1271 1114 et
1295 1081 1350 1113 ed.
1373 1081 1463 1113 Iunt.
1503 1080 1624 1126 flam-

88 1146 182 1167 mam
199 1131 369 1165 Rottend.
411 1130 555 1176 famam
581 1143 642 1163 sex
668 1132 781 1162 Burm.
832 1129 952 1162 Malim
988 1130 1165 1173 relingere
1203 1140 1279 1161 cum
1308 1129 1525 1161 Burmanno:
1564 1127 1625 1160 ul—

89 1181 358 1226 trc'clflamma,
387 1189 456 1210 non
484 1184 622 1219 tamen,
657 1184 695 1210 ut
719 1178 816 1210 illam
854 1177 889 1210 iu
924 1177 1125 1210 incendium
1157 1176 1298 1220 mittet,
1333 1175 1397 1208 sed
1437 1183 1474 1208 ut
1510 1174 1626 1215 satiet,

88 1228 208 1272 placet
231 1226 390 1267 cineres,
415 1237 532 1258 manes
558 1237 720 1267 suorum,
754 1225 892 1258 flamma
918 1232 952 1258 et
984 1236 1073 1269 rogo
1110 1237 1152 1259 ae
1186 1230 1302 1257 morte
1337 1223 1506 1256 Helenae.
1556 1222 1627 1256 Sed

89 1282 187 1308 totus
212 1274 310 1307 locus
336 1272 517 1306 desiderat
543 1285 642 1306 curas
667 1273 837 1305 secundas
864 1279 1005 1318 poetae.
1058 1272 1189 1315 (Probe
1216 1272 1304 1304 haee
1339 1270 1425 1304 mihi
1462 1270 1628 1303 videntur

89 1323 184 1356 dicta
210 1328 246 1355 et
270 1321 321 1354 ita
346 1319 573 1364 accipienda:
600 1320 735 1353 iuvabit
761 1321 912 1353 animum
938 1319 1131 1354 ulciscendi
1165 1318 1329 1364 cupidum
1365 1317 1529 1364 explere,
1567 1330 1626 1350 sa·—

89 1370 192 1404 tiare.
248 1370 401 1402 Ultricis
415 1369 612 1413 flammae,
638 1367 661 1400 i.
688 1380 719 1401 e.
744 1367 909 1408 ultionis,
946 1367 1042 1400 cuius
1078 1373 1134 1400 est
1168 1366 1427 1411 cupidissimus.
1477 1366 1523 1399 Et
1547 1364 1629 1409 quia

91 1418 251 1452 animum
276 1416 424 1462 explere
449 1415 493 1448 de
519 1415 681 1449 satianda
715 1415 912 1460 cupiditate
947 1414 1098 1456 dicitur,
1129 1414 1299 1448 voeabula
1335 1420 1453 1448 autem
1488 1412 1628 1458 cupidi-

92 1472 204 1498 tatem
226 1462 459 1508 significantia
485 1463 677 1507 genitivum
704 1463 922 1502 adsciscunt,
950 1462 1133 1495 commode
1159 1461 1208 1495 ita
1233 1461 1304 1494 dici
1329 1473 1434 1507 posse
1461 1461 1630 1501 arbitror,

90 1512 161 1546 hoc
186 1523 306 1545 sensu:
342 1510 493 1544 animum
531 1510 721 1544 ulciscendi
757 1510 924 1556 cupidum
962 1510 1039 1555 ipsa
1067 1509 1203 1543 ultione
1235 1508 1379 1542 satiare.
1429 1507 1631 1541 Genitivum

91 1567 205 1593 autem
232 1559 320 1591 ultr.
337 1559 515 1604 flammae
541 1570 657 1603 aeque
685 1570 727 1590 ex
753 1558 830 1591 solo
854 1558 964 1591 verbo
992 1557 1163 1603 explere,
1197 1568 1405 1601 quamquam
1440 1555 1478 1589 id
1502 1567 1567 1601 per
1591 1566 1630 1588 se

91 1607 176 1641 licet
203 1607 340 1640 Graeco
365 1617 462 1638 more
478 1631 487 1645 ‚
513 1617 626 1649 neque
654 1617 671 1638 e
698 1617 774 1638 voc.
801 1606 983 1646 animum,
1010 1604 1073 1637 sed
1100 1616 1118 1637 e
1148 1604 1335 1638 coniuncta
1360 1603 1518 1637 dictione
1543 1604 1630 1636 ani-

93 1667 190 1688 mum
215 1653 363 1700 explere
388 1652 544 1696 pendere
572 1652 703 1686 iudico.
742 1652 839 1695 IVr.)
902 1664 1075 1685 servasse
1108 1651 1219 1685 Goth.
1254 1663 1325 1685 sec.
1422 1652 1490 1685 588
1516 1650 1630 1696 jete-

94 1701 174 1735 bam
215 1713 301 1733 uuus
334 1701 449 1732 Burm.
500 1699 677 1746 loquebar
719 1701 790 1734 MS.
834 1699 870 1732 in
905 1703 1001 1733 Serv.
1035 1700 1120 1732 Dan.
1218 1699 1288 1734 589
1327 1701 1419 1732 Tum
1450 1699 1537 1731 miln
1569 1710 1632 1730 sex

94 1751 211 1783 Burm.
237 1760 312 1781 cum
345 1747 455 1780 Goth.
482 1760 535 1791 pr.
571 1755 659 1780 ante
696 1748 823 1781 oculos
857 1747 986 1780 Medic.
1020 1759 1090 1779 sec.
1125 1746 1253 1780 Hamb.
1289 1752 1325 1779 et
1358 1749 1477 1791 Sprot.
1510 1745 1631 1790 (etiarn

94 1796 174 1830 Alb.
205 1795 302 1839 IVr.)
353 1802 430 1827 tum
456 1795 544 1827 milli
566 1803 655 1827 ante
681 1795 808 1827 oculos
832 1807 912 1827 sese
937 1794 1108 1828 VVallian.
1158 1802 1247 1828 ante
1282 1794 1408 1827 oculos
1442 1801 1469 1826 t.
1505 1806 1534 1825 c.
1570 1794 1631 1826 vi-

95 1843 220 1877 denda
244 1843 368 1875 Franc.
416 1842 520 1886 (ante
544 1841 641 1874 alias
665 1850 691 1875 t.
717 1845 814 1875 Serv.
842 1842 967 1875 Dresd.
1009 1841 1104 1885 IVr.)
1201 1842 1273 1877 590
1303 1849 1339 1874 et
1373 1840 1479 1874 clara
1512 1840 1631 1884 Bigot.

96 1898 132 1925 et
155 1888 377 1934 glossematis
402 1887 482 1922 loco
509 1888 651 1933 Regius.
688 1891 726 1922 in
753 1897 860 1922 nocte
884 1888 1034 1934 reficlsic
1050 1888 1184 1922 anich.
1208 1900 1227 1922 a
1252 1901 1297 1922 m.
1316 1900 1370 1934 pr.
1440 1889 1513 1923 592
1537 1889 1631 1921 dex-

96 1947 263 1983 tramque
286 1936 427 1978 Medic„
454 1942 492 1968 ut
517 1936 708 1980 graecisset
733 1937 856 1978 Maro,
891 1936 993 1969 addit
1025 1936 1171 1977 Heins.;
1204 1936 1324 1982 potius
1358 1947 1402 1969 ex
1436 1935 1546 1968 solito
1583 1935 1633 1967 li·-

96 1985 207 2019 brarii
231 1984 347 2028 lapsu.
446 1982 517 2018 594
557 1984 645 2029 quid
679 1984 826 2016 Oudart.
876 1985 958 2029 quis
991 1984 1195 2017 indomitus
1228 1992 1359 2016 tantas
1390 1983 1528 2027 Menag.
1562 1995 1632 2016 sec.

97 2040 135 2066 et
153 2033 234 2066 Exc.
252 2033 367 2064 Burm.
404 2029 664 2077 tantusfuror
681 2037 763 2064 ante
774 2030 927 2065 Pierium
940 2031 1139 2076 legebatur.
1218 2031 1290 2067 595
1316 2031 1553 2064 zsestriGoth.
1578 2042 1632 2075 pr.

98 2127 386 2180 cupiditatem3
422 2126 504 2166 sive
519 2156 529 2176 ,
577 2126 688 2178 quod
716 2140 837 2180 prae-
896 2134 1158 2181 conspectum
1175 2127 1290 2166 venit
1309 2140 1482 2180 eumque
1504 2126 1553 2165 ab
1576 2126 1634 2165 ira

98 2192 198 2236 stat,
232 2187 416 2224 animum
437 2186 837 2237 explesseflammae
897 2193 937 2225 et
973 2187 1129 2239 impetu
1176 2192 1356 2227 revocat.
1428 2186 1493 2225 Ad
1534 2186 1634 2228 592.

97 2246 274 2293 ultricis,
309 2243 350 2282 h.
378 2257 411 2282 e.
431 2244 593 2282 flamma
621 2258 650 2283 s.
678 2245 739 2283 ira
773 2245 840 2284 ul-
898 2247 980 2287 593
998 2247 1048 2285 cf.
1068 2245 1217 2283 ibidem
1239 2258 1276 2283 v.
1296 2248 1394 2287 361.
1443 2245 1541 2283 Erat
1559 2258 1634 2282 au-

97 2303 223 2352 trice,
253 2302 293 2341 h.
313 2315 345 2341 e.
366 2302 534 2341 ultione.
580 2300 680 2356 (vid.
710 2303 755 2343 V.
791 2304 834 2345 L.

103 2359 223 2414 lVr.)
261 2375 417 2412 poena-9
450 2370 664 2411 merenz‘eS,
716 2368 765 2401 ut
796 2376 835 2401 v.

99 2420 184 2462 576
222 2433 377 2469 poenas
415 2421 654 2470 sceleratas,
696 2434 718 2458 a
750 2434 837 2459 me-

99 2482 229 2516 rente.
260 2475 348 2530 (sed
368 2476 449 2516 vid.
471 2477 517 2516 V.
529 2478 570 2516 L.
599 2478 651 2516 ad
666 2492 724 2517 vs.
740 2478 837 2522 585.

100 2541 142 2574 et
162 2534 255 2573 Not.
279 2535 331 2572 ad
355 2548 414 2573 VS.
434 2535 530 2576 576.
570 2534 684 2589 lVr.)

159 2593 244 2635 588
260 2616 307 2621 -—
320 2592 417 2635 593.
438 2592 596 2631 Aeneae
611 2594 747 2633 Venus
765 2608 839 2646 ap-

100 2651 256 2705 paruit,
291 2665 371 2689 non
405 2650 514 2689 nube
541 2651 737 2702 obducta,
771 2659 842 2692 aut

101 2710 178 2748 alia
206 2710 336 2748 forma
365 2715 562 2758 assumta,
610 2711 681 2748 sed
712 2712 841 2763 specie

101 2781 173 2807 sua
213 2766 375 2816 divina3
412 2767 496 2805 fere
524 2773 572 2805 ut
598 2767 642 2806 in
674 2769 839 2821 Hymno

100 2827 143 2866 in
171 2826 368 2866 Venerem
408 2828 485 2867 171
532 2838 588 2876 sq.
663 2827 839 2867 Imitatio

101 2884 270 2924 Homeri
297 2883 508 2922 manifesta
536 2883 650 2924 Iliad.
685 2901 723 2937 α,
756 2889 838 2930 193

101 2957 174 2996 sq.‚
204 2943 275 2983 ubi
299 2942 484 2983 Minerva
513 2941 660 2982 Achilli
688 2944 762 2984 soli
794 2944 838 2984 in

893 2309 976 2343 tem
1005 2305 1039 2342 is
1067 2303 1261 2356 temporis
1289 2315 1507 2354 rerumque
1534 2302 1610 2340 arti

895 2363 1029 2411 culus,
1057 2363 1126 2414 qui
1150 2363 1247 2400 deae
1272 2362 1538 2414 praesentiam
1558 2375 1635 2413 po-

895 2422 1089 2470 stularet,
1130 2427 1170 2458 et
1209 2421 1395 2472 quidem,
1437 2427 1484 2459 ut
1519 2425 1635 2458 tanto

897 2480 1026 2518 maior
1050 2479 1311 2518 consiliorum
1331 2478 1554 2518 auctoritas
1573 2491 1636 2515 es—

897 2544 976 2587 set,
1004 2538 1089 2589 ipsa
1108 2537 1248 2575 divina
1266 2538 1395 2590 specie
1414 2550 1636 2576 occurren-

899 2596 970 2644 tis,
1005 2596 1054 2633 de
1084 2609 1165 2646 quo
1193 2596 1237 2633 in
1272 2602 1533 2647 conspectum
1561 2608 1636 2634 ve·-

900 2654 1037 2691 niendi
1057 2667 1168 2691 more
1185 2666 1225 2694 v.
1239 2655 1334 2693 Exc.
1353 2654 1447 2692 Xlll
1461 2655 1513 2691 ad
1528 2653 1636 2695 lib.1.

902 2710 960 2765 (et
980 2711 1129 2764 Heynii
1150 2712 1244 2751 Obs.
1268 2712 1311 2751 in
1335 2712 1481 2751 Tibull.
1503 2712 1568 2761 ΙΙΙ,
1598 2714 1637 2761 6,

898 2773 966 2812 22.
1005 2768 1124 2825 JVr.)

957 2828 1041 2871 595
1060 2853 1107 2858 —
1125 2831 1222 2871 600.
1255 2829 1401 2867 Nostri
1425 2842 1525 2867 cura
1552 2828 1638 2881 pie-

898 2892 962 2926 tas
1005 2900 1088 2925 esse
1126 2886 1293 2927 videtur
1329 2887 1451 2927 matri
1493 2885 1639 2927 Veneri

897 2945 1142 2998 praestanda
1172 2945 1214 2986 in
1249 2959 1318 2996 eo,
1349 2953 1398 2987 ut
1423 2944 1638 2996 Anchisen,
