1811 3388
519 226 642 274 AD
714 220 1150 270 LIBRUM
1219 217 1312 264 III
1569 219 1669 267 583

159 359 269 413 Epiri
292 358 425 395 littore
460 354 581 392 talem
611 352 792 391 locorum
825 345 1016 398 speciem,
1052 343 1178 396 qualis
1198 343 1249 381 ad
1268 342 1383 380 Ilium
1402 348 1511 392 erat,
1541 342 1670 381 anim-

161 419 373 456 advertere
403 412 476 450 sibi
505 411 614 450 visus
644 415 732 448 erat
764 404 1074 443 Leclzevalerius
1101 416 1140 454 p.
1174 400 1254 444 184
1282 400 1330 438 de
1362 400 1529 438 Troade.
1588 401 1670 438 No-

159 482 248 514 tum
290 479 365 520 est,
406 468 745 520 quemadmodum
780 465 820 501 in
862 461 1069 513 tragoedia
1115 459 1232 497 simili
1267 457 1387 496 modo
1412 455 1670 509 Clioephorae

159 531 310 571 suerint
352 528 554 566 exhibitae
597 540 688 564 cum
720 524 768 562 ab
798 519 1013 572 Aeschylo,
1051 524 1136 557 tum
1167 514 1466 568 Chrysothemis
1494 516 1671 553 Electrae

158 602 274 627 soror
299 601 321 624 a
346 585 554 638 Sophocle.
615 583 743 621 Etiam
764 576 1068 620 Andromachae
1096 575 1222 613 mirus
1252 575 1296 612 in
1328 573 1541 612 Ascanium
1574 573 1670 611 affe-

159 653 268 695 ctus,
311 658 362 682 ex
392 641 645 696 Astyanactis
685 641 833 678 scilicet
869 635 1168 682 recordatione,
1209 646 1333 685 porro
1363 631 1597 669 adumbrata
1628 631 1670 669 in

158 718 264 743 nova
305 702 460 741 colonia
492 707 610 740 vetus
642 699 783 746 Troia,
822 694 965 734 Heleni
994 693 1159 731 tandem
1189 691 1293 729 vatis
1322 702 1534 741 responsa,
1573 687 1672 726 haec

159 762 291 801 onmia
309 774 492 812 magnam
512 759 594 797 vim
613 757 665 795 ad
687 757 863 794 animum
888 752 1039 790 habent
1064 749 1239 788 suaviter
1269 747 1537 786 afficiendum.
1597 747 1671 784 Ce-

158 827 292 858 terum
315 818 366 856 ad
398 823 630 856 nostrorum
646 814 857 853 hominum
877 824 1013 849 sensus
1031 816 1071 847 et
1090 820 1221 846 mores
1250 806 1426 844 fabulam
1452 804 1558 843 hanc
1581 810 1670 842 tra-

160 878 323 917 ductam
357 889 438 914 esse
478 890 500 912 a
538 874 727 922 Racinio‚
771 872 883 910 cuius
915 865 1196 908 Andromacha
1233 869 1368 914 extat,
1409 862 1480 902 vix
1509 875 1670 901 monere

160 948 314 974 necesse
347 940 416 972 est.

549 1177 1112 1239 EXCURSUS
1177 1173 1279 1230 XI

370 1288 861 1344 Polyxena&
955 1275 1449 1322 immolatio.

276 1393 340 1442 III,
371 1391 619 1434 321—324
666 1390 702 1428 O
722 1388 836 1440 „filix
875 1401 958 1424 una
996 1393 1087 1423 ante
1132 1384 1240 1421 alias
1283 1380 1493 1418 Priameia
1536 1379 1665 1428 virgo,

162 1453 363 1489 Hostilem
401 1451 458 1488 ad
493 1449 691 1487 tumulum
736 1447 878 1483 Troiae
924 1443 996 1481 sub
1036 1440 1238 1479 moenibus
1275 1438 1370 1475 altis
1400 1438 1520 1474 lassa
1550 1437 1665 1483 mori,

163 1524 265 1563 quae
287 1510 444 1547 sortitus
474 1522 553 1545 non
565 1506 731 1558 pertulit
751 1504 876 1550 ullos,
921 1503 1013 1539 Nec
1042 1500 1200 1538 victoris
1233 1496 1319 1533 lzeri
1346 1495 1476 1544 tetigit
1502 1494 1669 1543 captiva

161 1567 315 1605 cubile!
380 1565 547 1603 Fundus
600 1561 821 1601 sententiae
863 1560 904 1597 in
935 1557 1071 1609 Eurip.
1113 1554 1260 1594 Troad.
1301 1554 1383 1594 626
1415 1563 1498 1601 sqq·
1557 1549 1670 1587 Felix

161 1625 301 1676 utique
320 1630 439 1676 poeta
460 1623 500 1661 in
530 1621 612 1660 eius
646 1618 918 1658 exornatione.
979 1617 1102 1667 Saepe
1130 1626 1216 1651 eam
1248 1609 1389 1661 tragici
1414 1622 1505 1646 cum
1534 1608 1670 1658 gravi-

161 1688 245 1721 tate
268 1688 306 1720 et
325 1681 577 1720 miseratione
601 1678 839 1725 adhibuere,
870 1674 985 1713 nimis
1005 1671 1258 1711 luxurianter
1277 1669 1423 1705 Seneca
1454 1665 1497 1703 in
1523 1664 1669 1703 Troad.

165 1739 311 1782 143—
328 1742 407 1783 163
450 1740 550 1776 lVon
584 1746 639 1774 est
668 1736 834 1774 Priami
863 1731 1093 1770 miseranda
1119 1730 1198 1766 mei
1227 1740 1331 1764 mors
1346 1754 1356 1773 ‚
1400 1723 1553 1761 Iliades
1582 1727 1669 1770 etc„

161 1798 231 1838 ubi
257 1799 308 1835 ad
328 1811 369 1835 v.
391 1795 471 1838 148
499 1795 618 1833 etiam
648 1807 699 1832 ex
731 1791 955 1830 oratoribus
983 1787 1164 1838 exempla
1188 1783 1330 1823 laudat
1357 1782 1536 1820 Gronov.
1594 1780 1671 1816 Ce-

164 1862 294 1894 terum
325 1854 498 1894 varietas
528 1859 566 1890 et
592 1853 635 1890 in
662 1851 782 1889 huius
813 1848 967 1887 fabulae
996 1844 1237 1884 tractatione
1262 1847 1332 1878 est.
1391 1837 1561 1877 Achilles
1591 1837 1670 1875 Po-

160 1914 330 1966 lyxenae
349 1924 482 1950 amore
514 1917 653 1962 captus
683 1910 725 1948 in
752 1907 914 1945 insidias
947 1904 1165 1942 inciderat:
1205 1899 1349 1938 umbra
1378 1896 1461 1934 eius
1497 1901 1670 1933 amatam

161 1971 334 2023 puellam
378 1969 451 2007 sibi
489 1968 669 2021 postulat
707 1965 883 2004 debitam
921 1961 1094 2014 praedae
1143 1964 1308 2011 partem.
1376 1955 1427 1992 At
1467 1953 1669 2004 Polyxena

161 2028 322 2067 Achillis
347 2039 479 2065 amore
495 2027 666 2077 flagrans
698 2023 749 2061 ad
781 2023 863 2060 eius
896 2019 1099 2057 tumulum
1133 2028 1274 2055 manus
1305 2011 1377 2050 sibi
1404 2011 1529 2048 infert
1561 2009 1669 2061 apud

163 2087 294 2124 Tzetz.
313 2084 516 2122 Posthom.
543 2084 626 2124 498
645 2095 701 2132 sq.
735 2080 801 2118 ubi
829 2080 877 2118 cf.
904 2077 1051 2114 Iacobs.
1110 2073 1265 2111 Laudat
1294 2071 1437 2108 Tzetza
1465 2073 1668 2105 auctorem

164 2145 355 2181 Flavium
376 2143 470 2183 503.
531 2141 600 2178 Est
626 2139 658 2176 is
691 2137 852 2175 Flavius
881 2134 1167 2180 Philostratus,
1206 2142 1309 2167 vana
1339 2131 1563 2164 commenta
1594 2137 1667 2175 pro

162 2200 303 2238 sabulis
321 2199 494 2248 antiquis
515 2208 711 2248 apponere
729 2194 881 2232 solitus.
938 2191 1112 2229 Mactata
1132 2194 1190 2225 est
1210 2186 1412 2237 Polyxena
1438 2188 1529 2220 ante
1553 2181 1667 2219 Ilium

164 2258 216 2295 ad
254 2255 416 2294 Achillis
456 2255 659 2292 tumulum
691 2252 733 2290 in
769 2251 900 2301 Sigeo:
942 2248 1051 2300 quod
1080 2245 1265 2296 Virgilius
1293 2253 1450 2293 quoque
1478 2239 1666 2289 sequitur.

163 2316 334 2362 Contra,
366 2326 457 2350 cum
475 2310 664 2362 Euripide
684 2310 726 2347 in
744 2308 927 2354 Hecuba,
960 2306 1024 2343 alii
1043 2305 1085 2342 in
1108 2302 1277 2341 Thracia
1309 2299 1467 2337 demum
1494 2297 1667 2348 Polyxe-

162 2387 255 2411 nam
275 2370 471 2409 immolari
492 2370 663 2416 faciunt,
696 2380 794 2418 quos
812 2363 991 2414 sequitur
1016 2361 1185 2400 Ovidius
1216 2358 1310 2397 Met.
1340 2355 1444 2404 XIII,
1472 2353 1557 2396 442
1582 2366 1665 2404 sqq.

162 2431 218 2468 De
241 2428 472 2476 sortitione,
502 2421 722 2479 πληρώσει,
751 2423 827 2461 hac
847 2422 1096 2473 captivarum
1118 2417 1282 2456 ducibus
1305 2412 1464 2452 Graecis
1479 2412 1523 2449 in
1549 2423 1666 2463 prae-

164 2488 238 2526 dae
269 2493 384 2539 parte
413 2484 737 2534 assignandarum
769 2482 844 2518 loc.
887 2479 997 2518 class.
1036 2476 1170 2527 Eurip.
1200 2472 1347 2512 Troad.
1376 2470 1458 2512 235
1489 2482 1571 2519 sqq·
1618 2468 1665 2505 cs·

163 2546 303 2594 Quint.
323 2544 403 2582 Cal.
425 2543 531 2588 XIV,
554 2544 636 2583 382
656 2553 737 2591 sqq.
769 2544 807 2576 et
825 2537 976 2575 Tabula
996 2535 1114 2572 Iliaca
1137 2547 1175 2571 n.
1210 2534 1286 2573 111
1313 2542 1395 2580 sqq.
1423 2533 1459 2565 et
1488 2526 1664 2564 Fabrett.

162 2618 200 2655 p.
222 2605 316 2652 378,
340 2601 431 2640 add.
451 2598 661 2651 Polygnoti
679 2597 857 2635 tabulam
876 2594 916 2632 in
934 2595 1099 2632 Pausan.
1127 2592 1178 2640 X,
1210 2592 1276 2631 26.
1309 2587 1375 2631 25.
1415 2586 1464 2624 cf.
1493 2598 1579 2636 sup.
1614 2582 1663 2620 ad

163 2661 192 2707 1,
239 2663 334 2703 766.
375 2665 415 2696 et
450 2657 584 2696 Iacobs
621 2655 672 2694 ad
702 2653 904 2693 Posthom.
932 2651 1028 2694 498.

788 2806 1050 2814 Μ’.-
