1779 3420
156 206 256 253 800

484 201 537 248 P.
576 196 928 248 VIRGILII
965 193 1332 244 MARONIS

154 325 383 385 Infensi;
421 323 558 373 sacta
578 322 775 389 pariter
793 338 935 371 nunc
956 337 1086 386 pace
1111 317 1372 370 feruntur.

156 399 227 447 Ut
250 394 528 462 quondam
551 395 707 444 Creta
726 391 898 441 sertui·
918 390 1270 454 Labyrinthus
1302 389 1352 436 in
1381 387 1479 436 alta

155 465 449 517 Parietibus
470 472 672 512 textum
700 462 864 510 caecis
892 462 1015 522 iter,
1055 460 1449 525 ancipitemque

155 536 303 587 Mille
326 535 419 583 viis
441 532 687 581 habuisse
717 531 929 592 dolum,

969 547 1071 595 qua
1091 531 1235 593 signa
1261 524 1525 594 sequendi
1573 528 1674 577 590

157 605 388 655 Falleret
413 602 768 666 indeprensus
798 609 850 649 et
872 598 1231 647 inremeabilis
1258 614 1420 648 error.

156 674 313 724 Haud
333 673 431 723 alio
460 675 732 720 Teucrum
755 670 863 718 nati
885 669 1099 732 vestigia
1125 683 1280 716 cursu

253 792 322 827 587
344 789 491 836 pariter
503 786 613 833 sacta
633 786 795 819 Pan-has.
843 783 1026 828 fruuntur
1056 791 1127 817 tres
1159 784 1251 829 apud
1277 785 1459 816 Burmann.
1490 793 1565 815 cum
1595 780 1676 813 edd.

161 839 240 873 Ald.
260 840 348 870 lunt.

399 833 553 881 (Insessi
572 840 607 866 et
624 842 735 880 parte
757 832 899 873 Medic„
926 839 1108 876 utrumque
1131 844 1150 864 a
1168 844 1214 865 m.
1230 843 1284 876 pr.
1308 829 1404 873 Wr.)

160 886 271 919 wall.
292 897 311 917 a
329 895 374 917 m.
400 895 453 926 pr.
503 884 630 913 Cretae
650 881 750 913 altae
777 883 873 913 Serv.
892 879 985 922 apud
1014 880 1196 911 Burmann.

160 933 299 966 Thuan.
327 928 500 962 Macrobii
517 928 549 959 V
571 930 642 960 Sat.
674 928 729 961 14.
779 927 889 959 textis
912 926 1072 958 Parthas,
1122 933 1246 958 textus
1264 925 1354 956 Ven.

1486 829 1554 863 588
1576 830 1678 860 Crete

1291 878 1361 912 589
1384 874 1576 911 Abietibus
1600 873 1676 907 cod.

1450 925 1521 959 590
1548 921 1678 954 Mille-

161 981 219 1012 πίε
248 979 283 1011 Ιι.
309 978 344 1010 d.
365 976 475 1009 Goth.
496 987 579 1015 sec„
605 986 724 1018 prave.
774 973 917 1006 domum
935 979 1008 1005 tres
1029 973 1123 1017 apud
1142 974 1325 1004 Burmann.
1372 969 1443 1004 Sed
1472 969 1580 1003 dolus
1601 967 1677 1000 ele-

161 1033 292 1070 ganter.
318 1036 349 1056 v.
370 1024 455 1056 Not.
506 1021 612 1055 Mille
639 1021 735 1054 dolis
756 1021 791 1053 lz.
823 1020 938 1060 viam,
971 1032 1064 1064 quae
1085 1032 1113 1052 s.
1145 1031 1173 1052 s.
1204 1018 1364 1051 Parrhas.

931 1067 997 1100 591
1026 1069 1200 1109 Agnoscas
1224 1071 1260 1097 et
1289 1065 1347 1097 hie
1369 1063 1544 1108 duplicem
1574 1061 1677 1095 codd.

161 1086 180 1106 a
201 1085 245 1104 m.
268 1083 320 1115 pr.
354 1068 448 1111 Wr.)
497 1081 567 1113 qao
586 1069 695 1112 signa
723 1067 836 1111 Bigot.

1412 1018 1520 1062 (quae
1548 1014 1676 1047 Medic.

162 1126 310 1152 sectum:
337 1119 437 1150 Rom.
458 1127 533 1148 cum
558 1114 673 1156 codd.‚
698 1114 792 1147 inter
812 1124 898 1157 quos
920 1114 1027 1146 Goth.
1049 1113 1149 1154 alter,
1174 1119 1289 1157 parte,
1312 1113 1530 1156 Frangeret,
1557 1108 1677 1152 (etiam

163 1169 195 1201 1.
215 1166 249 1200 3.
274 1166 306 1199 8.
329 1166 383 1199 11.
413 1162 511 1205 Wr.)
535 1162 629 1194 forte
649 1167 766 1194 tamen
790 1160 877 1192 illud
902 1160 1050 1204 primum
1071 1172 1112 1192 ex
1131 1158 1267 1192 librarii
1283 1158 1383 1202 lapsu
1402 1165 1530 1190 natum.
1564 1155 1678 1187 Etiam

160 1214 318 1245 Donatus
348 1211 619 1253 interpretatur:
659 1207 846 1253 fregerint
868 1209 1007 1252 flexus.
1059 1207 1128 1240 Sed
1157 1205 1279 1238 melius
1314 1205 1442 1238 Medic.
1478 1215 1552 1237 cum
1581 1202 1677 1235 aliis:

161 1257 542 1302 Falleret-quippe‚
568 1268 686 1288 error.
734 1254 873 1288 Servius
902 1260 1085 1299 utrumque
1115 1252 1248 1298 prodit.
1285 1252 1369 1295 (vid.
1392 1254 1434 1292 Q.
1454 1252 1499 1284 V.
1523 1251 1620 1290 XVI,
1644 1249 1678 1283 3.

169 1306 264 1349 IVr.)
319 1304 612 1350 indeprelzensus
636 1301 703 1343 aL,
737 1308 773 1333 ut
798 1300 901 1334 solet.

163 1353 272 1394 reris,
299 1365 322 1385 α
340 1351 469 1383 tertiae
499 1348 656 1394 syllabae
689 1347 936 1393 superscripta.
969 1348 1062 1390 ll'r.)

952 1302 1210 1346 (indeprensus
1234 1299 1372 1339 Medic„
1398 1298 1472 1338 sed,
1499 1297 1592 1342 quod
1611 1295 1680 1328 mi-

1174 1348 1244 1382 592
1284 1346 1399 1379 Haud
1428 1345 1500 1377 alio
1534 1343 1680 1387 elegan-

163 1400 232 1433 tius
253 1411 294 1432 ex
312 1397 439 1431 Medic.
465 1404 499 1429 et
519 1409 571 1441 pr.
591 1396 716 1429 Moret.
740 1394 900 1438 reposuit
918 1395 1092 1428 Heinsius.
1143 1396 1188 1426 At
1208 1393 1265 1425 alii
1289 1404 1364 1426 cum
1383 1393 1540 1425 Romano
1561 1391 1680 1423 aliter.

164 1449 216 1492 (ut
234 1446 338 1479 etiam
368 1445 479 1477 Palat.
502 1456 577 1476 cum
609 1442 823 1487 Dorphianis
853 1448 888 1473 et
916 1449 1032 1486 utroq.
1063 1440 1159 1485 Lips.
1208 1442 1246 1472 In
1269 1441 1369 1472 Rom·
1396 1445 1512 1472 tamen
1543 1437 1681 1471 videtur

165 1500 303 1527 exstare
325 1492 429 1525 ALIO
450 1489 786 1525 TERTEUCRUM.
813 1488 907 1532 lVr.)

165 1589 399 1640 Impediunt
429 1586 653 1639 praeclare,
697 1599 788 1623 cum
819 1598 894 1623 va-

165 1648 236 1686 riis
256 1647 428 1684 flexibus
453 1645 628 1683 subeunt
662 1657 701 1681 se
725 1643 895 1681 invicem

167 1704 400 1742 saltantium
439 1702 619 1750 ordines,
668 1714 786 1752 seque
816 1700 895 1737 mi—

167 1767 280 1800 scent
307 1767 347 1798 et
374 1760 593 1812 implicant.
637 1772 676 1796 v.
708 1758 805 1801 585.
831 1758 896 1795 di-

168 1820 248 1858 ctio
268 1818 505 1856 Lucretiana
535 1816 647 1854 facile
668 1815 897 1866 agnoscitur

169 1891 221 1916 ex
241 1877 323 1914 eius
344 1876 427 1913 Lib.
457 1875 506 1924 11,
537 1874 589 1916 41
620 1880 660 1911 et
686 1873 770 1915 324
802 1872 896 1910 belli

168 1936 388 1973 simulacra
416 1935 530 1971 ciere.
564 1932 636 1970 sub
667 1932 814 1979 armis,
848 1935 894 1968 ut

168 2006 284 2044 saepe
308 1991 415 2044 apud
433 1996 594 2042 poetam
618 2003 706 2042 pro,
729 1990 892 2026 armati.

227 2050 467 2091 588-591,
506 2048 594 2085 Non
623 2052 782 2099 poterat
804 2046 898 2085 Vir-

169 2109 282 2160 gilius
322 2119 510 2158 superare
544 2105 609 2143 vel
650 2104 802 2154 assequi
836 2103 898 2140 lo—

170 2180 262 2204 cum
292 2164 477 2212 Homeri,
517 2176 634 2213 quem
662 2163 768 2200 inter
805 2161 898 2212 pul-

170 2223 361 2262 cerrimos
414 2222 590 2273 primum
638 2219 897 2257 excitandum

170 2281 306 2330 eredo,
340 2281 447 2317 Iliad.
473 2292 507 2328 6,
529 2280 610 2320 590
637 2292 721 2328 sqq.
743 2277 792 2314 ad
815 2276 897 2318 605

172 2340 221 2376 de
242 2337 404 2375 Daedali
436 2336 572 2374 choro.
633 2336 732 2373 Rem
766 2335 899 2385 itaque

172 2397 369 2448 sapienter
411 2394 597 2432 traduxit
642 2393 693 2431 ad
733 2392 898 2430 similem

171 2467 270 2501 rem,
286 2451 592 2503 Labyrinthum,
609 2465 725 2500 quem
748 2464 792 2487 ea
809 2464 901 2488 cum

173 2517 259 2548 arte
285 2510 452 2556 effinxit,
476 2516 521 2547 ut
544 2509 650 2546 inter
670 2509 755 2545 eius
772 2508 902 2545 flexus

173 2568 357 2617 legendos
389 2568 469 2617 ipse
501 2566 612 2615 quasi
643 2579 778 2604 errore
806 2565 902 2602 ferri

173 2625 369 2671 videari33
411 2624 464 2659 ita
491 2623 661 2674 implexa
692 2623 775 2673 ipsa
807 2635 903 2660 ver-

174 2684 237 2730 ba,
270 2694 370 2732 quae
394 2681 507 2717 Plinii
535 2681 666 2717 animo
690 2680 902 2716 obversata

175 2747 274 2792 puto
297 2741 335 2776 in
358 2736 604 2788 Labyrintho
628 2737 691 2773 lib.
716 2736 902 2783 XXXVI,

178 2801 241 2843 12,
260 2812 288 2834 s.
315 2798 408 2843 192,
440 2795 497 2832 uli
518 2795 598 2845 ipse
620 2794 803 2843 Virgilius
823 2794 903 2829 (Ia—

175 2855 264 2892 tulli
308 2867 458 2890 memor
499 2852 618 2889 fuisse
662 2851 824 2888 videtur
864 2864 902 2887 n.

174 2912 274 2961 LXI,
312 2914 450 2953 112—
470 2910 560 2951 115.
589 2910 702 2946 Creta
732 2911 774 2946 in
798 2908 899 2956 alla,

955 1490 1038 1522 nati
1065 1491 1243 1522 Teucrum
1268 1486 1360 1521 Gud.

954 1585 1003 1624 cs.
1021 1598 1117 1623 mox
1138 1583 1207 1624 lib.
1223 1583 1287 1631 VI,
1308 1584 1362 1624 23
1390 1587 1557 1634 propter
1570 1579 1681 1619 Idam

954 1649 993 1680 et
1027 1643 1123 1680 alios
1151 1647 1329 1688 montes;
1369 1652 1610 1690 quamquam
1641 1644 1682 1675 et

955 1700 1083 1738 omnis
1119 1699 1250 1737 insula
1289 1698 1376 1735 alla
1412 1703 1494 1745 est,
1535 1697 1681 1747 quippe

954 1757 1054 1795 mari
1099 1757 1225 1794 altior.
1294 1754 1519 1792 Parietibus
1553 1755 1682 1791 caecis

954 1815 994 1853 h.
1024 1815 1049 1852 l.
1084 1814 1152 1865 qui
1179 1813 1310 1852 visum
1341 1826 1386 1849 ac
1423 1818 1681 1863 prospectum

952 1872 1234 1924 intercipiunt,
1265 1876 1312 1909 ut
1334 1875 1468 1908 totum
1491 1870 1580 1917 iter,
1603 1882 1682 1920 qua

953 1936 1100 1982 pateat,
1118 1929 1326 1967 aestimare
1346 1941 1530 1979 nequeas.
1561 1926 1681 1965 Ovid.

954 1989 995 2026 in
1035 1988 1122 2025 Ioco
1163 2001 1253 2024 cum
1295 1985 1372 2024 hoc
1410 1984 1681 2037 comparando

958 2046 1043 2084 VIII
1072 2046 1166 2084 Met.
1199 2046 1279 2087 158
1309 2058 1392 2094 sqq.
1425 2058 1547 2081 caeca
1580 2051 1682 2080 tecta

957 2104 1071 2142 dixit.
1131 2102 1313 2140 Cuiacius
1347 2102 1459 2139 Obss.
1489 2101 1525 2150 1,
1566 2103 1620 2142 30
1660 2113 1681 2136 a

956 2163 1093 2199 Burni.
1127 2160 1315 2198 laudatus
1345 2174 1483 2197 caecos
1509 2160 1682 2209 parieles

957 2232 1038 2257 esse
1079 2218 1162 2256 siue
1194 2217 1375 2255 fenestris
1412 2216 1570 2265 docuit3
1613 2214 1681 2252 sed

956 2277 1035 2315 hoc
1054 2282 1113 2314 est
1134 2277 1269 2314 ICtuni
1291 2273 1569 2326 interpretari,
1603 2286 1682 2310 non

959 2341 1128 2387 poetam.
1188 2334 1325 2371 dolum
1355 2332 1394 2370 h.
1422 2345 1453 2369 e.
1491 2331 1568 2369 iter
1606 2330 1682 2368 do—

955 2393 1098 2440 losum,
1130 2391 1279 2429 fallens.
1338 2393 1458 2439 signa
1477 2389 1679 2439 sequendi,

958 2449 1221 2502 procedendi,
1267 2453 1314 2485 ut
1341 2447 1468 2499 poetis
1501 2445 1684 2494 ἕπεσθαι,

958 2511 1094 2559 sequi,
1128 2520 1202 2558 pro
1225 2507 1302 2552 ire,
1335 2504 1377 2542 h.
1401 2518 1431 2542 e.
1465 2509 1579 2540 notas
1598 2503 1685 2540 viae

960 2572 1000 2602 et
1019 2564 1182 2612 itineris,
1214 2576 1291 2611 qua
1313 2567 1398 2600 erat
1419 2560 1685 2598 incedendum

960 2623 1155 2660 reditum.
1205 2619 1325 2658 ovid.
1363 2620 1388 2656 l.
1426 2632 1457 2656 c.
1491 2618 1685 2655 Daedalus

963 2679 1169 2728 ludumque
1191 2687 1329 2725 nolas,
1365 2685 1400 2712 (Ἰ
1430 2677 1684 2726 luminasle—

963 2751 1059 2772 xum
1083 2737 1210 2772 J)11(¹1'l
1234 2738 1271 2771 ιἰι
1296 2748 1460 2772 οντων-(1η
1482 2736 1686 2770 variarum

963 2808 1085 2829 errore
1129 2794 1302 2829 viarum..
1357 2793 1460 2829 cons.
1502 2791 1571 2829 inf.
1623 2789 1685 2834 VI,

962 2853 1017 2891 27
1052 2864 1107 2899 sq.

1022 2906 1276 2948 592—595.
1300 2906 1440 2944 Parem
1459 2906 1500 2943 in
1523 2903 1689 2942 moduni
