1779 3420
47 211 150 257 932
376 206 430 255 P.
468 204 825 254 VIRGILII
857 204 1219 256 MARONIS

49 331 354 383 Coelicolae
378 331 602 383 valeant.
678 333 790 381 Stat
810 330 984 382 ferrea
1007 333 1166 381 turris
1194 331 1258 380 ad
1286 348 1462 393 auras3

48 403 458 469 Tisiphoneque
478 402 700 465 sedens,
737 402 875 468 palla
902 403 1168 452 succincta
1192 411 1426 465 cruenta,
1475 403 1579 453 555

49 473 385 524 Vestibulum
411 473 677 522 exsomnis
697 481 870 520 servat
892 482 1189 539 noctesque
1215 472 1454 539 diesque.

45 545 183 593 Hinc
210 543 444 593 exaudiri
465 543 719 607 gemituS,
760 551 813 590 et
835 558 986 591 saeva
1011 559 1206 591 sonare

44 614 311 674 Verbera3
349 622 468 662 tum
490 611 690 660 stridor
712 609 865 674 ferri,
903 621 1211 678 tractaeque
1240 620 1472 662 catenae.

48 684 299 736 Constitit
322 687 554 744 Aeneas,
592 682 929 749 strepituque
955 684 1232 732 exterritus
1254 681 1436 732 haesit.

114 781 232 832 559.
270 791 572 826 STREPrrUM
644 789 839 824 HAUSIT

46 929 218 963 Montalb.
243 928 286 962 cf.
308 928 352 961 ad
373 929 432 968 IV,
457 928 539 963 425.
589 929 627 961 In
651 928 720 962 fine
737 941 858 962 versus
888 928 1015 962 iterum
1038 928 1167 974 duplex
1190 928 1294 962 codd.
1320 926 1470 961 familia:
1498 925 1578 959 Me-

45 977 114 1010 dic.
140 989 216 1009 cum
244 976 289 1009 al.
316 975 449 1021 ferro,
474 975 569 1020 quod
590 983 687 1009 recte
715 978 937 1021 praesertum
963 977 1064 1013 Rom.
1086 977 1211 1020 fragm.
1242 977 1358 1009 Vatic.
1381 975 1472 1008 Gud.
1495 986 1515 1007 a
1532 985 1577 1006 m.

45 1036 99 1069 pr.
125 1026 216 1064 (uam
237 1023 266 1056 is
289 1024 332 1056 ad
354 1023 592 1066 Apronianum
611 1025 789 1068 exemplar
822 1024 1025 1056 emendatus
1049 1024 1129 1066 est),
1164 1024 1255 1056 adde
1286 1022 1481 1056 Palatinum
1508 1023 1579 1054 Be-

44 1071 188 1112 nedicti,
214 1083 290 1104 cum
311 1070 356 1103 al.
381 1078 415 1103 et
431 1071 541 1103 Goth.
563 1083 633 1104 sec.
663 1070 771 1105 bello.
821 1072 923 1116 (Hoc,
950 1071 1057 1112 bello,
1081 1070 1215 1115 recepit
1238 1071 1397 1110 Iahnius3
1435 1076 1470 1101 et
1489 1080 1578 1113 pos-

45 1119 92 1151 sit
103 1118 214 1164 serro
235 1118 439 1151 translatum
463 1117 576 1150 videri
595 1130 637 1150 ex
660 1119 723 1159 IX,
752 1120 848 1154 137.:
876 1119 1032 1160 „ferro
1059 1118 1269 1151 sceleratam
1295 1116 1452 1151 exscin
1468 1117 1577 1148 dere

45 1170 220 1210 gentem.“
269 1167 400 1198 Verum
422 1165 491 1198 hoc
510 1177 619 1209 genus
645 1166 785 1199 critices
806 1167 881 1199 sere
908 1178 979 1198 non
995 1191 1004 1207 ,
1036 1166 1104 1198 nisi
1130 1171 1203 1197 tum
1219 1191 1228 1206 ,
1256 1172 1352 1198 reete
1376 1164 1578 1203 adhibetur,

44 1225 149 1258 quum
171 1224 241 1245 uon
265 1212 378 1245 solum
396 1213 506 1245 verba
525 1220 604 1245 sunt
622 1214 757 1254 eadem,
782 1214 845 1246 sed
865 1214 959 1246 idem
980 1213 1084 1246 etiam
1110 1213 1222 1245 ordo
1249 1213 1450 1245 verborum.
1499 1212 1577 1243 Ne-

44 1272 111 1306 que
133 1260 183 1293 ita
201 1272 281 1293 raro
307 1271 371 1305 pro
393 1259 628 1305 voc.ferrum
656 1260 832 1304 glossema
853 1260 985 1293 bellum
1010 1273 1029 1293 a
1061 1260 1217 1292 librariis
1248 1260 1283 1292 in
1310 1266 1406 1292 texta
1430 1258 1577 1298 illatum,

43 1314 83 1340 ut
105 1307 198 1352 apud
216 1308 346 1340 Lucan.
377 1308 454 1347 VII,
479 1308 560 1343 345.
595 1307 671 1341 Liv.
692 1309 809 1347 XXII,
836 1309 893 1343 39.
930 1313 1017 1340 Aen.
1047 1309 1128 1346 XII,
1157 1306 1234 1342 124.
1261 1308 1338 1341 186.
1388 1307 1476 1338 Tum
1489 1305 1577 1350 fer—

45 1368 125 1388 rum
138 1355 244 1387 verbo
259 1355 484 1395 exscindere,
512 1356 700 1400 praecipue
723 1367 808 1389 vero
835 1355 1152 1388 adamantinis
1177 1355 1347 1387 columnis
1368 1355 1467 1386 unice
1488 1365 1577 1385 eou—

43 1401 158 1440 venit3
185 1408 220 1434 et
235 1402 327 1434 bene
345 1401 505 1434 Servius:
550 1403 723 1442 „Adamas
750 1403 841 1448 lapis
867 1411 920 1435 est
940 1402 1143 1435 durissimus
1172 1409 1205 1434 et
1230 1409 1347 1434 tantae
1373 1399 1577 1439 soliditatis,

43 1456 84 1482 ut
104 1461 167 1482 nec
194 1450 318 1482 ferro
345 1449 460 1493 possit
483 1449 664 1493 infringi.‘·
693 1452 789 1491 lVr.)
886 1451 955 1485 555
981 1450 1084 1482 sedet
1104 1461 1175 1482 sec.
1198 1450 1325 1481 Moret.
1414 1449 1484 1483 556
1510 1460 1576 1480 ex-

44 1498 183 1530 somnis
203 1496 259 1529 vel
284 1498 445 1529 exomnis
475 1497 603 1530 Medic.
631 1510 708 1530 cum
739 1497 918 1542 plerisque
954 1497 1075 1530 I-leins.
1094 1499 1277 1529 Burmann.
1307 1503 1343 1528 et
1364 1495 1468 1536 Pien,
1495 1495 1577 1527 item

43 1544 170 1588 fragm.
193 1543 308 1576 Vatic.
327 1550 364 1576 et
383 1544 438 1577 ed.
458 1543 538 1576 Ald.
562 1556 614 1588 pr.
665 1546 757 1588 Ergo
784 1553 880 1578 recte
905 1552 1087 1589 receptum
1117 1545 1159 1577 ab
1187 1543 1330 1576 Heinsio
1353 1551 1387 1575 ct
1414 1542 1573 1574 illustra—

43 1599 114 1624 tum
138 1591 320 1635 exemplis.
369 1591 491 1624 Altera
508 1591 615 1624 lectio
631 1593 809 1625 insomnis
829 1605 847 1625 e
869 1594 968 1624 Rom.
992 1592 1091 1624 fluxit
1106 1591 1272 1635 aliisque,
1310 1591 1372 1623 sed
1395 1589 1574 1634 pauciori-

43 1639 128 1677 bus;
155 1639 204 1682 (in
233 1637 358 1682 quibus
382 1638 494 1671 Palat.
526 1645 562 1670 et
591 1641 624 1674 9.
654 1640 752 1680 lVr.)
781 1647 816 1672 et
842 1639 891 1672 sic
918 1640 972 1672 ed.
1006 1639 1151 1671 Mediol.
1175 1639 1253 1671 AId.
1279 1639 1453 1678 secunda,
1487 1639 1574 1671 lunt.

43 1684 204 1729 aliaeque
223 1692 308 1718 vett.
355 1699 374 1718 e
390 1687 526 1718 somnis
547 1686 602 1719 ed.
622 1688 712 1719 Ven.
748 1688 916 1731 (noctisq.
942 1686 1038 1731 prius
1060 1686 1094 1718 in
1117 1686 1244 1718 Medic.
1267 1685 1435 1728 scriptum
1464 1684 1575 1717 fuisse

44 1732 220 1776 Fogginio
244 1732 394 1766 videtur.
420 1733 518 1776 lVr.)
604 1734 675 1769 557
700 1746 835 1766 sonore
856 1734 990 1777 aliquot
1012 1734 1101 1766 Pier.
1189 1735 1257 1768 558
1276 1746 1355 1765 cum
1378 1744 1430 1775 pr.
1450 1731 1574 1765 Hamb.

45 1788 238 1823 tortaeque
267 1780 321 1812 ed.
343 1781 434 1813 Ven.
530 1780 600 1814 559
618 1782 847 1826 strepituque
864 1794 893 1813 e.
916 1782 1036 1813 haesit
1058 1780 1183 1813 Medic.
1197 1806 1206 1822 ,
1232 1787 1268 1812 at
1290 1780 1325 1812 in
1348 1781 1447 1812 Rom.
1476 1788 1575 1811 stre-

43 1828 233 1873 pitumque
254 1839 283 1858 e.
309 1828 452 1866 haesit,
487 1826 573 1859 item
598 1826 632 1859 in
653 1828 814 1870 Longob.
843 1835 877 1860 et
904 1828 1025 1871 fragm.
1046 1826 1173 1866 Vatie.,
1197 1827 1261 1859 sed
1279 1840 1300 1858 u
1321 1827 1574 1870 superscripto.

45 1873 198 1906 Videtur
218 1879 334 1905 tamen
358 1873 505 1906 alterum
526 1875 651 1906 hausit
670 1881 777 1919 poeta
803 1874 960 1918 diguiuS‚
993 1875 1086 1918 quod
1108 1875 1235 1919 ubique
1270 1874 1400 1905 editum
1415 1898 1424 1913 ‚
1450 1873 1574 1905 saltem

44 1920 127 1953 inde
150 1920 192 1952 ab
212 1920 314 1953 Aldo.
349 1921 419 1964 (Ne
441 1921 584 1961 dubita,
619 1922 700 1965 quin
719 1933 836 1953 veram
858 1922 1025 1954 exhibeat
1048 1921 1256 1959 lectionem,
1292 1932 1395 1965 quam
1415 1921 1574 1963 reposui,

45 1968 243 2008 Mediceus,
275 1966 352 2000 aliis
379 1967 496 2008 codd.,
529 1968 587 2012 qui
620 1976 654 2001 et
679 1968 748 2012 ipsi
770 1968 806 2000 in
832 1968 1144 2012 praestantissimis
1174 1974 1422 2008 numerantur,
1456 1967 1575 2000 mendi

46 2014 218 2057 originem
238 2021 361 2058 aperte
389 2014 638 2048 indicantibus.
689 2017 802 2056 Quum
835 2016 925 2048 enim
954 2016 1081 2049 vitiose
1110 2016 1277 2061 scriptum
1315 2022 1408 2047 esset
1438 2016 1576 2060 Strepi-

47 2070 139 2102 tum,
165 2061 308 2094 verbum
329 2062 449 2094 haesit
465 2069 633 2095 mutatum
655 2070 708 2095 est
736 2062 772 2094 in
792 2063 936 2101 Ιιαιιειίς
972 2070 1009 2095 ut
1035 2064 1164 2095 factum
1197 2063 1352 2095 videmus
1382 2061 1417 2094 in
1450 2062 1576 2105 fragm.

46 2108 162 2143 Vatic.
211 2108 349 2142 Deinde
368 2109 472 2142 etiam
491 2109 668 2143 sententia
687 2109 848 2154 vulgatae
867 2110 1033 2144 lectionis
1061 2111 1167 2155 longe
1190 2118 1241 2143 est
1265 2109 1436 2143 deterior.
1485 2111 1575 2142 Nam

841 2246 994 2279 vestem
1041 2247 1251 2279 cruentam
1303 2254 1355 2279 ex
1397 2240 1576 2278 Homero

842 2299 960 2350 petiit
997 2299 1106 2337 Iliad.
1146 2312 1180 2346 σ,
1215 2302 1312 2347 538,
1368 2299 1436 2337 ubi
1482 2296 1574 2351 Κήρ

844 2353 959 2409 Εἷμα
992 2353 1032 2397 δ’
1082 2353 1271 2410 ἕχόἷμφ’
1311 2355 1457 2409 ὤμοισι
1501 2357 1576 2396 δοι-

844 2416 1016 2464 φοίνεον
1059 2416 1198 2467 αἵματι
1230 2419 1379 2465 φωτῶν
1416 2428 1577 2453 accom-

47 2244 111 2276 tae
135 2239 304 2277 sollenni
325 2240 451 2278 forma
475 2240 669 2291 loquendi
685 2240 783 2279 red—

49 2297 180 2335 ditur:
211 2311 293 2335 esse
319 2311 406 2335 eam
429 2299 616 2337 eductam
638 2301 681 2336 in
702 2314 784 2336 αιι-

52 2370 133 2403 να3,
164 2357 207 2392 m
219 2357 391 2393 eaelum.
427 2357 587 2395 Poetico
607 2357 783 2395 sermoni

48 2411 128 2450 hoc
145 2412 198 2450 ita
218 2415 429 2465 proprium
459 2415 704 2467 putandum,
738 2421 785 2453 ut

49 2470 118 2508 illa
162 2471 278 2521 plane
320 2473 455 2510 Iocum
513 2488 595 2511 non
638 2472 785 2511 habeat

51 2528 276 2579 subtilitas,
308 2544 358 2567 an
388 2546 492 2568 αιινα
522 2533 562 2569 iu
595 2532 691 2570 locis
718 2532 784 2569 in-

51 2586 143 2625 feris
160 2586 222 2625 sit.
283 2588 379 2629 553.
405 2588 517 2627 Adeo
540 2589 674 2628 nullus
689 2590 783 2628 inde

52 2644 210 2683 reditus
230 2645 280 2681 ad
309 2659 489 2696 superos
548 2648 671 2695 Quod
696 2657 783 2685 lur—

52 2704 130 2740 rim
158 2703 354 2754 appellat,
395 2712 491 2755 puta
525 2718 607 2742 esse
643 2705 785 2742 aedifi-

54 2761 161 2798 cium
181 2762 333 2811 ingens,
365 2762 407 2799 in
430 2763 555 2800 altum
579 2762 785 2809 eductum,

56 2833 129 2869 pro
159 2833 330 2867 carcere,
375 2827 446 2857 aut
466 2821 684 2871 ergastulo,
717 2820 787 2858 sed

54 2876 157 2914 illud
182 2878 307 2929 magis
327 2877 378 2915 ad
396 2891 503 2925 rem,
535 2877 790 2915 habendum:

56 2932 344 2987 δεσμωτήριον.
427 2936 522 2978 555.
555 2935 791 2988 Tisiphones

843 2473 1048 2511 modatius
1080 2487 1174 2511 sane
1205 2475 1246 2511 in
1278 2488 1426 2526 pugna.
1471 2474 1576 2511 cons.

843 2533 945 2569 Stat.
975 2531 988 2569 I
1022 2531 1147 2570 Theb.
1183 2535 1276 2574 109.
1314 2535 1407 2573 110.
1478 2531 1576 2575 556-

842 2589 1081 2627 vestibulum
1094 2590 1222 2641 simpl.
1236 2604 1311 2641 pro
1326 2590 1453 2627 aditu.
1479 2589 1575 2630 557.

842 2649 940 2689 558.
972 2648 1291 2686 Numerosissimi
1312 2661 1475 2697 versus;
1506 2647 1577 2685 sed

844 2711 884 2741 et
915 2706 1041 2743 mirus
1076 2706 1247 2743 dilectus
1278 2719 1435 2753 rerum,
1475 2718 1577 2756 quae

846 2762 991 2800 auditu
1021 2770 1193 2801 mentem
1220 2765 1472 2815 percellunt,
1514 2764 1578 2801 sa-

848 2827 938 2857 ctus
961 2827 1029 2858 est.
1090 2821 1306 2859 Miltonum
1336 2822 1409 2859 hos
1438 2835 1578 2861 versus

850 2880 1088 2929 expressisse
1120 2879 1187 2918 lib.
1216 2881 1324 2926 VIII,
1363 2882 1447 2922 240
1480 2894 1578 2931 sqq,

850 2937 931 2974 iam
959 2937 1023 2975 alii
1045 2943 1253 2976 notarunt.
1307 2937 1581 2991 (slrz'dorserri
