1779 3420
153 208 290 256 1006
533 201 1272 252 EXCURSUSII

151 339 263 373 tator
292 331 371 371 loci
400 330 631 382 Petronius;
658 330 768 383 quod
799 336 840 369 et
867 329 1000 383 ipsum
1024 329 1212 369 accedere
1242 331 1377 383 potuit
1407 331 1460 371 ad
1491 331 1677 382 alterum,

153 405 246 430 cum
276 390 444 429 eandem
474 395 663 429 naturam
696 388 976 441 sulphurariae
1007 389 1183 440 aliaeque
1221 389 1264 427 in
1301 389 1349 427 iis
1377 390 1473 429 locis
1514 391 1679 443 spelun-

154 463 224 488 cae
265 448 454 487 habeant.
534 447 770 498 contagium
808 447 903 484 tetri
945 446 1046 484 aeris
1085 447 1192 484 fama
1231 447 1326 486 olim
1367 448 1409 487 in
1440 449 1680 488 miraculum

155 513 352 557 auxerat,
391 512 441 545 ut
482 518 575 544 aves
606 505 705 543 adeo
746 504 1086 555 supervolitantes
1118 504 1275 543 foetore
1305 513 1464 545 enectas
1495 507 1680 546 decidere

155 565 419 604 affirmarent.
464 563 549 603 vid.
581 562 728 600 Strabo
761 562 808 611 V,
837 575 876 613 p.
904 562 989 603 244
1019 562 1063 600 B.
1108 562 1218 612 quod
1249 577 1358 602 nunc
1388 566 1502 604 aliter
1533 579 1573 604 se
1602 564 1681 604 ha-

155 625 250 664 bere
282 623 430 662 docent
458 621 639 660 Breislak
669 625 710 657 et
740 620 818 657 alii.
878 619 1007 657 Colles
1018 649 1028 668 ,
1060 633 1161 670 quos
1193 620 1391 672 diximus,
1431 624 1556 662 variis
1586 637 1679 676 per-

157 681 254 722 fossi
284 680 481 733 specubus
510 678 595 717 vias
623 676 857 715 habuerunt
888 677 1195 728 subterraneas,
1228 679 1461 730 caliginosas
1493 687 1534 719 et
1559 688 1683 720 tetras

156 739 466 792 hospitibusque
494 736 729 789 impervias,
761 748 933 786 quarum
963 735 1094 784 binae,
1125 736 1196 774 sed
1227 743 1268 776 et
1297 736 1372 775 hae
1402 739 1486 777 fere
1517 739 1683 778 obstru—

159 804 268 847 ctae,
310 800 551 848 supersunt,
591 793 641 832 de
682 793 827 844 quibus
865 793 970 831 infra
1001 793 1241 834 videbimus.
1300 796 1429 835 Locus
1458 797 1580 849 igitur
1610 811 1685 849 ap-

158 856 287 910 prime
316 854 485 892 idoneus
518 851 571 891 ad
601 851 814 891 hominum
843 851 997 891 animos
1035 852 1273 906 religionum
1313 855 1537 894 terroribus
1573 856 1686 895 solli-

160 912 356 953 citandos

277 1007 428 1058 Specus
459 1003 554 1043 olim
585 1002 706 1042 fuisse
735 1003 776 1042 in
808 1002 870 1041 his
899 1001 999 1042 locis
1029 1002 1183 1055 plures,
1214 1003 1337 1043 modo
1369 1005 1569 1055 diximus,
1614 1006 1689 1044 etsi

161 1070 296 1104 terrae
334 1062 514 1101 motibus
554 1062 720 1114 ipsaque
761 1067 890 1100 aetate
926 1061 1044 1099 multi
1085 1069 1350 1114 corruerunt,
1397 1070 1444 1102 ut
1482 1063 1584 1102 adiri
1615 1077 1689 1102 ne-

162 1127 328 1175 queant.
387 1120 522 1159 Habet
552 1120 671 1158 etiam
704 1120 821 1158 littus
860 1119 964 1158 circa
992 1119 1189 1159 Misenum
1220 1126 1356 1160 cautes
1392 1121 1538 1174 passim
1569 1135 1691 1161 exca—

162 1187 304 1229 vatas,
335 1192 434 1230 quas
465 1193 487 1216 a
517 1178 783 1231 Lycophrone
813 1193 891 1218 vss.
926 1180 1230 1221 1278—1280
1263 1181 1500 1234 Ζωστηρίου
1530 1195 1572 1221 τε
1602 1183 1691 1221 κλι-

163 1236 240 1279 mlv
268 1243 343 1276 etc.
374 1237 491 1276 innui
521 1243 632 1289 puto.
693 1237 926 1275 Admodum
944 1237 1080 1288 itaque
1102 1237 1311 1289 probabile
1334 1244 1412 1286 est,
1445 1244 1485 1276 et
1514 1238 1692 1291 opinioni

164 1296 287 1335 fidem
318 1295 418 1334 facit
458 1295 566 1347 apud
607 1295 847 1334 Strabonem
877 1295 946 1336 lib.
986 1295 1040 1344 V,
1076 1309 1115 1347 p.
1146 1295 1231 1337 244
1255 1297 1300 1336 D.
1332 1295 1541 1348 EphorUS,
1580 1297 1694 1335 cuius

166 1368 310 1406 magna
339 1353 417 1392 hac
446 1353 490 1391 in
519 1366 564 1392 re
595 1353 818 1392 auctoritas
850 1359 928 1403 est,
969 1367 1061 1391 cum
1101 1353 1184 1405 ipse
1216 1354 1419 1393 Cumanus
1452 1355 1694 1406 diligensque

167 1413 343 1465 scriptor
373 1411 520 1461 suerit,
552 1412 683 1463 prisca
718 1417 849 1450 aetate
881 1425 945 1449 eas
976 1424 1168 1450 cavernas
1197 1411 1427 1452 hominibus
1456 1427 1532 1465 pro
1563 1412 1696 1451 domi-

168 1471 244 1510 bus
274 1470 396 1509 fuisse
430 1468 705 1523 (Troglodytis
734 1470 871 1521 itaque
901 1470 959 1508 illi
989 1470 1267 1525 accensendi),
1314 1472 1442 1511 donec
1471 1471 1523 1509 ad
1552 1471 1697 1510 melio-

169 1542 256 1569 rem
287 1528 396 1568 vitae
430 1529 584 1566 cultum
613 1529 904 1580 procederent,
944 1534 1161 1580 natamque
1201 1529 1298 1568 hinc
1326 1543 1407 1569 esse
1439 1529 1488 1568 de
1521 1530 1697 1568 Cimme-

171 1589 244 1626 riis
275 1586 453 1625 fabulam
486 1585 630 1637 Odyss.
661 1589 704 1636 λ,
739 1590 789 1628 13
822 1600 906 1637 sqq.
917 1601 928 1637 3
967 1586 1041 1625 etsi
1071 1587 1248 1626 tenebris
1279 1588 1357 1627 illis
1391 1587 1597 1641 perpetuis
1626 1587 1698 1625 sil-

171 1658 246 1684 vae
268 1657 429 1696 quoque
455 1645 694 1691 continuae,
734 1645 879 1696 quibus
911 1645 1114 1684 convalles
1146 1646 1350 1686 montium
1385 1646 1537 1686 obsitae
1568 1652 1699 1696 erant,

173 1703 365 1742 maiorem
396 1701 611 1741 horrorem
644 1702 793 1741 addere
823 1703 1066 1743 debuerunt.

292 1805 609 1845 succedentibus
638 1807 888 1859 temporibus
924 1807 1108 1845 locorum
1135 1813 1324 1847 naturam
1354 1807 1585 1861 superstitio
1621 1806 1702 1846 suis

177 1864 317 1904 usibus
356 1864 703 1914 accommodavit,
758 1870 798 1902 et
827 1866 1132 1911 necyomantion
1171 1865 1226 1903 ibi
1262 1865 1493 1904 institutum
1533 1871 1611 1914 est,
1657 1870 1704 1904 ut

177 1923 315 1961 Manes
347 1923 502 1960 evocati
532 1921 826 1960 sciscitantibus
865 1923 949 1960 fata
986 1922 1220 1975 praedicere
1250 1924 1537 1973 crederentur,
1582 1923 1705 1974 idque

178 1981 347 2019 Homeri
378 1979 512 2018 adhuc
543 1985 673 2018 aetate
704 1980 989 2018 auctoritatem
1016 1979 1183 2031 habuit,
1222 1982 1292 2033 qui
1322 1983 1503 2034 Ulyssem
1543 1995 1588 2019 ea
1617 1982 1704 2020 loca

180 2038 325 2076 adiisse
355 2044 509 2076 narrat.
570 2039 698 2076 Erant
727 2038 968 2087 sacerdotes,
1000 2039 1069 2090 qui
1099 2053 1211 2078 sacra
1241 2046 1530 2090 monstrarent,
1561 2039 1706 2090 quibus

180 2097 317 2135 Manes
356 2102 488 2134 essent
524 2096 710 2148 placandi
752 2095 809 2149 (v.
850 2097 997 2135 Strabo
1029 2097 1083 2147 V,
1115 2110 1153 2149 p.
1185 2097 1269 2140 244
1304 2099 1352 2147 C,
1395 2099 1466 2136 ubi
1507 2096 1708 2146 εἶςέπλεον

182 2169 328 2208 parum
361 2160 546 2192 accurate
578 2168 629 2192 ex
663 2169 734 2193 sua
766 2160 892 2193 aetate
924 2155 1069 2193 dixisse
1088 2155 1265 2207 videtur,
1301 2162 1349 2195 ut
1366 2156 1587 2194 Maximum
1611 2156 1707 2208 Tyr.

183 2213 283 2251 Diss.
314 2213 410 2251 XIV
441 2213 618 2263 aliosque
650 2212 865 2266 omittam).
926 2214 988 2251 Ex
1017 2213 1215 2252 maiorum
1244 2215 1329 2254 vita
1359 2220 1622 2254 servaverant
1642 2227 1710 2250 sa-

185 2271 368 2309 cerdotes
403 2284 580 2320 morem,
621 2277 670 2309 ut
708 2271 886 2323 religioni
931 2271 1125 2309 ducerent
1154 2272 1277 2310 solem
1314 2272 1475 2321 videre,
1523 2285 1598 2310 nec
1635 2270 1711 2309 nisi

185 2334 310 2367 noctu
340 2328 540 2379 speluncis
570 2328 805 2380 prodirent,
847 2336 895 2368 ut
924 2329 1111 2381 Ephorus
1142 2330 1252 2382 apud
1281 2331 1517 2369 Strabonem
1545 2330 1571 2369 l.
1603 2343 1635 2368 e.
1667 2329 1710 2367 D.

188 2392 332 2424 auctor
367 2392 438 2424 est.
500 2386 724 2439 Κερβέριον
758 2384 841 2427 ὑπὸ
875 2386 998 2440 χθονὶ
1046 2392 1237 2441 μαντεῖον
1267 2389 1311 2427 in
1349 2388 1412 2427 his
1452 2387 1550 2426 locis
1590 2386 1712 2426 etiam

187 2446 385 2496 Scymnus
415 2445 656 2484 memoravit
685 2459 725 2484 v.
757 2444 856 2487 248.

309 2535 488 2573 Tandem
520 2535 700 2574 Manium
731 2536 843 2575 sedes
874 2543 913 2575 et
941 2536 1015 2588 ipsi
1046 2537 1185 2586 inferi,
1228 2537 1373 2587 quibus
1404 2536 1618 2576 evocandis
1645 2549 1713 2573 sa·-

192 2606 263 2631 cra
292 2592 334 2630 in
365 2592 427 2631 his
457 2593 554 2631 locis
584 2594 758 2643 fiebant,
805 2594 872 2632 hic
912 2607 996 2632 esse
1025 2596 1091 2633 vel
1125 2594 1267 2633 crediti
1297 2601 1393 2633 sunt
1428 2595 1493 2634 vel
1525 2608 1548 2632 a
1585 2593 1714 2646 poetis

192 2650 362 2688 narrati.
422 2651 534 2688 Cons.
566 2652 754 2690 Strabon.
796 2652 821 2691 l.
853 2666 885 2690 c.
928 2659 968 2690 et
998 2653 1182 2691 Eustath.
1227 2652 1278 2689 ad
1309 2653 1454 2704 Odys&
1481 2667 1505 2691 κ
1534 2665 1610 2703 pr.,
1647 2651 1715 2702 qui

195 2721 290 2747 eum
321 2708 543 2759 exscripsit.
603 2709 788 2747 Habebat
818 2716 953 2748 autem
983 2710 1165 2748 locorum
1196 2709 1296 2747 situs
1323 2715 1363 2747 et
1400 2715 1547 2748 natura
1575 2709 1716 2758 multa,

194 2778 296 2817 quae
339 2765 391 2803 ad
422 2765 599 2804 fabulam
640 2766 746 2804 hanc
783 2780 853 2804 seu
890 2767 1012 2805 {idem
1054 2766 1348 2806 accommodari
1389 2773 1572 2818 possent,
1617 2779 1718 2817 quae

195 2837 327 2862 unum
357 2825 398 2861 in
428 2824 565 2862 locum
597 2830 783 2875 congesta
803 2824 956 2863 videbis
989 2825 1096 2875 apud
1117 2823 1315 2876 Lycophr.
1348 2826 1431 2868 695
1467 2838 1551 2876 sqq.
1578 2825 1719 2862 Silium

197 2882 286 2931 XII,
323 2885 403 2923 120
434 2894 534 2933 sqq.,
565 2881 668 2919 sieut
699 2881 862 2920 omnino
892 2882 1164 2920 vetustiorum
1194 2882 1422 2921 fabularum
1458 2895 1600 2933 magna
1628 2896 1721 2933 pars

199 2939 253 2978 ad
281 2939 444 2979 insolita
472 2940 607 2992 aliqua
635 2945 806 2980 naturae
835 2939 1134 2993 phaenomena,
1175 2941 1227 2979 ad
1256 2947 1389 2980 motus
1417 2940 1601 2994 inprimis
1630 2939 1721 2977 hia-
