1779 3420
118 241 222 290 536
449 237 505 285 Ρ.
541 234 891 287 VIRGILII
927 234 1302 284 MARONIS

120 370 232 417 Nec
254 365 370 414 visu
390 361 585 424 facilis,
621 378 724 411 nee
751 360 897 411 dictu
921 359 1162 411 adfabilis
1184 360 1292 411 ulli.

119 435 426 487 Visceribus
446 434 772 483 miserorum
802 441 854 481 et
875 433 1131 497 sauguine
1158 431 1389 481 vescitur
1411 438 1540 481 atrO.

120 506 243 557 Vidi
270 513 502 570 egomet,
537 503 647 552 duo
675 502 743 552 de
769 519 1000 551 numero
1024 520 1192 570 quum
1221 518 1447 568 corpora
1471 509 1658 550 nostro

122 581 328 627 Prensa
350 592 518 624 manu
542 589 733 637 magna
753 573 939 622 medio
976 574 1261 639 resupinus
1282 574 1335 620 in
1361 580 1514 621 antro

120 650 414 711 Frangeret
468 643 535 694 ad
604 659 786 693 saxum
807 683 820 705 ‚
888 643 1146 709 sanieque
1209 659 1452 708 exspersa
1509 650 1657 691 nata—

911 721 1035 762 rent
1557 716 1657 764 625

217 823 283 857 621
311 818 473 866 affabilis
498 819 645 853 retinuit
670 819 791 852 Heius.
816 818 920 852 codd.
943 817 1333 862 Grammaticorumque
1358 816 1588 858 auctoritate3
1622 825 1658 852 et

121 871 281 905 Macrob.
307 871 368 911 vl,
396 871 411 904 1
443 869 486 901 ab
511 868 617 901 Accio
643 867 676 899 in
698 867 899 900 Philoctete
921 873 1068 898 sumtum
1092 871 1259 897 testatur:
1287 868 1397 907 Quem
1418 877 1535 910 neque
1561 867 1660 899 tueri

122 927 254 952 consta
290 929 406 962 neque
440 915 553 960 assari
585 926 711 959 queas,
771 913 872 946 statii
909 913 1015 945 etiam
1051 911 1284 944 imitationem
1326 911 1427 944 affert
1466 913 1577 946 Burni.
1612 914 1657 946 111

121 965 205 1000 Silv.
226 965 260 1005 3,
285 965 332 998 72
362 962 574 996 Terribilem
599 962 733 1007 adjutu
749 973 889 1008 passus
910 963 1064 1005 visuque
1084 968 1298 1004 tyrannum.
1348 958 1523 1004 (ciffitbilis
1548 972 1566 993 e
1589 961 1656 994 Pa—

121 1011 238 1046 risinis
263 1012 297 1045 2.
327 1010 374 1049 3.,
399 1009 494 1054 Lips.
522 1008 583 1042 alt.
614 1015 650 1041 et
675 1020 740 1053 pro
772 1007 842 1041 div.
866 1007 950 1040 lect.
976 1007 1074 1051 Lips.
1100 1006 1174 1040 obl.
1207 1008 1302 1049 Wr.)
1362 1005 1503 1039 Servius
1540 1013 1657 1040 tamen

123 1072 189 1093 nec
212 1058 313 1091 (lictu
339 1055 508 1102 effizbilis,
532 1067 695 1088 sermone
720 1067 790 1087 non
816 1053 1052 1100 explicabilis3
1079 1059 1115 1087 et
1139 1054 1202 1087 inf.
1228 1067 1258 1087 v.
1286 1052 1356 1090 644
1379 1053 1531 1099 infundi
1550 1055 1657 1099 Cycl-

124 1119 232 1152 opes,
266 1104 486 1145 ineffabiles,
522 1103 582 1136 ubi
618 1103 662 1136 ad
690 1103 726 1135 h.
751 1102 774 1135 l.
800 1110 981 1147 provocat.
1029 1103 1132 1135 Esset
1166 1101 1282 1146 itaque
1315 1099 1438 1145 πέλωρ
1473 1096 1656 1146 ἅῤῥητον,

122 1153 178 1186 vel
203 1151 382 1185 Hesiodeo
410 1163 485 1184 voc.
511 1145 601 1184 οὔτε
625 1147 800 1194 φατειὸν,
828 1150 924 1195 quod
951 1149 1179 1182 lluliukeuius
1204 1148 1387 1193 ingeniose
1412 1148 1566 1181 restituit
1587 1152 1656 1182 Or—

123 1201 217 1247 pheo
242 1212 272 1232 v.
299 1200 380 1239 926,
407 1205 444 1231 et
472 1197 585 1230 videri
611 1204 730 1242 potest
757 1197 976 1242 exquisitius.
1018 1200 1106 1230 Sunt
1133 1196 1235 1230 etium
1261 1196 1414 1236 codices,
1439 1195 1496 1240 qui
1524 1197 1572 1229 ita
1600 1196 1655 1229 le-

121 1254 220 1293 gunt,
236 1246 331 1290 apud
346 1245 510 1287 Pierium,
530 1244 688 1290 plerique
711 1244 826 1277 Heius.
856 1251 892 1277 et
919 1246 1030 1278 Burm.
1057 1251 1275 1289 possuntque
1303 1243 1428 1276 similia
1457 1243 1655 1283 memorari,

121 1308 154 1328 v.
181 1308 210 1328 c.
235 1293 340 1327 Silius
366 1294 391 1334 I,
431 1293 497 1328 175
517 1291 646 1338 ferum
683 1293 762 1325 visu
797 1292 980 1337 dictaque.
1040 1292 1085 1324 Et
1119 1292 1224 1324 asiine
1263 1291 1344 1323 huic
1369 1291 1538 1324 alterum:
1574 1294 1655 1324 risu

122 1342 338 1388 audituque,
365 1340 460 1385 quod
485 1352 591 1384 saepe
619 1338 791 1379 occurrit,
817 1339 883 1372 iam
910 1339 992 1371 iude
1019 1339 1062 1371 ab
1090 1338 1232 1382 Orpheo
1260 1341 1390 1383 Argon.
1416 1339 1497 1372 901.
1541 1339 1586 1372 cf.
1611 1338 1657 1371 ad

120 1389 259 1422 Piudar.
284 1389 321 1421 P.
348 1389 374 1429 1,
399 1388 456 1422 50.
507 1389 613 1419 Recte
640 1394 752 1419 tamen
778 1385 926 1419 alterum
950 1387 1163 1430 praefertur,
1189 1385 1474 1431 quandoquidem
1502 1385 1656 1418 iunctum

121 1448 198 1470 cum
222 1448 289 1469 nec
315 1437 396 1468 visu
414 1434 557 1480 facilis.
653 1436 723 1469 622
756 1435 924 1479 pascitur
959 1433 1048 1466 Gud.
1083 1440 1163 1466 tert.
1192 1433 1360 1466 Rottend.
1389 1440 1424 1466 et
1463 1432 1524 1466 alt.
1550 1434 1654 1465 Voss.

121 1496 197 1517 cum
223 1495 274 1527 pr.
303 1482 409 1515 Goth.
436 1481 543 1527 (idem
569 1494 588 1514 a
613 1494 659 1514 m.
685 1494 737 1526 pr.
761 1481 795 1513 in
822 1481 918 1525 Lips.
946 1480 1019 1515 obl.
1049 1482 1146 1522 lVr.)
1219 1479 1290 1516 624
1316 1483 1453 1513 Pressa
1478 1479 1582 1513 etiam
1597 1480 1655 1513 hic

121 1530 191 1564 duo
216 1531 332 1562 Burm.
358 1542 434 1563 cum
460 1535 541 1562 tert.
568 1529 678 1562 Goth.
776 1529 846 1564 625
872 1541 1047 1575 exspersa
1064 1527 1225 1561 Servius:
1253 1529 1372 1568 „Haec
1402 1527 1467 1560 suit
1491 1540 1573 1560 vera
1599 1527 1655 1560 le—

123 1578 228 1618 „ctio‚
253 1577 288 1609 id
316 1583 391 1617 est,
415 1576 635 1609 madefacta:
663 1588 740 1608 nam
767 1576 795 1608 si
822 1588 977 1622 aspersa
1003 1575 1155 1617 dixeris,
1192 1575 1364 1620 tapinosis
1393 1582 1428 1607 et
1456 1575 1656 1620 hyperbole

122 1625 387 1668 „iunguntur;“
413 1623 548 1656 scilicet
574 1624 755 1668 adspersa
778 1629 814 1655 et
839 1631 1027 1656 natarent.
1076 1623 1208 1656 Fateor
1232 1635 1287 1655 me
1310 1634 1379 1654 nou
1405 1622 1490 1654 satis
1517 1622 1655 1666 assequi

121 1673 310 1705 discrimen
336 1671 403 1704 hoc
427 1671 521 1703 inter
545 1683 723 1717 exspersit
758 1676 794 1702 et
817 1682 990 1716 aspersa:
1034 1670 1096 1702 sed
1134 1670 1405 1713 praeferendum
1431 1669 1534 1701 video
1561 1669 1654 1702 alte—

122 1731 197 1752 rum
223 1726 397 1763 tamquam
423 1718 534 1751 rarius
562 1725 597 1750 et
623 1718 780 1750 doctius:
825 1729 895 1750 nou
922 1717 1017 1761 quod
1050 1717 1162 1750 maior
1199 1717 1250 1750 vis
1285 1716 1381 1750 insit.
1430 1718 1514 1750 Erat
1540 1724 1655 1749 tamen

122 1766 289 1800 Serviana
314 1765 421 1799 lectio
445 1765 480 1797 in
508 1765 604 1798 nullo
630 1765 812 1804 Pieriano,
847 1764 909 1796 sed
935 1765 969 1796 iu
997 1764 1132 1808 optimo
1159 1765 1297 1809 Meuag.
1338 1770 1373 1796 et
1398 1771 1550 1807 quatuor
1576 1764 1654 1796 aliis

122 1813 281 1854 Heinsii,
318 1814 376 1858 qui
410 1813 551 1857 egregie
578 1811 774 1853 adstruxit,
819 1818 854 1843 et
891 1811 926 1843 in
959 1811 1069 1843 tribus
1098 1813 1198 1844 Bnrm
1238 1819 1274 1844 et
1299 1818 1377 1844 tert.
1404 1811 1514 1844 Goth.
1564 1811 1653 1844 Add.

122 1861 252 1893 Bened.
267 1863 454 1906 (ex-spemn
468 1860 571 1892 etiam
584 1859 756 1903 Lips.alt.
777 1865 813 1891 et
825 1859 858 1894 7.
875 1861 929 1894 10.
945 1858 1042 1901 lVr.)
1070 1859 1210 1904 Reliqui
1232 1871 1386 1905 aspersa
1399 1858 1454 1890 vel
1475 1858 1655 1904 adspersa

123 1908 233 1952 (quod
257 1907 609 1952 interpretamentum
630 1913 685 1939 est
710 1906 889 1949 alterius)3
916 1917 1088 1952 respersa
1107 1910 1224 1950 Sprot.
1246 1913 1281 1938 et
1304 1918 1357 1950 pr.
1379 1906 1506 1938 Moret.
1534 1905 1653 1948 (etiam

123 1957 156 1991 3.
189 1956 284 1999 Wr.)
334 1967 512 2000 exsparsa
538 1954 644 1987 Witt.
670 1954 706 1986 in
731 1953 898 1997 margine.
936 1953 979 1986 cf.
1007 1965 1083 1998 sup.
1109 1954 1154 1986 ad
1178 1966 1209 1988 v.
1229 1954 1310 1989 534.
1361 1954 1423 1985 Est
1449 1961 1564 1986 autem
1587 1966 1653 1986 ex·-

123 2015 298 2048 spergere
322 2001 467 2046 proprie
493 2002 588 2034 foras
615 2013 781 2046 spargere
809 2008 844 2032 et
870 2000 952 2033 hinc
979 1999 1207 2045 dispergere,
1232 2000 1425 2045 dissipare3
1452 2007 1486 2033 et
1510 2000 1654 2032 tandem

123 2050 252 2083 limina
282 2061 480 2095 exspersu,
521 2061 684 2093 respersa
721 2047 817 2080 sanie
843 2060 883 2081 ac
917 2059 1042 2080 cruore
1077 2061 1121 2081 ex
1155 2049 1266 2081 illisis
1300 2047 1394 2080 humi
1430 2047 1653 2093 corporibus.

124 2098 230 2140 (Sane
255 2096 424 2129 differunt
449 2096 629 2142 adspersa
656 2103 689 2128 et
713 2107 900 2140 exspersa,
925 2106 1038 2139 neque
1064 2096 1244 2142 adspersa
1269 2094 1433 2127 videntur
1458 2102 1555 2127 recte
1584 2094 1653 2128 dici

123 2152 267 2177 natare.
317 2147 392 2176 Exs
421 2155 505 2175 ersa
533 2150 650 2176 autem
683 2142 908 2175 Homericum
943 2141 1031 2174 illud
1068 2143 1232 2186 exprimit
1269 2142 1396 2186 Odyss.
1434 2143 1505 2183 IX,
1551 2143 1651 2177 458:

122 2190 176 2237 τῷ
196 2187 238 2224 κέ
258 2188 294 2246 ⁰3
313 2186 518 2279 ἒγκεφαλιξς
535 2201 574 2234 γε
600 2187 683 2224 διὰ
709 2185 861 2229 σπέος
889 2184 1090 2230 ἄλλυδις
1115 2185 1232 2235 ἄλλῃ
1257 2185 1483 2232 θεινομένου
1505 2187 1654 2233 ῥαίοιτο

123 2235 221 2282 πρὸς
246 2238 364 2271 ουδεϊ.
397 2240 476 2271 lVr.

125 2334 306 2385 βλεπτος.
337 2333 444 2371 Bene.
463 2335 577 2373 Serv.
597 2335 738 2382 „cuius
755 2347 858 2383 pos-
916 2348 957 2373 τε
982 2328 1067 2373 δύω
1087 2327 1281 2385 μάρψας,
1314 2328 1410 2379 (ligre
1434 2327 1653 2380 σκύλακας,

1370 2396 1507 2427 tautae
1538 2396 1655 2428 eraut

124 2393 176 2428 sit
205 2393 329 2427 eliam
355 2393 570 2441 adspectas
599 2391 744 2441 inferre
759 2390 858 2441 sbr-

125 2448 373 2501 miclinem“)
427 2462 499 2487 uec
531 2449 727 2487 sustineat
757 2449 859 2487 allo-

125 2506 277 2556 quium.
336 2506 504 2557 Reliqua
523 2521 562 2545 v.
584 2506 624 2543 iu
647 2520 732 2545 var.
753 2507 860 2544 Lect.

184 2566 440 2607 623—627.
473 2565 521 2602 cs.
543 2563 687 2617 OdysS.
714 2580 740 2613 ι,
773 2566 858 2605 288

125 2636 210 2672 sqq.
257 2635 450 2673 corpora,
494 2621 713 2673 elegantius
739 2635 859 2672 quam

126 2679 249 2718 viros.
316 2682 548 2730 resupinus,
598 2679 697 2717 bene
728 2680 859 2717 nisum

127 2737 308 2776 iacientis
330 2738 542 2789 exprimit,
575 2737 670 2775 duni
696 2737 746 2775 ad
774 2738 860 2776 col-

127 2795 303 2847 ligendas
332 2796 437 2834 vires
459 2809 606 2846 corpus
626 2795 785 2834 reducit
814 2809 861 2833 ae

127 2859 329 2893 recurvat.
385 2854 434 2891 cf.
472 2854 609 2891 Burni.
659 2853 860 2893 Homerus

128 2913 332 2951 notionem
355 2911 644 2962 magnitudinis
674 2918 713 2949 et
734 2912 860 2950 robo-

129 2972 182 3010 ris
209 2971 248 3009 iu
285 2976 464 3009 monstro
500 2970 626 3009 tuitus
653 2977 731 3008 est:
771 2965 860 3010 Σύν

916 2390 1009 2431 ποτὶ
1038 2392 1134 2447 γαίῃ
1173 2385 1320 2430 Κόπτ’.

920 2449 1017 2486 vasti
1056 2448 1236 2500 corporis
1265 2449 1389 2485 vires!
1433 2447 1599 2499 Reliqua
1633 2463 1653 2485 a

919 2507 1082 2556 Virgilio
1114 2506 1296 2544 ornatius
1320 2505 1511 2557 exposita.
1571 2506 1654 2544 Nisi

919 2571 960 2602 et
991 2565 1121 2615 ipsum
1154 2578 1242 2602 voc.
1279 2566 1515 2613 resupinus,
1561 2579 1654 2602 cuni

919 2623 1081 2669 Servio,
1114 2622 1163 2660 de
1191 2622 1345 2659 iacente
1364 2620 1477 2658 humi
1507 2623 1653 2674 Cyclo-

922 2693 968 2732 pe
990 2680 1169 2732 accipere
1189 2679 1336 2718 mavis:
1359 2692 1439 2729 quo
1461 2679 1547 2732 ipso
1567 2695 1653 2718 ma—

918 2738 1089 2788 gnitudo
1111 2738 1277 2777 virtutis
1298 2744 1511 2789 appareat,
1543 2739 1652 2790 quod

918 2796 1130 2848 resupinus
1183 2796 1261 2834 hoc
1318 2796 1447 2834 facere
1507 2797 1654 2849 potuit.

921 2852 1054 2906 (Prior
1095 2860 1274 2906 praestat
1325 2854 1442 2892 ratio.
1502 2855 1653 2909 chlz.)

920 2913 1032 2951 Cous.
1073 2912 1209 2951 Ovidii
1248 2925 1388 2951 versus
1426 2913 1521 2953 XIV
1559 2914 1654 2953 Met.

920 2972 1003 3012 205
1025 2984 1081 3022 sq.
1104 2985 1153 3009 ex
1178 2970 1220 3010 h.
1240 2971 1265 3010 1.
1295 2984 1516 3024 expressos.
1577 2988 1654 3011 ex-
