1811 3388
464 222 592 268 AD
666 222 1105 273 LIBRUM
1177 227 1260 276 VI
1502 233 1632 283 1039

225 347 306 386 Nec
333 348 464 387 minus
503 349 651 388 mirum
691 356 730 388 et
770 363 791 387 a
834 351 949 390 solita
986 365 1124 391 rerum
1162 359 1305 392 natura
1343 355 1533 395 recedens
1571 363 1632 396 est

111 406 312 443 Camoesii
339 407 566 446 inventum.
627 408 727 446 Nam
760 408 885 448 Vasco
917 410 968 448 da
992 411 1116 449 Gama
1150 409 1285 464 (Cant.
1316 414 1378 466 X)
1410 427 1433 451 a
1462 414 1631 454 Thetide

107 463 150 500 in
182 464 307 502 altum
334 471 512 503 montem
544 472 707 504 evectus
749 468 881 505 omnia
921 474 1123 508 terrarum
1162 482 1307 521 regna,
1346 472 1528 522 inprimis
1560 473 1630 512 In-

99 521 218 571 diae,
250 522 293 560 in
323 523 440 573 globo
472 524 670 575 descripta
699 525 916 577 prospicit,
958 532 998 564 et
1040 527 1324 566 Lusitanorum
1363 529 1447 567 fata
1487 543 1509 567 a
1555 531 1629 569 dea

106 580 281 618 monitus
312 581 494 620 addiscit.
554 582 661 619 Idem
692 583 829 634 paullo
861 590 953 621 ante
993 583 1132 635 (Cant.
1174 585 1232 639 V)
1266 598 1316 623 ex
1352 586 1627 640 Adamastore,

104 638 218 690 genio
241 639 566 677 Promontorium
585 640 718 678 Bonae
749 641 840 692 Spei
871 642 1091 693 obsidente,
1122 642 1367 682 calamitates
1402 645 1627 698 navigatio—

105 696 168 733 nis
201 696 404 746 audierat,
437 703 477 734 et
507 698 639 735 Cantu
668 699 701 736 ll
733 701 784 736 ad
816 699 965 751 Virgilii
997 701 1223 753 exemplum
1245 700 1342 740 Aen.
1365 701 1395 752 I,
1416 706 1500 746 223
1518 717 1626 756 seqq.

104 754 256 806 Iupiter
287 755 432 793 Veneri
463 755 745 794 Lusitanorum
777 769 840 795 res
870 758 1065 796 secundas
1094 759 1365 812 praedixerat.

219 813 339 860 Quod
370 813 501 865 primo
532 813 619 851 loco
651 827 671 851 e
703 815 904 853 Camoesio
935 817 1118 866 narravi,
1159 823 1430 856 commentum
1460 818 1625 871 compa-

102 871 184 908 rari
216 871 347 921 aliquo
378 871 499 909 modo
530 877 662 922 potest
692 886 783 910 cum
805 874 976 910 Miltom‘
999 874 1205 912 notissimo
1230 875 1406 926 episodio
1426 873 1512 929 (lib.
1533 877 1623 931 XI),

77 928 178 965 ·etsi
208 927 287 966 hoc
323 928 374 966 ad
413 929 721 981 probabiliorem
757 930 957 970 rationem
999 938 1309 984 attemperatum
1355 939 1427 974 est.
1487 935 1624 974 Dedu—

102 991 189 1023 ctus
218 986 259 1024 in
292 987 439 1025 clivum
470 1001 491 1024 a
522 986 713 1026 Michaele
748 989 924 1027 Adamus
955 997 1216 1042 prospectum
1247 989 1369 1030 habet
1401 991 1508 1030 orbis
1536 998 1624 1031 ter-

100 1057 238 1082 rarum
269 1050 309 1082 et
340 1058 361 1082 a
393 1045 535 1083 comite
573 1058 710 1084 rerum
749 1047 980 1085 futurarum
1023 1048 1315 1100 expositionem
1336 1049 1483 1090 discit.
1542 1050 1623 1090 Ve—

100 1102 221 1154 stigiis
252 1102 335 1140 eius
368 1102 723 1153 satisobsequiose
755 1104 902 1142 institit
931 1106 1163 1144 Noaclzidis
1193 1112 1344 1145 auctor.

216 1160 250 1197 A
280 1161 438 1212 magicis
468 1161 688 1213 praestigiis
721 1168 759 1199 et
785 1162 1093 1202 incantamentis
1122 1164 1293 1202 retraxit
1332 1169 1372 1202 et
1416 1162 1468 1202 ad
1508 1171 1623 1205 vete-

100 1231 191 1257 rum
230 1219 392 1270 vestigia
440 1220 604 1269 legenda
648 1220 855 1258 revocavit
902 1220 998 1258 alios
1047 1222 1131 1272 ipsa
1168 1222 1418 1272 argumenti,
1460 1221 1504 1260 in
1540 1236 1622 1274 quo

100 1277 390 1326 versabantur,
437 1277 643 1315 interdum
692 1283 920 1329 temporum
966 1292 1124 1330 quoque
1164 1285 1202 1316 et
1243 1279 1472 1329 hominum,
1515 1280 1622 1320 inter

99 1349 199 1385 quos
230 1335 444 1383 vivebant,
477 1341 634 1373 natura.
695 1335 745 1373 Hi
772 1336 852 1374 sere
883 1336 935 1373 ad
965 1340 1056 1375 visa
1085 1351 1132 1374 ac
1161 1339 1318 1376 somnia
1346 1337 1495 1389 delapsi
1512 1345 1621 1390 sunt,

99 1393 244 1443 quibus
273 1394 432 1431 futuros
464 1407 577 1431 casus
606 1394 835 1445 praedictos
865 1393 1123 1445 exhiberent,
1172 1401 1243 1434 aut
1283 1396 1496 1434 Palatium
1532 1399 1621 1435 Fa-

98 1459 227 1489 torum
258 1452 473 1488 commenti
504 1457 621 1500 sunt,
667 1465 753 1489 rem
784 1452 834 1489 ad
866 1453 1151 1491 exornandum
1180 1453 1276 1491 satis
1318 1453 1490 1493 obviam.
1549 1454 1620 1492 In-

98 1515 161 1547 tra
191 1509 297 1547 idem
329 1523 540 1547 commune
580 1510 801 1548 multorum
841 1509 1051 1549 inventum
1094 1511 1275 1549 substitit
1312 1517 1455 1550 auctor
1498 1513 1619 1550 Hen-

97 1568 238 1604 riadis.
301 1568 401 1604 Nam
442 1574 573 1605 emota
623 1581 645 1604 a
696 1570 733 1606 S.
771 1567 976 1606 Ludovico
1020 1575 1152 1607 mente
1190 1568 1390 1607 Henricus
1429 1568 1619 1622 abreptus

97 1632 285 1676 peragrat
315 1626 468 1663 caelum
500 1639 547 1663 ac
577 1625 728 1674 sidera,
770 1626 916 1676 regiam
959 1626 1044 1676 dei,
1087 1627 1302 1665 Tartarum
1345 1633 1386 1665 et
1425 1627 1617 1679 Elysium,

98 1683 281 1732 tandem,
322 1684 392 1721 ubi
424 1683 476 1721 ad
518 1684 713 1721 Fatorum
754 1684 947 1735 palatium
984 1685 1192 1736 pervenit,
1233 1697 1393 1735 eorum,
1433 1685 1501 1736 qui
1541 1699 1617 1723 na-

96 1748 282 1789 scentur,
313 1741 525 1779 simulacra
549 1748 590 1779 et
621 1741 765 1781 εἴὸωλα
796 1741 977 1793 dispicit,
1017 1743 1149 1780 omnia
1187 1748 1361 1781 tractata
1397 1748 1492 1781 sunt
1530 1749 1616 1782 arte

95 1799 191 1837 satis
217 1799 394 1850 vulgari,
438 1806 478 1837 et
508 1799 688 1851 argutius
718 1799 846 1837 multo
876 1800 1048 1851 repetita
1078 1801 1120 1838 in
1151 1800 1425 1839 Aurelianensi
1461 1801 1615 1853 puella,

95 1857 171 1895 nisi
212 1858 322 1908 quod
360 1858 588 1909 praeclarus
628 1857 740 1895 locus
779 1857 982 1908 sequitur,
1028 1858 1096 1896 ubi
1139 1858 1302 1897 Henrici
1339 1858 1614 1910 posteritatem

94 1928 285 1953 enarrare
328 1916 501 1954 orditur.
550 1915 710 1953 Inventi
750 1916 972 1954 novitatem
1026 1922 1071 1953 ut
1117 1916 1157 1954 in
1209 1917 1374 1969 reliquis
1426 1918 1613 1956 carminis

94 1973 277 2025 partibus
317 1973 372 2010 ita
417 1979 456 2010 et
497 1973 540 2010 in
580 1972 656 2010 hac
707 1972 907 2010 desideres
947 1973 988 2010 in
1028 1974 1287 2012 Columbiade
1332 1973 1614 2028 (Columbiade

95 2032 144 2068 cle
175 2033 273 2068 M‘w*
304 2032 352 2068 cle
383 2032 577 2080 Boc—enge
609 2029 741 2068 Chant
771 2029 860 2083 IX).
920 2031 1065 2068 Zamae
1104 2033 1233 2070 anima
1273 2032 1325 2070 ad
1372 2032 1612 2072 columbum

94 2089 143 2127 de
185 2088 292 2126 caelo
327 2089 485 2139 delapsa
525 2101 607 2126 non
643 2088 765 2126 modo
804 2089 963 2126 futuros
1006 2090 1188 2128 Columbi
1228 2103 1342 2128 casus
1383 2090 1453 2128 sed
1486 2091 1611 2130 totius

92 2147 276 2198 Europae
305 2148 384 2184 fata
414 2146 510 2183 satis
540 2146 588 2183 ab
621 2152 856 2197 argumento
897 2146 1022 2184 aliena
1062 2148 1239 2199 exponit.
1298 2149 1448 2187 Puella
1478 2151 1610 2187 Aure-

91 2206 283 2242 lianensis
318 2205 533 2255 Capellam
563 2217 644 2241 non
675 2204 805 2241 minus
836 2203 994 2242 laborat
1022 2205 1064 2242 in
1094 2218 1140 2243 eo
1172 2206 1348 2257 epis-odio
1369 2205 1469 2259 (Lib.
1491 2206 1608 2260 vul),

91 2276 171 2313 quo
202 2262 243 2300 in
273 2268 390 2300 antro
429 2261 657 2314 Mareulphi
699 2261 905 2309 eremitae,
944 2274 1016 2313 per
1055 2263 1186 2301 visum
1221 2263 1406 2315 precibus
1449 2269 1489 2302 et
1532 2278 1610 2302 no-

90 2320 267 2359 vendiali
298 2334 410 2358 sacro
441 2320 722 2371 efflagitatum,
761 2320 857 2371 Regi
888 2320 1029 2358 carolo
1061 2334 1150 2358 cum
1192 2322 1307 2360 sociis
1347 2323 1488 2360 futura
1525 2323 1608 2360 fata

90 2379 217 2430 angeli
248 2391 345 2416 voce
377 2384 630 2416 enarrantur.
689 2377 798 2415 Miris
829 2377 959 2415 modis
987 2377 1175 2416 Veritatis
1204 2393 1274 2418 seu
1309 2380 1503 2418 Fatorum
1532 2393 1606 2419 ve-

88 2437 171 2474 rius
222 2436 430 2487 Templum
482 2435 689 2487 descripsit
736 2436 923 2487 explosus
969 2448 990 2472 a
1037 2436 1237 2488 plerisque
1291 2444 1412 2490 poeta
1470 2437 1606 2476 Gallus

90 2492 340 2545 (Desmarets
375 2494 507 2531 Clovis
543 2493 675 2531 Chant
702 2492 785 2545 IV).
846 2492 1026 2530 Clotildis
1058 2507 1080 2530 a
1118 2496 1155 2532 S.
1189 2495 1348 2546 Virgine
1388 2508 1435 2533 eo
1473 2495 1605 2534 dedu-

89 2558 154 2589 cta
184 2552 225 2588 in
258 2551 497 2603 crystallinis
527 2551 748 2603 parietibus
781 2551 920 2588 sutura
951 2550 1095 2589 diserte
1125 2553 1219 2590 satis
1249 2553 1463 2605 cognoscit.
1521 2553 1603 2591 Ne-

89 2610 310 2648 cromantia
341 2610 403 2647 uti
434 2610 562 2647 bonus
593 2610 831 2646 Romanius
863 2607 919 2661 (in
952 2610 1180 2647 Franciade
1210 2610 1293 2649 Liv.
1321 2610 1393 2665 IV)
1424 2624 1505 2649 non
1535 2625 1602 2649 re·-

89 2669 187 2718 fugit
198 2682 208 2717 3
242 2673 280 2704 et
311 2667 363 2706 ad
393 2667 477 2705 Silii
506 2668 587 2705 sere
616 2666 842 2718 exemplum
872 2665 1051 2716 Alarico,
1094 2668 1190 2705 dum
1224 2681 1296 2720 per
1327 2681 1372 2707 ea
1400 2669 1489 2707 loca
1531 2682 1600 2706 eo—

87 2725 170 2777 pias
209 2725 342 2774 ducit,
390 2731 552 2763 antrum
592 2725 814 2762 Cumanum
864 2724 1038 2774 ingresso
1072 2725 1222 2777 Sibylla
1262 2726 1303 2764 in
1343 2732 1601 2777 conspectum

87 2782 276 2834 prodiens
306 2784 447 2821 futura
481 2784 563 2821 fata
595 2783 724 2835 aperit
756 2782 915 2833 (Alaric
945 2795 997 2819 ou
1026 2783 1155 2820 Rome
1191 2786 1362 2821 vaincae
1402 2783 1487 2822 Liv.
1528 2784 1599 2837 X).

201 2840 272 2878 Est
302 2842 479 2889 Melita,
514 2854 675 2879 carmen
708 2840 884 2891 epicum,
915 2844 1079 2878 auctore
1102 2840 1216 2880 Gallo
1240 2839 1401 2893 (Privat
1423 2841 1471 2878 de
1487 2842 1599 2879 Fon-

85 2899 266 2947 tanilles,
309 2898 498 2946 Mamm,
553 2912 605 2937 ou
645 2897 945 2936 L’lsle-Adam
983 2903 1058 2937 etc.
1099 2899 1187 2937 Par.
1228 2897 1380 2951 1749),
1419 2898 1488 2949 quj
1525 2899 1598 2939 sibi
1649 2910 1652 2914 '

84 2956 234 3007 egregie
274 2955 315 2993 in
356 2969 401 2994 eo
440 2956 592 3008 placet,
633 2956 743 3007 quod
794 2955 834 2992 in
886 2954 1180 2995 Pandaemonio
1228 2955 1362 3006 aliquo
1408 2956 1598 3008 Equitum

152 3025 361 3073 VIRGIL.
401 3026 541 3075 ΤΟΜ.
578 3025 642 3071 ΙΙ.
1248 3024 1316 3069 66
