1811 3388
524 212 644 260 AD
716 209 1162 258 LIBRUM
1235 209 1294 256 II
1586 215 1681 262 421

163 348 272 382 runt.
331 341 431 379 Nam
456 338 620 391 Dionys,
645 337 823 387 Halic.1,
852 339 907 380 68
949 338 1101 377 Romae
1128 337 1171 376 in
1196 336 1295 375 aede
1326 335 1447 374 deum
1475 336 1685 377 Penatium

162 401 237 438 sub
263 399 381 438 Veliis
403 396 457 451 (v.
476 396 614 449 paullo
637 395 748 450 inii),
781 395 862 433 duo
892 396 1039 434 Genios
1063 409 1133 434 seu
1163 395 1435 435 adolescentes
1458 394 1685 434 sedentium

161 457 303 495 habitu
331 462 370 494 et
398 454 557 493 hastam
586 467 711 492 manu
740 453 966 492 tenentium
997 454 1179 503 viderat,
1216 465 1343 504 eoque
1382 452 1533 490 Timaei
1564 452 1684 491 fidem

161 515 314 562 elevat,
356 513 426 564 qui
461 526 573 551 mera
604 508 825 566 κηρύκεια,
859 512 1079 561 εααζιιεεοε,
1125 524 1208 550 esse
1238 510 1287 549 ab
1317 509 1514 562 indigenis
1543 511 1684 549 audie—

157 578 245 621 rat;
275 571 381 609 sorte
409 576 545 608 tamen
576 583 651 608 nec
680 569 761 608 hoc
796 569 920 619 falso,
961 569 994 607 si
1033 569 1075 607 id
1117 569 1170 608 ad
1207 568 1394 607 informia
1435 567 1551 606 rudis
1587 569 1685 606 artis

159 642 281 681 opera
311 629 478 678 reseras3
519 634 609 666 tum
639 634 811 680 potuere
850 633 899 665 ut
936 626 980 665 in
1021 628 1142 666 Diana
1182 625 1372 679 Ephesia,
1411 631 1453 664 et
1492 626 1584 664 alibi
1621 626 1684 663 fa—

158 693 293 736 ctum,
335 685 510 738 antiquis
541 699 633 724 cum
664 685 857 738 temporis
888 697 1073 724 successu
1113 684 1305 724 substitui
1344 683 1420 721 alia
1457 683 1568 735 signa
1604 684 1684 722 mi-

157 758 233 783 nus
263 744 395 783 rudia.
455 744 536 782 Diis
566 744 720 796 magnis
752 742 1061 781 Samothracicis
1103 756 1171 781 eos
1209 747 1418 794 comparat
1459 741 1622 794 Dionys,
1653 742 1683 791 1,

157 805 212 844 69
244 803 372 854 specie
402 808 440 840 et
470 801 637 852 habitu,
669 801 739 853 qui
769 815 862 839 cum
892 802 939 840 iis
970 801 1090 853 signis
1122 801 1335 849 convenit,
1376 812 1478 851 quae
1518 800 1561 838 in
1600 813 1682 838 nu—

155 860 230 899 mis
267 859 400 898 adhuc
440 860 636 899 videmus.
705 860 751 897 In
791 859 943 909 numis,
988 860 1176 912 gemmis,
1218 858 1511 907 marmoribus,
1552 863 1600 895 ut
1640 858 1681 895 in

155 918 254 957 Tab.
283 918 402 956 Iliaca
430 932 470 956 n.
504 920 559 959 98
591 924 629 955 et
662 920 745 958 117
777 915 865 971 (sed
895 917 992 955 talia
1022 917 1264 968 unicuique,
1305 916 1431 954 libros
1463 916 1681 965 evolventi,

156 976 408 1015 occurrentia
440 976 650 1014 ambitiose
681 988 904 1014 memorare
933 973 1084 1029 piget),
1124 974 1317 1014 Anchises
1349 973 1504 1011 Aeneae
1533 972 1681 1011 hume-

154 1034 210 1072 ris
240 1033 410 1072 haerens
441 1040 554 1072 tenet
584 1034 787 1086 capsulam
820 1034 884 1073 vel
923 1033 1168 1082 aediculam,
1211 1046 1291 1084 qua
1331 1032 1498 1070 Penates
1536 1031 1682 1070 inclusi

155 1097 271 1142 sunt,
301 1093 343 1131 in
374 1092 459 1130 aliis
490 1098 626 1130 tamen
659 1091 882 1130 Palladium
912 1097 1042 1141 tenet3
1087 1089 1199 1143 quod
1245 1103 1539 1140 nonnunquam
1585 1090 1679 1142 ipsis

154 1149 311 1188 Aeneae
351 1150 536 1188 manibus
573 1149 740 1199 insistit3
789 1163 883 1187 nam
926 1149 1044 1201 peplo
1088 1148 1295 1189 involutos
1335 1149 1501 1186 Penates
1540 1153 1681 1185 tenens

154 1206 307 1246 Aeneas
338 1206 535 1260 (πέπλους
556 1204 779 1260 περισχών,
818 1214 867 1247 ut
897 1206 1098 1260 Lycophr.
1134 1205 1262 1261 1266)
1295 1205 1394 1244 mihi
1424 1204 1607 1244 nondum
1637 1205 1679 1243 in

154 1266 293 1318 priscis
323 1266 593 1304 monumentis
623 1265 812 1303 occurrit.

268 1346 377 1385 Haec
403 1347 528 1398 igitur
568 1347 801 1395 simulacra,
840 1345 915 1384 hos
953 1346 1138 1393 Penates,
1181 1345 1317 1383 Italiae
1355 1344 1515 1391 inferri,
1558 1343 1679 1381 fatale

154 1410 257 1444 erat.
288 1405 338 1443 cf.
372 1404 439 1455 III,
476 1408 555 1448 167
586 1418 670 1456 sqq.
730 1405 864 1455 Atque
888 1403 1034 1442 habuit
1064 1403 1206 1454 utique
1236 1416 1300 1441 res
1331 1408 1522 1440 eventum
1540 1416 1678 1451 suum,

153 1462 341 1501 collocati
388 1469 484 1501 sunt
529 1462 699 1501 Penates
747 1462 903 1501 Lavinii
952 1460 1194 1515 (secundum
1232 1458 1432 1512 Lycophr.
1484 1463 1590 1502 1261
1635 1459 1677 1497 in

151 1520 322 1559 Palladis
353 1519 544 1574 templo);
572 1521 683 1559 unde
712 1533 829 1569 mox,
872 1519 974 1558 Alba
1003 1519 1138 1571 Longa
1169 1518 1356 1568 condita,
1395 1532 1487 1556 cum
1517 1518 1558 1554 in
1598 1531 1677 1555 no-

151 1592 243 1617 vam
272 1578 415 1617 urbem
447 1578 673 1617 deducendi
703 1585 856 1629 essent,
889 1577 1030 1616 cedere
1060 1577 1148 1615 loeo
1175 1577 1417 1625 noluerunt,
1447 1588 1486 1614 v.
1513 1575 1676 1627 Dionys.

150 1636 279 1675 Halic.
308 1636 340 1686 I,
372 1639 438 1679 67.
471 1636 579 1689 Orig.
612 1638 658 1678 G.
701 1637 817 1674 Rom.
860 1639 912 1678 17
956 1642 997 1673 et
1034 1635 1144 1672 alios.
1213 1635 1383 1672 Romam
1424 1640 1560 1671 tamen
1600 1633 1675 1670 ali-

149 1694 313 1746 quando
344 1695 515 1745 migrare
544 1709 627 1733 non
656 1700 920 1742 recusarunt,
960 1692 1157 1744 siquidem
1187 1693 1399 1730 Penatium
1432 1691 1548 1729 aedos
1588 1692 1674 1729 Ro-

149 1766 236 1791 mae
266 1753 344 1790 suit
375 1753 449 1790 sub
479 1753 612 1803 Velia,
644 1766 728 1791 non
758 1753 874 1804 longe
903 1751 952 1789 ab
985 1751 1082 1789 aede
1112 1751 1278 1800 Vestae,
1308 1764 1349 1790 v.
1379 1749 1542 1801 DionyS.
1565 1749 1674 1797 ibid„

147 1810 333 1848 incendio
363 1810 591 1849 Neroniano
623 1811 767 1849 deleta.
804 1824 843 1849 v.
884 1809 1008 1847 Tacit.
1049 1808 1154 1847 Ann.
1185 1808 1274 1858 XV,
1314 1808 1382 1850 41.
1441 1807 1531 1845 Non
1569 1807 1674 1844 enim

147 1875 257 1907 recte
286 1867 351 1905 alii
381 1868 643 1907 tradiderunt
671 1869 715 1907 in
745 1868 889 1906 Vestae
918 1868 1070 1918 templo
1101 1867 1269 1905 Penates
1309 1871 1502 1905 servatos.
1546 1879 1583 1903 v.
1621 1864 1673 1903 ad

148 1927 274 1965 Tacit.
305 1926 331 1964 l.
362 1939 396 1963 c.
429 1927 479 1966 cf.
511 1927 653 1965 Donat.
685 1926 751 1976 III,
782 1929 807 1968 8
838 1926 887 1963 de
923 1925 1029 1964 Urbe
1059 1926 1200 1963 Roma.

266 2018 398 2056 Etiam
434 2019 605 2057 Vestam
645 2032 737 2056 cum
779 2019 870 2068 igni
909 2026 1066 2054 aeterno
1106 2016 1260 2054 Aeneas
1303 2014 1511 2053 abstulisse
1552 2013 1671 2051 Troia

148 2075 340 2114 creditus.
399 2075 498 2115 Aen.
530 2077 576 2125 ΙΙ,
609 2079 692 2119 296
723 2077 845 2114 villas·
881 2077 1128 2127 Vestamque
1156 2081 1360 2125 potentem
1390 2081 1672 2123 aeternumque

147 2134 281 2185 adytis
312 2133 425 2172 effert
450 2134 724 2185 penetralibus
754 2136 891 2184 ignem
921 2131 962 2171 h.
993 2145 1025 2170 e.
1059 2132 1209 2183 templo
1235 2131 1400 2180 Vestae,
1430 2129 1508 2167 hoc
1537 2135 1671 2167 tamen

148 2205 231 2229 non
261 2190 432 2240 Aeneas,
464 2192 533 2229 sed
565 2204 636 2242 per
667 2191 843 2242 quietem
873 2190 958 2229 visa
991 2190 1153 2238 efferre,
1197 2189 1238 2226 in
1269 2188 1402 2226 foculo
1433 2193 1555 2239 puta,
1585 2186 1669 2224 He-

148 2249 269 2287 ctoris
308 2249 466 2289 umbra.
535 2249 637 2286 Nam
675 2249 758 2301 ipse
806 2247 959 2286 Aeneas
996 2248 1129 2299 ignem
1174 2259 1334 2284 sacrum
1374 2258 1507 2283 secum
1549 2245 1669 2286 Troia

147 2307 286 2345 efferre
316 2307 387 2345 vix
417 2307 564 2358 potuit.
625 2307 769 2344 Statim
800 2312 957 2354 autem,
989 2305 1148 2356 quoties
1178 2303 1265 2341 aliis
1306 2304 1347 2341 in
1388 2303 1485 2340 locis
1527 2315 1668 2339 conse-

148 2365 294 2403 derant
332 2365 516 2414 Troiani,
565 2364 703 2402 aedem
744 2364 959 2401 Penatibus
1002 2369 1040 2400 et
1077 2363 1221 2401 Vestae
1264 2375 1355 2400 cum
1398 2374 1467 2399 ara
1508 2366 1549 2397 et
1586 2360 1665 2411 igni

145 2437 258 2461 sacro
288 2436 438 2474 ponere
477 2428 666 2475 potuere,
707 2422 816 2460 unde
854 2422 894 2459 in
933 2421 1063 2458 Sicilia
1102 2426 1284 2458 moratus
1320 2420 1492 2468 Aeneas,
1533 2418 1666 2456 oblata

146 2493 218 2531 per
257 2494 441 2519 somnum
483 2479 680 2518 Anchisae
723 2479 872 2532 specie,
921 2479 1111 2529 evigilans
1148 2478 1195 2526 V,
1242 2477 1338 2519 744.
1379 2476 1462 2518 745
1504 2477 1665 2526 Perga-

147 2553 354 2590 meumque,
385 2541 538 2576 Larem
570 2547 607 2576 et
636 2553 763 2575 canae
787 2538 1016 2588 penetralia
1046 2538 1193 2575 Vestae
1225 2536 1349 2572 Fan-e
1372 2536 1446 2585 pio
1478 2542 1514 2571 et
1539 2535 1665 2583 plena

146 2596 318 2646 supplex
355 2605 564 2634 veneratur
600 2610 738 2634 acerra
778 2595 817 2633 h.
859 2608 891 2633 e.
934 2595 1133 2645 supplicat
1176 2593 1393 2630 Penatibus
1435 2598 1475 2628 ct
1510 2591 1663 2630 Vestae.

148 2651 262 2690 Adde
292 2653 409 2692 Ovid.
440 2654 544 2692 Fast.
574 2654 638 2703 Ill,
669 2652 752 2697 423
782 2666 864 2703 sqq.
875 2683 885 2702 ,
926 2652 1036 2690 unde
1079 2653 1230 2690 Romae
1261 2664 1419 2701 quoque
1449 2649 1493 2686 in
1523 2650 1664 2687 Vestae

148 2709 261 2747 aede:
292 2712 414 2748 Iliaci
430 2712 526 2762 soei
554 2712 720 2759 Vestae,
754 2712 877 2748 Iliaci
909 2711 1023 2760 ignes
1056 2716 1131 2747 etc.
1192 2709 1236 2746 Iu
1278 2722 1392 2745 sacro
1436 2707 1661 2744 Laviniensi

148 2780 169 2803 a
200 2766 305 2804 Coss
337 2769 517 2807 iaciendo
549 2783 640 2807 cum
670 2768 884 2806 Penatibus
915 2768 1032 2806 etiam
1064 2767 1208 2805 Vestae
1245 2765 1536 2813 sacrificatum,
1571 2763 1660 2801 Ma-

147 2824 255 2861 crob.
286 2824 336 2861 Ill
367 2827 446 2864 Sat.
478 2826 504 2867 4
535 2834 575 2865 et
605 2829 719 2865 Serv.
747 2826 797 2864 ad
830 2825 926 2863 Aen.
960 2826 1006 2874 ll,
1045 2828 1130 2867 296
1164 2830 1369 2861 notarunt.
1430 2822 1659 2860 Secundum

146 2879 245 2918 haec
282 2880 375 2919 licet
413 2896 572 2933 quoque
620 2884 834 2936 suspicari,
882 2883 1024 2920 Troiae
1072 2882 1193 2920 etiam
1233 2882 1399 2920 Penates
1436 2880 1478 2917 in
1518 2879 1659 2917 Vestae

147 2937 242 2975 aede
290 2937 446 2977 habitos
490 2942 629 2990 fuisse,
685 2948 804 2992 atque
851 2940 945 2978 inde
994 2941 1043 2977 ab
1098 2939 1227 2977 Aenea
1279 2943 1515 2990 exportatos
1557 2949 1658 2984 esse,
