<?xml version="1.0" encoding="UTF-8"?>
<!DOCTYPE html PUBLIC "-//W3C//DTD XHTML 1.0 Transitional//EN"
    "http://www.w3.org/TR/xhtml1/DTD/xhtml1-transitional.dtd">
<html xmlns="http://www.w3.org/1999/xhtml" xml:lang="en" lang="en">
 <head>
  <title>
</title>
<meta http-equiv="Content-Type" content="text/html;charset=utf-8" />
  <meta name='ocr-system' content='tesseract 3.04.00' />
  <meta name='ocr-capabilities' content='ocr_page ocr_carea ocr_par ocr_line ocrx_word'/>
</head>
<body>
  <div class='ocr_page' id='page_1' title='image "./publiusvirgilius02virguoft/publiusvirgilius02virguoft_0936.png"; bbox 0 0 1779 3420; ppageno 0'>
   <div class='ocr_carea' id='block_1_1' title="bbox 114 181 1292 237">
    <p class='ocr_par' dir='ltr' id='par_1_1' title="bbox 114 181 1292 237">
     <span class='ocr_line' id='line_1_1' title="bbox 114 181 1292 237; baseline -0.005 -1"><span class='ocrx_word' id='word_1_1' title='bbox 114 188 216 237; x_wconf 74' lang='lat'>928</span> <span class='ocrx_word' id='word_1_2' title='bbox 417 184 472 231; x_wconf 92' lang='lat' dir='ltr'>P.</span> <span class='ocrx_word' id='word_1_3' title='bbox 510 182 875 234; x_wconf 86' lang='lat' dir='ltr'>VIRGILII</span> <span class='ocrx_word' id='word_1_4' title='bbox 911 181 1292 232; x_wconf 89' lang='lat' dir='ltr'><strong>MARONIS</strong></span> 
     </span>
    </p>
   </div>
   <div class='ocr_carea' id='block_1_2' title="bbox 115 307 1561 722">
    <p class='ocr_par' dir='ltr' id='par_1_2' title="bbox 115 307 1439 445">
     <span class='ocr_line' id='line_1_2' title="bbox 115 307 1439 371; baseline -0.002 -12"><span class='ocrx_word' id='word_1_5' title='bbox 115 313 372 360; x_wconf 83' lang='lat' dir='ltr'>Hortator</span> <span class='ocrx_word' id='word_1_6' title='bbox 393 309 659 359; x_wconf 87' lang='lat' dir='ltr'>scelerum</span> <span class='ocrx_word' id='word_1_7' title='bbox 685 307 951 360; x_wconf 77' lang='lat' dir='ltr'>Aeolides,</span> <span class='ocrx_word' id='word_1_8' title='bbox 996 308 1087 371; x_wconf 84' lang='lat' dir='ltr'>Di,</span> <span class='ocrx_word' id='word_1_9' title='bbox 1128 307 1247 358; x_wconf 86' lang='lat' dir='ltr'>talia</span> <span class='ocrx_word' id='word_1_10' title='bbox 1274 308 1439 359; x_wconf 84' lang='lat' dir='ltr'>Graiis</span> 
     </span>
     <span class='ocr_line' id='line_1_3' title="bbox 116 379 1268 445; baseline -0.002 -15"><span class='ocrx_word' id='word_1_11' title='bbox 116 383 441 439; x_wconf 83' lang='lat' dir='ltr'>Instaurate3</span> <span class='ocrx_word' id='word_1_12' title='bbox 489 379 579 445; x_wconf 93' lang='lat' dir='ltr'>pio</span> <span class='ocrx_word' id='word_1_13' title='bbox 607 379 647 427; x_wconf 88' lang='lat' dir='ltr'>si</span> <span class='ocrx_word' id='word_1_14' title='bbox 674 395 877 444; x_wconf 88' lang='lat' dir='ltr'>poenas</span> <span class='ocrx_word' id='word_1_15' title='bbox 903 396 996 428; x_wconf 84' lang='lat' dir='ltr'>ore</span> <span class='ocrx_word' id='word_1_16' title='bbox 1024 395 1268 445; x_wconf 80' lang='lat' dir='ltr'>reposco,</span> 
     </span>
    </p>

    <p class='ocr_par' dir='ltr' id='par_1_3' title="bbox 117 447 1415 582">
     <span class='ocr_line' id='line_1_4' title="bbox 120 447 1354 515; baseline -0.002 -15"><span class='ocrx_word' id='word_1_17' title='bbox 120 450 227 500; x_wconf 92' lang='lat' dir='ltr'>Sed</span> <span class='ocrx_word' id='word_1_18' title='bbox 254 459 306 499; x_wconf 84' lang='lat' dir='ltr'>te</span> <span class='ocrx_word' id='word_1_19' title='bbox 332 451 422 515; x_wconf 91' lang='lat' dir='ltr'>qui</span> <span class='ocrx_word' id='word_1_20' title='bbox 445 451 624 498; x_wconf 88' lang='lat' dir='ltr'>vivum</span> <span class='ocrx_word' id='word_1_21' title='bbox 648 465 793 498; x_wconf 83' lang='lat' dir='ltr'>casus</span> <span class='ocrx_word' id='word_1_22' title='bbox 809 489 821 511; x_wconf 87' lang='lat'>‚</span> <span class='ocrx_word' id='word_1_23' title='bbox 861 464 953 513; x_wconf 84' lang='lat' dir='ltr'>age</span> <span class='ocrx_word' id='word_1_24' title='bbox 976 447 1089 498; x_wconf 84' lang='lat' dir='ltr'>fare</span> <span class='ocrx_word' id='word_1_25' title='bbox 1112 449 1354 510; x_wconf 87' lang='lat' dir='ltr'>vicissim,</span> 
     </span>
     <span class='ocr_line' id='line_1_5' title="bbox 117 518 1415 582; baseline -0.004 -11"><span class='ocrx_word' id='word_1_26' title='bbox 117 519 440 571; x_wconf 82' lang='lat' dir='ltr'>Adtulerint.</span> <span class='ocrx_word' id='word_1_27' title='bbox 513 518 761 582; x_wconf 76' lang='lat' dir='ltr'>Pelagine</span> <span class='ocrx_word' id='word_1_28' title='bbox 782 520 931 567; x_wconf 84' lang='lat' dir='ltr'>venis</span> <span class='ocrx_word' id='word_1_29' title='bbox 961 519 1233 568; x_wconf 84' lang='lat' dir='ltr'>erroribus</span> <span class='ocrx_word' id='word_1_30' title='bbox 1256 528 1415 581; x_wconf 74' lang='lat' dir='ltr'>actus,</span> 
     </span>
    </p>

    <p class='ocr_par' dir='ltr' id='par_1_4' title="bbox 116 587 1561 722">
     <span class='ocr_line' id='line_1_6' title="bbox 116 587 1537 653; baseline -0.004 -12"><span class='ocrx_word' id='word_1_31' title='bbox 116 594 200 642; x_wconf 92' lang='lat' dir='ltr'>An</span> <span class='ocrx_word' id='word_1_32' title='bbox 229 590 441 639; x_wconf 84' lang='lat' dir='ltr'>monitu</span> <span class='ocrx_word' id='word_1_33' title='bbox 463 587 678 638; x_wconf 82' lang='lat' dir='ltr'>divom?</span> <span class='ocrx_word' id='word_1_34' title='bbox 713 604 801 648; x_wconf 80' lang='lat' dir='ltr'>an,</span> <span class='ocrx_word' id='word_1_35' title='bbox 842 605 978 653; x_wconf 88' lang='lat' dir='ltr'>quae</span> <span class='ocrx_word' id='word_1_36' title='bbox 1005 597 1058 637; x_wconf 84' lang='lat' dir='ltr'>te</span> <span class='ocrx_word' id='word_1_37' title='bbox 1083 591 1321 637; x_wconf 81' lang='lat' dir='ltr'>Fortuna</span> <span class='ocrx_word' id='word_1_38' title='bbox 1340 588 1537 652; x_wconf 76' lang='lat' dir='ltr'>fatigat,</span> 
     </span>
     <span class='ocr_line' id='line_1_7' title="bbox 119 657 1561 722; baseline -0.003 -10"><span class='ocrx_word' id='word_1_39' title='bbox 119 663 191 712; x_wconf 89' lang='lat' dir='ltr'>Ut</span> <span class='ocrx_word' id='word_1_40' title='bbox 209 660 367 709; x_wconf 84' lang='lat' dir='ltr'>tristis</span> <span class='ocrx_word' id='word_1_41' title='bbox 389 659 503 708; x_wconf 89' lang='lat' dir='ltr'>sine</span> <span class='ocrx_word' id='word_1_42' title='bbox 530 657 643 707; x_wconf 88' lang='lat' dir='ltr'>sole</span> <span class='ocrx_word' id='word_1_43' title='bbox 671 657 895 722; x_wconf 80' lang='lat' dir='ltr'>domOS,</span> <span class='ocrx_word' id='word_1_44' title='bbox 932 658 1050 707; x_wconf 82' lang='lat' dir='ltr'>loca</span> <span class='ocrx_word' id='word_1_45' title='bbox 1073 658 1313 722; x_wconf 78' lang='lat' dir='ltr'>turbida,</span> <span class='ocrx_word' id='word_1_46' title='bbox 1352 657 1561 707; x_wconf 82' lang='lat' dir='ltr'>adires?</span> 
     </span>
    </p>
   </div>
   <div class='ocr_carea' id='block_1_3' title="bbox 1540 380 1643 429">
    <p class='ocr_par' dir='ltr' id='par_1_5' title="bbox 1540 380 1643 429">
     <span class='ocr_line' id='line_1_8' title="bbox 1540 380 1643 429; baseline -0.01 0"><span class='ocrx_word' id='word_1_47' title='bbox 1540 380 1643 429; x_wconf 83' lang='lat'>530</span> 
     </span>
    </p>
   </div>
   <div class='ocr_carea' id='block_1_4' title="bbox 120 798 1654 1788">
    <p class='ocr_par' dir='ltr' id='par_1_6' title="bbox 120 798 1654 1788">
     <span class='ocr_line' id='line_1_9' title="bbox 120 798 1648 843; baseline -0.002 -9"><span class='ocrx_word' id='word_1_48' title='bbox 120 801 201 837; x_wconf 86' lang='lat'>645.</span> <span class='ocrx_word' id='word_1_49' title='bbox 233 801 299 841; x_wconf 86' lang='lat' dir='ltr'>XI,</span> <span class='ocrx_word' id='word_1_50' title='bbox 326 801 404 836; x_wconf 89' lang='lat'><strong>879.</strong></span> <span class='ocrx_word' id='word_1_51' title='bbox 431 800 521 833; x_wconf 77' lang='lat' dir='ltr'>conf.</span> <span class='ocrx_word' id='word_1_52' title='bbox 542 799 726 832; x_wconf 80' lang='lat' dir='ltr'><strong>Burmann.</strong></span> <span class='ocrx_word' id='word_1_53' title='bbox 777 799 941 833; x_wconf 79' lang='lat' dir='ltr'><em>thalamo</em></span> <span class='ocrx_word' id='word_1_54' title='bbox 961 806 1079 833; x_wconf 74' lang='lat' dir='ltr'>tamen</span> <span class='ocrx_word' id='word_1_55' title='bbox 1102 801 1204 834; x_wconf 81' lang='lat' dir='ltr'>etiam</span> <span class='ocrx_word' id='word_1_56' title='bbox 1220 800 1343 843; x_wconf 77' lang='lat' dir='ltr'>fragm.</span> <span class='ocrx_word' id='word_1_57' title='bbox 1364 798 1478 832; x_wconf 76' lang='lat' dir='ltr'>Vatic.</span> <span class='ocrx_word' id='word_1_58' title='bbox 1503 798 1648 843; x_wconf 78' lang='lat' dir='ltr'>(thala-</span> 
     </span>
     <span class='ocr_line' id='line_1_10' title="bbox 121 845 1648 893; baseline -0.003 -12"><span class='ocrx_word' id='word_1_59' title='bbox 121 861 177 881; x_wconf 91' lang='lat' dir='ltr'>mo</span> <span class='ocrx_word' id='word_1_60' title='bbox 200 849 426 893; x_wconf 75' lang='lat' dir='ltr'>irrumpere,</span> <span class='ocrx_word' id='word_1_61' title='bbox 452 847 545 891; x_wconf 90' lang='lat' dir='ltr'>quod</span> <span class='ocrx_word' id='word_1_62' title='bbox 575 854 626 879; x_wconf 84' lang='lat' dir='ltr'>est</span> <span class='ocrx_word' id='word_1_63' title='bbox 657 848 692 878; x_wconf 89' lang='lat' dir='ltr'>in</span> <span class='ocrx_word' id='word_1_64' title='bbox 714 847 843 880; x_wconf 77' lang='lat' dir='ltr'>Medic.</span> <span class='ocrx_word' id='word_1_65' title='bbox 876 848 1064 892; x_wconf 83' lang='lat' dir='ltr'>multisque</span> <span class='ocrx_word' id='word_1_66' title='bbox 1088 848 1166 881; x_wconf 84' lang='lat' dir='ltr'>aliis</span> <span class='ocrx_word' id='word_1_67' title='bbox 1191 846 1511 891; x_wconf 66' lang='lat' dir='ltr'>praestantioribus</span> <span class='ocrx_word' id='word_1_68' title='bbox 1532 845 1648 887; x_wconf 66' lang='lat' dir='ltr'>codd„</span> 
     </span>
     <span class='ocr_line' id='line_1_11' title="bbox 120 894 1649 938; baseline -0.001 -11"><span class='ocrx_word' id='word_1_69' title='bbox 120 907 199 928; x_wconf 84' lang='lat' dir='ltr'>rara</span> <span class='ocrx_word' id='word_1_70' title='bbox 221 901 292 936; x_wconf 69' lang='lat' dir='ltr'>est,</span> <span class='ocrx_word' id='word_1_71' title='bbox 327 895 389 926; x_wconf 88' lang='lat' dir='ltr'>sed</span> <span class='ocrx_word' id='word_1_72' title='bbox 410 894 518 937; x_wconf 80' lang='lat' dir='ltr'>magis</span> <span class='ocrx_word' id='word_1_73' title='bbox 535 894 697 938; x_wconf 77' lang='lat' dir='ltr'>poetica,</span> <span class='ocrx_word' id='word_1_74' title='bbox 723 895 902 938; x_wconf 77' lang='lat' dir='ltr'>magisque</span> <span class='ocrx_word' id='word_1_75' title='bbox 931 895 1116 928; x_wconf 85' lang='lat' dir='ltr'>mutationi</span> <span class='ocrx_word' id='word_1_76' title='bbox 1151 894 1323 934; x_wconf 80' lang='lat' dir='ltr'>obnoxia,</span> <span class='ocrx_word' id='word_1_77' title='bbox 1360 900 1555 932; x_wconf 78' lang='lat' dir='ltr'>structura,</span> <span class='ocrx_word' id='word_1_78' title='bbox 1582 905 1649 937; x_wconf 89' lang='lat' dir='ltr'>qua</span> 
     </span>
     <span class='ocr_line' id='line_1_12' title="bbox 121 941 1649 986; baseline -0.001 -12"><span class='ocrx_word' id='word_1_79' title='bbox 121 942 308 986; x_wconf 83' lang='lat' dir='ltr'>aliquoties</span> <span class='ocrx_word' id='word_1_80' title='bbox 332 954 411 973; x_wconf 89' lang='lat' dir='ltr'>usus</span> <span class='ocrx_word' id='word_1_81' title='bbox 432 949 484 973; x_wconf 85' lang='lat' dir='ltr'>est</span> <span class='ocrx_word' id='word_1_82' title='bbox 503 941 619 973; x_wconf 86' lang='lat' dir='ltr'>Silius.</span> <span class='ocrx_word' id='word_1_83' title='bbox 652 941 747 984; x_wconf 84' lang='lat' dir='ltr'>IVr.)</span> <span class='ocrx_word' id='word_1_84' title='bbox 798 942 951 974; x_wconf 68' lang='lat' dir='ltr'>additas</span> <span class='ocrx_word' id='word_1_85' title='bbox 980 943 1068 975; x_wconf 83' lang='lat' dir='ltr'>bene</span> <span class='ocrx_word' id='word_1_86' title='bbox 1096 942 1216 975; x_wconf 87' lang='lat' dir='ltr'>Heius.</span> <span class='ocrx_word' id='word_1_87' title='bbox 1247 954 1287 974; x_wconf 85' lang='lat' dir='ltr'>ex</span> <span class='ocrx_word' id='word_1_88' title='bbox 1310 941 1380 974; x_wconf 86' lang='lat' dir='ltr'>suis</span> <span class='ocrx_word' id='word_1_89' title='bbox 1400 948 1436 973; x_wconf 88' lang='lat' dir='ltr'>et</span> <span class='ocrx_word' id='word_1_90' title='bbox 1470 941 1561 974; x_wconf 88' lang='lat' dir='ltr'>Pier.</span> <span class='ocrx_word' id='word_1_91' title='bbox 1587 952 1649 972; x_wconf 90' lang='lat' dir='ltr'>re-</span> 
     </span>
     <span class='ocr_line' id='line_1_13' title="bbox 121 987 1649 1033; baseline -0.002 -11"><span class='ocrx_word' id='word_1_92' title='bbox 121 989 227 1033; x_wconf 88' lang='lat' dir='ltr'>cepit.</span> <span class='ocrx_word' id='word_1_93' title='bbox 276 988 346 1021; x_wconf 85' lang='lat' dir='ltr'>Alii</span> <span class='ocrx_word' id='word_1_94' title='bbox 367 989 531 1021; x_wconf 76' lang='lat' dir='ltr'>addicar.</span> <span class='ocrx_word' id='word_1_95' title='bbox 565 988 676 1033; x_wconf 59' lang='lat' dir='ltr'>(Haec</span> <span class='ocrx_word' id='word_1_96' title='bbox 694 995 748 1020; x_wconf 86' lang='lat' dir='ltr'>est</span> <span class='ocrx_word' id='word_1_97' title='bbox 767 988 941 1028; x_wconf 74' lang='lat' dir='ltr'>Medicei,</span> <span class='ocrx_word' id='word_1_98' title='bbox 974 990 1098 1033; x_wconf 76' lang='lat' dir='ltr'>fragm.</span> <span class='ocrx_word' id='word_1_99' title='bbox 1119 991 1212 1031; x_wconf 87' lang='lat' dir='ltr'>Vat.‚</span> <span class='ocrx_word' id='word_1_100' title='bbox 1236 996 1308 1021; x_wconf 88' lang='lat' dir='ltr'>tum</span> <span class='ocrx_word' id='word_1_101' title='bbox 1330 988 1516 1021; x_wconf 87' lang='lat' dir='ltr'>multorum</span> <span class='ocrx_word' id='word_1_102' title='bbox 1536 987 1649 1019; x_wconf 83' lang='lat' dir='ltr'>Hein-</span> 
     </span>
     <span class='ocr_line' id='line_1_14' title="bbox 121 1035 1649 1081; baseline -0.001 -13"><span class='ocrx_word' id='word_1_103' title='bbox 121 1037 297 1068; x_wconf 86' lang='lat' dir='ltr'>sianorum</span> <span class='ocrx_word' id='word_1_104' title='bbox 319 1041 354 1068; x_wconf 90' lang='lat' dir='ltr'>et</span> <span class='ocrx_word' id='word_1_105' title='bbox 373 1035 481 1067; x_wconf 86' lang='lat' dir='ltr'>Paris.</span> <span class='ocrx_word' id='word_1_106' title='bbox 503 1036 535 1068; x_wconf 72' lang='grc'>2.</span> <span class='ocrx_word' id='word_1_107' title='bbox 555 1039 588 1069; x_wconf 82' lang='lat'>4.</span> <span class='ocrx_word' id='word_1_108' title='bbox 612 1037 645 1069; x_wconf 86' lang='lat'>9.</span> <span class='ocrx_word' id='word_1_109' title='bbox 666 1038 720 1070; x_wconf 92' lang='grc'>11.</span> <span class='ocrx_word' id='word_1_110' title='bbox 744 1035 865 1074; x_wconf 78' lang='lat' dir='ltr'>lectio,</span> <span class='ocrx_word' id='word_1_111' title='bbox 892 1036 1032 1069; x_wconf 88' lang='lat' dir='ltr'>minime</span> <span class='ocrx_word' id='word_1_112' title='bbox 1054 1037 1155 1070; x_wconf 86' lang='lat' dir='ltr'>alteri</span> <span class='ocrx_word' id='word_1_113' title='bbox 1178 1036 1447 1081; x_wconf 73' lang='lat' dir='ltr'>postliabenda3</span> <span class='ocrx_word' id='word_1_114' title='bbox 1483 1035 1649 1075; x_wconf 78' lang='lat' dir='ltr'>additur,</span> 
     </span>
     <span class='ocr_line' id='line_1_15' title="bbox 120 1082 1650 1127; baseline -0.001 -12"><span class='ocrx_word' id='word_1_115' title='bbox 120 1083 144 1116; x_wconf 89' lang='lat' dir='ltr'>i.</span> <span class='ocrx_word' id='word_1_116' title='bbox 168 1095 198 1115; x_wconf 87' lang='lat' dir='ltr'>e.</span> <span class='ocrx_word' id='word_1_117' title='bbox 220 1083 325 1115; x_wconf 68' lang='lat' dir='ltr'>addit</span> <span class='ocrx_word' id='word_1_118' title='bbox 345 1094 394 1123; x_wconf 77' lang='lat' dir='ltr'>se,</span> <span class='ocrx_word' id='word_1_119' title='bbox 422 1089 459 1113; x_wconf 83' lang='lat' dir='ltr'>ut</span> <span class='ocrx_word' id='word_1_120' title='bbox 482 1083 574 1126; x_wconf 84' lang='lat' dir='ltr'>apud</span> <span class='ocrx_word' id='word_1_121' title='bbox 598 1083 699 1117; x_wconf 78' lang='lat' dir='ltr'>Ovid.</span> <span class='ocrx_word' id='word_1_122' title='bbox 725 1083 834 1115; x_wconf 90' lang='lat' dir='ltr'>Trist.</span> <span class='ocrx_word' id='word_1_123' title='bbox 856 1085 900 1125; x_wconf 83' lang='lat' dir='ltr'>V,</span> <span class='ocrx_word' id='word_1_124' title='bbox 925 1085 958 1123; x_wconf 89' lang='lat'>7,</span> <span class='ocrx_word' id='word_1_125' title='bbox 982 1086 1031 1118; x_wconf 64' lang='lat'>2:</span> <span class='ocrx_word' id='word_1_126' title='bbox 1057 1086 1186 1123; x_wconf 83' lang='lat' dir='ltr'>„Latus</span> <span class='ocrx_word' id='word_1_127' title='bbox 1210 1084 1269 1116; x_wconf 89' lang='lat' dir='ltr'>ubi</span> <span class='ocrx_word' id='word_1_128' title='bbox 1297 1082 1483 1127; x_wconf 73' lang='lat' dir='ltr'>aequoreis</span> <span class='ocrx_word' id='word_1_129' title='bbox 1507 1082 1650 1115; x_wconf 80' lang='lat' dir='ltr'>additur</span> 
     </span>
     <span class='ocr_line' id='line_1_16' title="bbox 120 1128 1650 1174; baseline -0.002 -11"><span class='ocrx_word' id='word_1_130' title='bbox 120 1132 211 1164; x_wconf 86' lang='lat' dir='ltr'>Ister</span> <span class='ocrx_word' id='word_1_131' title='bbox 230 1129 364 1174; x_wconf 83' lang='lat' dir='ltr'>aquis.“</span> <span class='ocrx_word' id='word_1_132' title='bbox 400 1128 489 1161; x_wconf 69' lang='lat' dir='ltr'>infra</span> <span class='ocrx_word' id='word_1_133' title='bbox 508 1141 557 1162; x_wconf 89' lang='lat' dir='ltr'>vs.</span> <span class='ocrx_word' id='word_1_134' title='bbox 581 1131 681 1164; x_wconf 54' lang='lat'>545:</span> <span class='ocrx_word' id='word_1_135' title='bbox 708 1130 881 1171; x_wconf 82' lang='lat' dir='ltr'>„explebo</span> <span class='ocrx_word' id='word_1_136' title='bbox 908 1143 1091 1164; x_wconf 87' lang='lat' dir='ltr'>numerum</span> <span class='ocrx_word' id='word_1_137' title='bbox 1118 1131 1354 1174; x_wconf 86' lang='lat' dir='ltr'>reddarque</span> <span class='ocrx_word' id='word_1_138' title='bbox 1381 1129 1550 1162; x_wconf 85' lang='lat' dir='ltr'>tenebris.</span> <span class='ocrx_word' id='word_1_139' title='bbox 1565 1131 1586 1147; x_wconf 73' lang='lat'>‘⁶</span> <span class='ocrx_word' id='word_1_140' title='bbox 1613 1135 1650 1161; x_wconf 86' lang='lat' dir='ltr'>et</span> 
     </span>
     <span class='ocr_line' id='line_1_17' title="bbox 124 1176 1651 1222; baseline -0.001 -13"><span class='ocrx_word' id='word_1_141' title='bbox 124 1189 211 1222; x_wconf 85' lang='lat' dir='ltr'>quae</span> <span class='ocrx_word' id='word_1_142' title='bbox 234 1177 381 1221; x_wconf 81' lang='lat' dir='ltr'>plurima</span> <span class='ocrx_word' id='word_1_143' title='bbox 397 1176 532 1209; x_wconf 83' lang='lat' dir='ltr'>laudari</span> <span class='ocrx_word' id='word_1_144' title='bbox 553 1183 711 1221; x_wconf 85' lang='lat' dir='ltr'>possunt.</span> <span class='ocrx_word' id='word_1_145' title='bbox 759 1179 882 1222; x_wconf 86' lang='lat' dir='ltr'>Itaque</span> <span class='ocrx_word' id='word_1_146' title='bbox 913 1178 982 1211; x_wconf 88' lang='lat' dir='ltr'>hoc</span> <span class='ocrx_word' id='word_1_147' title='bbox 1005 1179 1180 1212; x_wconf 84' lang='lat' dir='ltr'>revocavi.</span> <span class='ocrx_word' id='word_1_148' title='bbox 1217 1178 1313 1218; x_wconf 73' lang='lat' dir='ltr'>lVr.)</span> <span class='ocrx_word' id='word_1_149' title='bbox 1410 1177 1478 1212; x_wconf 67' lang='grc'>529</span> <span class='ocrx_word' id='word_1_150' title='bbox 1505 1176 1651 1209; x_wconf 78' lang='lat' dir='ltr'>Oelides</span> 
     </span>
     <span class='ocr_line' id='line_1_18' title="bbox 121 1223 1649 1268; baseline -0.002 -10"><span class='ocrx_word' id='word_1_151' title='bbox 121 1224 251 1258; x_wconf 84' lang='lat' dir='ltr'>Medic.</span> <span class='ocrx_word' id='word_1_152' title='bbox 280 1236 356 1257; x_wconf 87' lang='lat' dir='ltr'>cum</span> <span class='ocrx_word' id='word_1_153' title='bbox 391 1224 479 1256; x_wconf 88' lang='lat' dir='ltr'>binis</span> <span class='ocrx_word' id='word_1_154' title='bbox 511 1223 631 1256; x_wconf 85' lang='lat' dir='ltr'>Heins.</span> <span class='ocrx_word' id='word_1_155' title='bbox 690 1225 746 1258; x_wconf 83' lang='lat' dir='ltr'>Sic</span> <span class='ocrx_word' id='word_1_156' title='bbox 778 1225 812 1257; x_wconf 90' lang='lat' dir='ltr'>in</span> <span class='ocrx_word' id='word_1_157' title='bbox 838 1226 1012 1258; x_wconf 87' lang='lat' dir='ltr'>Servianis</span> <span class='ocrx_word' id='word_1_158' title='bbox 1042 1224 1202 1259; x_wconf 84' lang='lat' dir='ltr'>nonnulli</span> <span class='ocrx_word' id='word_1_159' title='bbox 1234 1226 1363 1268; x_wconf 77' lang='lat' dir='ltr'>legisse</span> <span class='ocrx_word' id='word_1_160' title='bbox 1402 1230 1649 1256; x_wconf 83' lang='lat' dir='ltr'>memorantur.</span> 
     </span>
     <span class='ocr_line' id='line_1_19' title="bbox 122 1270 1650 1318; baseline -0.001 -13"><span class='ocrx_word' id='word_1_161' title='bbox 122 1272 299 1305; x_wconf 71' lang='lat' dir='ltr'>Eolzades</span> <span class='ocrx_word' id='word_1_162' title='bbox 330 1271 454 1315; x_wconf 78' lang='lat' dir='ltr'>fragm.</span> <span class='ocrx_word' id='word_1_163' title='bbox 485 1271 600 1305; x_wconf 75' lang='lat' dir='ltr'>Vatic.</span> <span class='ocrx_word' id='word_1_164' title='bbox 662 1272 790 1304; x_wconf 73' lang='lat' dir='ltr'>Elides</span> <span class='ocrx_word' id='word_1_165' title='bbox 817 1273 910 1316; x_wconf 86' lang='lat' dir='ltr'>apud</span> <span class='ocrx_word' id='word_1_166' title='bbox 938 1274 1106 1318; x_wconf 89' lang='lat' dir='ltr'>Pompon.</span> <span class='ocrx_word' id='word_1_167' title='bbox 1130 1273 1210 1306; x_wconf 89' lang='lat' dir='ltr'>Sab.</span> <span class='ocrx_word' id='word_1_168' title='bbox 1268 1272 1337 1305; x_wconf 85' lang='lat' dir='ltr'>Sed</span> <span class='ocrx_word' id='word_1_169' title='bbox 1365 1272 1477 1304; x_wconf 87' lang='lat' dir='ltr'>dictus</span> <span class='ocrx_word' id='word_1_170' title='bbox 1502 1270 1650 1315; x_wconf 84' lang='lat' dir='ltr'>Ulysses</span> 
     </span>
     <span class='ocr_line' id='line_1_20' title="bbox 121 1318 1651 1363; baseline -0.002 -10"><span class='ocrx_word' id='word_1_171' title='bbox 121 1320 308 1360; x_wconf 75' lang='lat' dir='ltr'>Aeolides,</span> <span class='ocrx_word' id='word_1_172' title='bbox 334 1325 386 1362; x_wconf 44' lang='lat' dir='ltr'>&#39;gut</span> <span class='ocrx_word' id='word_1_173' title='bbox 406 1325 520 1351; x_wconf 83' lang='lat' dir='ltr'>exstat</span> <span class='ocrx_word' id='word_1_174' title='bbox 542 1319 577 1350; x_wconf 87' lang='lat' dir='ltr'>in</span> <span class='ocrx_word' id='word_1_175' title='bbox 602 1318 722 1358; x_wconf 63' lang='lat' dir='ltr'>Palat„</span> <span class='ocrx_word' id='word_1_176' title='bbox 749 1327 795 1359; x_wconf 90' lang='lat' dir='ltr'>et,</span> <span class='ocrx_word' id='word_1_177' title='bbox 822 1327 857 1352; x_wconf 89' lang='lat' dir='ltr'>ut</span> <span class='ocrx_word' id='word_1_178' title='bbox 877 1320 1035 1363; x_wconf 86' lang='lat' dir='ltr'>videtur,</span> <span class='ocrx_word' id='word_1_179' title='bbox 1070 1320 1106 1354; x_wconf 90' lang='lat' dir='ltr'>in</span> <span class='ocrx_word' id='word_1_180' title='bbox 1133 1319 1250 1352; x_wconf 86' lang='lat' dir='ltr'>multis</span> <span class='ocrx_word' id='word_1_181' title='bbox 1271 1319 1360 1353; x_wconf 81' lang='lat' dir='ltr'>aliis.</span> <span class='ocrx_word' id='word_1_182' title='bbox 1390 1318 1486 1360; x_wconf 67' lang='lat' dir='ltr'>er.)</span> <span class='ocrx_word' id='word_1_183' title='bbox 1522 1325 1651 1362; x_wconf 86' lang='lat' dir='ltr'>quate-</span> 
     </span>
     <span class='ocr_line' id='line_1_21' title="bbox 123 1365 1651 1411; baseline 0 -13"><span class='ocrx_word' id='word_1_184' title='bbox 123 1379 187 1399; x_wconf 88' lang='lat' dir='ltr'>nus</span> <span class='ocrx_word' id='word_1_185' title='bbox 209 1366 282 1398; x_wconf 90' lang='lat' dir='ltr'>eius</span> <span class='ocrx_word' id='word_1_186' title='bbox 301 1377 410 1410; x_wconf 79' lang='lat' dir='ltr'>genus</span> <span class='ocrx_word' id='word_1_187' title='bbox 428 1379 447 1398; x_wconf 79' lang='lat' dir='ltr'>a</span> <span class='ocrx_word' id='word_1_188' title='bbox 467 1365 643 1398; x_wconf 86' lang='lat' dir='ltr'>nonnullis</span> <span class='ocrx_word' id='word_1_189' title='bbox 669 1378 687 1398; x_wconf 83' lang='lat' dir='ltr'>a</span> <span class='ocrx_word' id='word_1_190' title='bbox 709 1366 863 1411; x_wconf 82' lang='lat' dir='ltr'>Sisypho</span> <span class='ocrx_word' id='word_1_191' title='bbox 881 1367 1034 1408; x_wconf 88' lang='lat' dir='ltr'>ductum,</span> <span class='ocrx_word' id='word_1_192' title='bbox 1059 1367 1159 1401; x_wconf 82' lang='lat' dir='ltr'>Aeoli</span> <span class='ocrx_word' id='word_1_193' title='bbox 1190 1368 1228 1408; x_wconf 60' lang='grc' dir='ltr'>Β,</span> <span class='ocrx_word' id='word_1_194' title='bbox 1260 1380 1279 1400; x_wconf 83' lang='lat' dir='ltr'>a</span> <span class='ocrx_word' id='word_1_195' title='bbox 1301 1378 1369 1410; x_wconf 89' lang='lat' dir='ltr'>quo</span> <span class='ocrx_word' id='word_1_196' title='bbox 1397 1365 1550 1399; x_wconf 76' lang='lat' dir='ltr'>Anticlia</span> <span class='ocrx_word' id='word_1_197' title='bbox 1571 1378 1651 1398; x_wconf 88' lang='lat' dir='ltr'>ma—</span> 
     </span>
     <span class='ocr_line' id='line_1_22' title="bbox 122 1412 1651 1458; baseline -0.001 -11"><span class='ocrx_word' id='word_1_198' title='bbox 122 1421 177 1447; x_wconf 87' lang='lat' dir='ltr'>ter</span> <span class='ocrx_word' id='word_1_199' title='bbox 195 1420 278 1446; x_wconf 85' lang='lat' dir='ltr'>aute</span> <span class='ocrx_word' id='word_1_200' title='bbox 295 1412 434 1457; x_wconf 75' lang='lat' dir='ltr'>nuptias</span> <span class='ocrx_word' id='word_1_201' title='bbox 452 1425 527 1445; x_wconf 85' lang='lat' dir='ltr'>cum</span> <span class='ocrx_word' id='word_1_202' title='bbox 551 1414 678 1445; x_wconf 78' lang='lat' dir='ltr'>Laerta</span> <span class='ocrx_word' id='word_1_203' title='bbox 696 1414 807 1447; x_wconf 80' lang='lat' dir='ltr'>factas</span> <span class='ocrx_word' id='word_1_204' title='bbox 828 1426 999 1458; x_wconf 77' lang='lat' dir='ltr'>oppressa</span> <span class='ocrx_word' id='word_1_205' title='bbox 1016 1416 1143 1448; x_wconf 84' lang='lat' dir='ltr'>fuerat.</span> <span class='ocrx_word' id='word_1_206' title='bbox 1168 1414 1344 1448; x_wconf 78' lang='lat' dir='ltr'>Aeolides</span> <span class='ocrx_word' id='word_1_207' title='bbox 1363 1414 1541 1446; x_wconf 77' lang='lat' dir='ltr'>scelerum</span> <span class='ocrx_word' id='word_1_208' title='bbox 1560 1413 1651 1446; x_wconf 85' lang='lat' dir='ltr'>lzor—</span> 
     </span>
     <span class='ocr_line' id='line_1_23' title="bbox 123 1460 1652 1508; baseline -0.002 -14"><span class='ocrx_word' id='word_1_209' title='bbox 123 1469 228 1494; x_wconf 76' lang='lat' dir='ltr'>tatur</span> <span class='ocrx_word' id='word_1_210' title='bbox 249 1460 357 1493; x_wconf 83' lang='lat' dir='ltr'>Goth.</span> <span class='ocrx_word' id='word_1_211' title='bbox 376 1466 458 1492; x_wconf 84' lang='lat' dir='ltr'>tert.</span> <span class='ocrx_word' id='word_1_212' title='bbox 510 1462 621 1493; x_wconf 74' lang='lat' dir='ltr'>Grats</span> <span class='ocrx_word' id='word_1_213' title='bbox 638 1467 723 1493; x_wconf 87' lang='lat' dir='ltr'>vett.</span> <span class='ocrx_word' id='word_1_214' title='bbox 820 1462 889 1496; x_wconf 87' lang='lat'>530</span> <span class='ocrx_word' id='word_1_215' title='bbox 909 1463 995 1508; x_wconf 72' lang='lat' dir='ltr'>pios</span> <span class='ocrx_word' id='word_1_216' title='bbox 1020 1464 1118 1495; x_wconf 72' lang='lat' dir='ltr'>Rom.</span> <span class='ocrx_word' id='word_1_217' title='bbox 1214 1462 1281 1497; x_wconf 84' lang='lat'>531</span> <span class='ocrx_word' id='word_1_218' title='bbox 1310 1462 1374 1506; x_wconf 78' lang='lat' dir='ltr'>qui</span> <span class='ocrx_word' id='word_1_219' title='bbox 1392 1469 1429 1493; x_wconf 82' lang='lat' dir='ltr'>te</span> <span class='ocrx_word' id='word_1_220' title='bbox 1449 1460 1652 1493; x_wconf 86' lang='lat' dir='ltr'>Diomedes.</span> 
     </span>
     <span class='ocr_line' id='line_1_24' title="bbox 122 1507 1653 1551; baseline -0.003 -8"><span class='ocrx_word' id='word_1_221' title='bbox 122 1509 193 1544; x_wconf 74' lang='lat'>532</span> <span class='ocrx_word' id='word_1_222' title='bbox 217 1508 401 1542; x_wconf 73' lang='lat' dir='ltr'>Attulerit</span> <span class='ocrx_word' id='word_1_223' title='bbox 432 1507 572 1548; x_wconf 85' lang='lat' dir='ltr'>Medic.;</span> <span class='ocrx_word' id='word_1_224' title='bbox 598 1507 661 1539; x_wconf 90' lang='lat' dir='ltr'>sed</span> <span class='ocrx_word' id='word_1_225' title='bbox 693 1520 712 1540; x_wconf 89' lang='lat' dir='ltr'>a</span> <span class='ocrx_word' id='word_1_226' title='bbox 736 1520 782 1541; x_wconf 91' lang='lat' dir='ltr'>m.</span> <span class='ocrx_word' id='word_1_227' title='bbox 810 1520 864 1551; x_wconf 86' lang='lat' dir='ltr'>pr.</span> <span class='ocrx_word' id='word_1_228' title='bbox 912 1510 1135 1542; x_wconf 74' lang='lat' dir='ltr'>Attulerunt</span> <span class='ocrx_word' id='word_1_229' title='bbox 1159 1509 1229 1541; x_wconf 92' lang='lat' dir='ltr'>duo</span> <span class='ocrx_word' id='word_1_230' title='bbox 1262 1509 1383 1541; x_wconf 88' lang='lat' dir='ltr'>Heius.</span> <span class='ocrx_word' id='word_1_231' title='bbox 1409 1520 1484 1540; x_wconf 89' lang='lat' dir='ltr'>cum</span> <span class='ocrx_word' id='word_1_232' title='bbox 1516 1507 1653 1551; x_wconf 83' lang='lat' dir='ltr'>aliquot</span> 
     </span>
     <span class='ocr_line' id='line_1_25' title="bbox 122 1555 1654 1600; baseline -0.001 -13"><span class='ocrx_word' id='word_1_233' title='bbox 122 1556 215 1589; x_wconf 84' lang='lat' dir='ltr'>Pier.</span> <span class='ocrx_word' id='word_1_234' title='bbox 311 1555 380 1590; x_wconf 85' lang='lat'>533</span> <span class='ocrx_word' id='word_1_235' title='bbox 405 1555 606 1588; x_wconf 60' lang='lat' dir='ltr'>Admotum</span> <span class='ocrx_word' id='word_1_236' title='bbox 635 1560 719 1588; x_wconf 84' lang='lat' dir='ltr'>tert.</span> <span class='ocrx_word' id='word_1_237' title='bbox 749 1555 916 1589; x_wconf 78' lang='lat' dir='ltr'>Rottend.</span> <span class='ocrx_word' id='word_1_238' title='bbox 966 1564 1003 1589; x_wconf 71' lang='lat' dir='ltr'>te</span> <span class='ocrx_word' id='word_1_239' title='bbox 1032 1557 1134 1590; x_wconf 86' lang='lat' dir='ltr'>abest</span> <span class='ocrx_word' id='word_1_240' title='bbox 1157 1568 1176 1589; x_wconf 84' lang='lat' dir='ltr'>a</span> <span class='ocrx_word' id='word_1_241' title='bbox 1198 1556 1289 1588; x_wconf 78' lang='lat' dir='ltr'>binis</span> <span class='ocrx_word' id='word_1_242' title='bbox 1307 1557 1422 1587; x_wconf 89' lang='lat' dir='ltr'>Burm.</span> <span class='ocrx_word' id='word_1_243' title='bbox 1471 1563 1538 1587; x_wconf 78' lang='grc' dir='ltr'><em>αιιι</em></span> <span class='ocrx_word' id='word_1_244' title='bbox 1559 1566 1654 1600; x_wconf 79' lang='lat' dir='ltr'>quae</span> 
     </span>
     <span class='ocr_line' id='line_1_26' title="bbox 125 1601 1653 1647; baseline -0.001 -12"><span class='ocrx_word' id='word_1_245' title='bbox 125 1611 161 1635; x_wconf 74' lang='lat' dir='ltr'>te</span> <span class='ocrx_word' id='word_1_246' title='bbox 185 1614 237 1646; x_wconf 87' lang='lat' dir='ltr'>pr.</span> <span class='ocrx_word' id='word_1_247' title='bbox 264 1601 403 1642; x_wconf 85' lang='lat' dir='ltr'>Hamb.,</span> <span class='ocrx_word' id='word_1_248' title='bbox 428 1603 477 1645; x_wconf 87' lang='lat' dir='ltr'>(et</span> <span class='ocrx_word' id='word_1_249' title='bbox 499 1602 576 1634; x_wconf 90' lang='lat' dir='ltr'>cod.</span> <span class='ocrx_word' id='word_1_250' title='bbox 596 1602 634 1633; x_wconf 92' lang='lat' dir='ltr'>L.</span> <span class='ocrx_word' id='word_1_251' title='bbox 653 1602 747 1646; x_wconf 82' lang='lat' dir='ltr'>apud</span> <span class='ocrx_word' id='word_1_252' title='bbox 779 1606 876 1635; x_wconf 83' lang='lat' dir='ltr'>Serv.</span> <span class='ocrx_word' id='word_1_253' title='bbox 903 1603 947 1635; x_wconf 83' lang='lat' dir='ltr'>ad</span> <span class='ocrx_word' id='word_1_254' title='bbox 974 1616 1024 1637; x_wconf 89' lang='lat' dir='ltr'>vs.</span> <span class='ocrx_word' id='word_1_255' title='bbox 1045 1605 1126 1640; x_wconf 73' lang='lat'>5‘46.</span> <span class='ocrx_word' id='word_1_256' title='bbox 1159 1603 1255 1645; x_wconf 81' lang='lat' dir='ltr'>Wr.)</span> <span class='ocrx_word' id='word_1_257' title='bbox 1290 1603 1385 1647; x_wconf 91' lang='lat' dir='ltr'>quod</span> <span class='ocrx_word' id='word_1_258' title='bbox 1407 1601 1493 1634; x_wconf 87' lang='lat' dir='ltr'>ferri</span> <span class='ocrx_word' id='word_1_259' title='bbox 1518 1607 1653 1645; x_wconf 86' lang='lat' dir='ltr'>posset.</span> 
     </span>
     <span class='ocr_line' id='line_1_27' title="bbox 125 1648 1653 1698; baseline -0.001 -16"><span class='ocrx_word' id='word_1_260' title='bbox 125 1662 173 1682; x_wconf 84' lang='lat' dir='ltr'>an</span> <span class='ocrx_word' id='word_1_261' title='bbox 194 1650 280 1694; x_wconf 77' lang='lat' dir='ltr'>quia</span> <span class='ocrx_word' id='word_1_262' title='bbox 298 1657 334 1680; x_wconf 85' lang='lat' dir='ltr'>te</span> <span class='ocrx_word' id='word_1_263' title='bbox 354 1649 511 1680; x_wconf 85' lang='lat' dir='ltr'>nonnulli</span> <span class='ocrx_word' id='word_1_264' title='bbox 534 1648 615 1680; x_wconf 85' lang='lat' dir='ltr'>libri</span> <span class='ocrx_word' id='word_1_265' title='bbox 642 1650 766 1682; x_wconf 74' lang='lat' dir='ltr'>Donati</span> <span class='ocrx_word' id='word_1_266' title='bbox 785 1650 829 1682; x_wconf 88' lang='lat' dir='ltr'>ad</span> <span class='ocrx_word' id='word_1_267' title='bbox 853 1651 1000 1684; x_wconf 88' lang='lat' dir='ltr'>Terent.</span> <span class='ocrx_word' id='word_1_268' title='bbox 1050 1663 1163 1698; x_wconf 74' lang='lat' dir='ltr'>quae,</span> <span class='ocrx_word' id='word_1_269' title='bbox 1201 1650 1296 1695; x_wconf 92' lang='lat' dir='ltr'>quod</span> <span class='ocrx_word' id='word_1_270' title='bbox 1319 1661 1440 1682; x_wconf 88' lang='lat' dir='ltr'>omnes</span> <span class='ocrx_word' id='word_1_271' title='bbox 1464 1648 1588 1694; x_wconf 89' lang='lat' dir='ltr'>scripti</span> <span class='ocrx_word' id='word_1_272' title='bbox 1617 1654 1653 1681; x_wconf 88' lang='lat' dir='ltr'>et</span> 
     </span>
     <span class='ocr_line' id='line_1_28' title="bbox 127 1695 1653 1743; baseline 0.001 -16"><span class='ocrx_word' id='word_1_273' title='bbox 127 1695 213 1728; x_wconf 86' lang='lat' dir='ltr'>editi</span> <span class='ocrx_word' id='word_1_274' title='bbox 233 1696 379 1737; x_wconf 86' lang='lat' dir='ltr'>habent,</span> <span class='ocrx_word' id='word_1_275' title='bbox 408 1697 618 1728; x_wconf 82' lang='lat' dir='ltr'>Burmannus</span> <span class='ocrx_word' id='word_1_276' title='bbox 636 1695 683 1729; x_wconf 87' lang='lat' dir='ltr'>ita</span> <span class='ocrx_word' id='word_1_277' title='bbox 708 1696 879 1741; x_wconf 82' lang='lat' dir='ltr'>explicat,</span> <span class='ocrx_word' id='word_1_278' title='bbox 905 1697 1128 1743; x_wconf 66' lang='lat' dir='ltr'>(infortuna</span> <span class='ocrx_word' id='word_1_279' title='bbox 1153 1700 1249 1741; x_wconf 74' lang='lat' dir='ltr'>(casu</span> <span class='ocrx_word' id='word_1_280' title='bbox 1269 1703 1369 1730; x_wconf 82' lang='lat' dir='ltr'>sexto</span> <span class='ocrx_word' id='word_1_281' title='bbox 1384 1696 1532 1741; x_wconf 75' lang='lat' dir='ltr'>accipe),</span> <span class='ocrx_word' id='word_1_282' title='bbox 1558 1708 1653 1741; x_wconf 84' lang='lat' dir='ltr'>quae</span> 
     </span>
     <span class='ocr_line' id='line_1_29' title="bbox 127 1742 1653 1788; baseline 0.001 -14"><span class='ocrx_word' id='word_1_283' title='bbox 127 1742 330 1787; x_wconf 74' lang='lat' dir='ltr'>tesatigat.</span> <span class='ocrx_word' id='word_1_284' title='bbox 381 1743 511 1775; x_wconf 88' lang='lat' dir='ltr'>Durum</span> <span class='ocrx_word' id='word_1_285' title='bbox 532 1743 620 1782; x_wconf 83' lang='lat' dir='ltr'>lioc;</span> <span class='ocrx_word' id='word_1_286' title='bbox 647 1744 709 1776; x_wconf 90' lang='lat' dir='ltr'>sed</span> <span class='ocrx_word' id='word_1_287' title='bbox 737 1743 869 1776; x_wconf 84' lang='lat' dir='ltr'>dictum</span> <span class='ocrx_word' id='word_1_288' title='bbox 891 1745 966 1776; x_wconf 85' lang='lat' dir='ltr'>sere</span> <span class='ocrx_word' id='word_1_289' title='bbox 995 1745 1039 1778; x_wconf 84' lang='lat' dir='ltr'>ad</span> <span class='ocrx_word' id='word_1_290' title='bbox 1067 1757 1229 1788; x_wconf 84' lang='lat' dir='ltr'>graecam</span> <span class='ocrx_word' id='word_1_291' title='bbox 1261 1745 1455 1777; x_wconf 88' lang='lat' dir='ltr'>rationem:</span> <span class='ocrx_word' id='word_1_292' title='bbox 1489 1743 1653 1787; x_wconf 90' lang='lat' dir='ltr'>quando-</span> 
     </span>
    </p>
   </div>
   <div class='ocr_carea' id='block_1_5' title="bbox 1767 865 1779 1688">
    <p class='ocr_par' dir='ltr' id='par_1_7' title="bbox 1767 865 1779 1688">
     <span class='ocr_line' id='line_1_30' title="bbox 1767 865 1779 1688; baseline 0 0"><span class='ocrx_word' id='word_1_293' title='bbox 1767 865 1779 1688; x_wconf 95' lang='lat' dir='ltr'> </span> 
     </span>
    </p>
   </div>
   <div class='ocr_carea' id='block_1_6' title="bbox 127 1786 1654 1883">
    <p class='ocr_par' dir='ltr' id='par_1_8' title="bbox 127 1786 1654 1883">
     <span class='ocr_line' id='line_1_31' title="bbox 127 1786 1652 1836; baseline 0 -15"><span class='ocrx_word' id='word_1_294' title='bbox 127 1786 269 1833; x_wconf 74' lang='lat' dir='ltr'>quideni</span> <span class='ocrx_word' id='word_1_295' title='bbox 291 1789 394 1833; x_wconf 86' lang='lat' dir='ltr'>plena</span> <span class='ocrx_word' id='word_1_296' title='bbox 412 1790 524 1822; x_wconf 83' lang='lat' dir='ltr'>forma</span> <span class='ocrx_word' id='word_1_297' title='bbox 546 1796 616 1822; x_wconf 84' lang='lat' dir='ltr'>est:</span> <span class='ocrx_word' id='word_1_298' title='bbox 642 1802 691 1822; x_wconf 84' lang='lat' dir='ltr'>an</span> <span class='ocrx_word' id='word_1_299' title='bbox 710 1792 816 1823; x_wconf 77' lang='lat' dir='ltr'>venis</span> <span class='ocrx_word' id='word_1_300' title='bbox 843 1789 998 1829; x_wconf 75' lang='lat' dir='ltr'>fortuna</span> <span class='ocrx_word' id='word_1_301' title='bbox 1014 1792 1130 1835; x_wconf 83' lang='lat' dir='ltr'>(fato),</span> <span class='ocrx_word' id='word_1_302' title='bbox 1160 1791 1423 1836; x_wconf 77' lang='lat' dir='ltr'>quaejorcuna</span> <span class='ocrx_word' id='word_1_303' title='bbox 1448 1798 1484 1823; x_wconf 77' lang='lat' dir='ltr'>te</span> <span class='ocrx_word' id='word_1_304' title='bbox 1494 1789 1652 1835; x_wconf 75' lang='lat' dir='ltr'>fatigat.</span> 
     </span>
     <span class='ocr_line' id='line_1_32' title="bbox 129 1835 1654 1883; baseline -0.001 -14"><span class='ocrx_word' id='word_1_305' title='bbox 129 1838 263 1869; x_wconf 85' lang='lat' dir='ltr'>Graece</span> <span class='ocrx_word' id='word_1_306' title='bbox 286 1835 369 1880; x_wconf 85' lang='lat' dir='ltr'>poni</span> <span class='ocrx_word' id='word_1_307' title='bbox 393 1837 484 1869; x_wconf 87' lang='lat' dir='ltr'>solet</span> <span class='ocrx_word' id='word_1_308' title='bbox 512 1837 674 1869; x_wconf 85' lang='lat' dir='ltr'>alterum.</span> <span class='ocrx_word' id='word_1_309' title='bbox 730 1836 833 1879; x_wconf 84' lang='lat' dir='ltr'>(Mihi</span> <span class='ocrx_word' id='word_1_310' title='bbox 875 1837 1012 1870; x_wconf 82' lang='lat' dir='ltr'>videtur</span> <span class='ocrx_word' id='word_1_311' title='bbox 1056 1838 1185 1883; x_wconf 80' lang='lat' dir='ltr'>duplex</span> <span class='ocrx_word' id='word_1_312' title='bbox 1222 1836 1457 1881; x_wconf 84' lang='lat' dir='ltr'>interrogatio</span> <span class='ocrx_word' id='word_1_313' title='bbox 1487 1838 1522 1869; x_wconf 88' lang='lat' dir='ltr'>in</span> <span class='ocrx_word' id='word_1_314' title='bbox 1551 1848 1654 1869; x_wconf 87' lang='lat' dir='ltr'>unam</span> 
     </span>
    </p>
   </div>
   <div class='ocr_carea' id='block_1_7' title="bbox 128 1883 1372 1976">
    <p class='ocr_par' dir='ltr' id='par_1_9' title="bbox 128 1883 1372 1976">
     <span class='ocr_line' id='line_1_33' title="bbox 128 1883 1372 1930; baseline 0.002 -14"><span class='ocrx_word' id='word_1_315' title='bbox 128 1883 298 1916; x_wconf 84' lang='lat' dir='ltr'>conflata:</span> <span class='ocrx_word' id='word_1_316' title='bbox 323 1894 366 1915; x_wconf 85' lang='lat' dir='ltr'>an</span> <span class='ocrx_word' id='word_1_317' title='bbox 392 1883 459 1916; x_wconf 88' lang='lat' dir='ltr'>alia</span> <span class='ocrx_word' id='word_1_318' title='bbox 486 1890 521 1915; x_wconf 85' lang='lat' dir='ltr'>te</span> <span class='ocrx_word' id='word_1_319' title='bbox 547 1883 671 1927; x_wconf 78' lang='lat' dir='ltr'>fatigat</span> <span class='ocrx_word' id='word_1_320' title='bbox 695 1883 861 1917; x_wconf 72' lang='lat' dir='ltr'>fortuna?</span> <span class='ocrx_word' id='word_1_321' title='bbox 897 1891 933 1917; x_wconf 83' lang='lat' dir='ltr'>et</span> <span class='ocrx_word' id='word_1_322' title='bbox 966 1897 1055 1930; x_wconf 85' lang='lat' dir='ltr'>quae</span> <span class='ocrx_word' id='word_1_323' title='bbox 1091 1891 1146 1918; x_wconf 86' lang='lat' dir='ltr'>est</span> <span class='ocrx_word' id='word_1_324' title='bbox 1170 1884 1238 1919; x_wconf 81' lang='lat' dir='ltr'>ea?</span> <span class='ocrx_word' id='word_1_325' title='bbox 1276 1885 1372 1926; x_wconf 78' lang='lat' dir='ltr'>Wr.)</span> 
     </span>
     <span class='ocr_line' id='line_1_34' title="bbox 129 1929 884 1976; baseline 0.001 -13"><span class='ocrx_word' id='word_1_326' title='bbox 129 1930 253 1964; x_wconf 76' lang='lat' dir='ltr'>lurida</span> <span class='ocrx_word' id='word_1_327' title='bbox 277 1929 367 1963; x_wconf 87' lang='lat' dir='ltr'>coni.</span> <span class='ocrx_word' id='word_1_328' title='bbox 393 1931 442 1964; x_wconf 90' lang='lat' dir='ltr'>Io.</span> <span class='ocrx_word' id='word_1_329' title='bbox 467 1930 665 1973; x_wconf 65' lang='lat' dir='ltr'>Schrader„</span> <span class='ocrx_word' id='word_1_330' title='bbox 690 1930 884 1976; x_wconf 85' lang='lat' dir='ltr'>ingeniose.</span> 
     </span>
    </p>
   </div>
   <div class='ocr_carea' id='block_1_8' title="bbox 128 2044 865 2625">
    <p class='ocr_par' dir='ltr' id='par_1_10' title="bbox 128 2044 865 2625">
     <span class='ocr_line' id='line_1_35' title="bbox 130 2044 865 2098; baseline -0.003 -9"><span class='ocrx_word' id='word_1_331' title='bbox 130 2061 203 2089; x_wconf 84' lang='grc' dir='ltr'>στα</span> <span class='ocrx_word' id='word_1_332' title='bbox 232 2044 387 2098; x_wconf 75' lang='grc' dir='ltr'><strong>ἐοικώς.</strong></span> <span class='ocrx_word' id='word_1_333' title='bbox 438 2048 534 2087; x_wconf 77' lang='lat' dir='ltr'>Mox</span> <span class='ocrx_word' id='word_1_334' title='bbox 569 2048 665 2091; x_wconf 75' lang='lat'>524.</span> <span class='ocrx_word' id='word_1_335' title='bbox 694 2051 865 2088; x_wconf 65' lang='lat' dir='ltr'>Emovet</span> 
     </span>
     <span class='ocr_line' id='line_1_36' title="bbox 128 2107 861 2160; baseline 0.003 -16"><span class='ocrx_word' id='word_1_336' title='bbox 128 2113 170 2144; x_wconf 87' lang='lat' dir='ltr'>et</span> <span class='ocrx_word' id='word_1_337' title='bbox 198 2107 464 2155; x_wconf 68' lang='lat' dir='ltr'>subduxerat,</span> <span class='ocrx_word' id='word_1_338' title='bbox 510 2108 582 2145; x_wconf 83' lang='lat' dir='ltr'>etsi</span> <span class='ocrx_word' id='word_1_339' title='bbox 611 2122 692 2146; x_wconf 89' lang='lat' dir='ltr'>nou</span> <span class='ocrx_word' id='word_1_340' title='bbox 723 2122 861 2160; x_wconf 85' lang='lat' dir='ltr'>gram-</span> 
     </span>
     <span class='ocr_line' id='line_1_37' title="bbox 129 2166 862 2214; baseline 0.003 -12"><span class='ocrx_word' id='word_1_341' title='bbox 129 2166 294 2214; x_wconf 78' lang='lat' dir='ltr'>matice,</span> <span class='ocrx_word' id='word_1_342' title='bbox 354 2172 487 2204; x_wconf 80' lang='lat' dir='ltr'>tamen</span> <span class='ocrx_word' id='word_1_343' title='bbox 529 2166 581 2204; x_wconf 88' lang='lat' dir='ltr'>ad</span> <span class='ocrx_word' id='word_1_344' title='bbox 623 2167 862 2204; x_wconf 88' lang='lat' dir='ltr'>sententiam</span> 
     </span>
     <span class='ocr_line' id='line_1_38' title="bbox 130 2223 861 2276; baseline 0.005 -16"><span class='ocrx_word' id='word_1_345' title='bbox 130 2224 266 2261; x_wconf 79' lang='lat' dir='ltr'>saltem</span> <span class='ocrx_word' id='word_1_346' title='bbox 295 2223 335 2261; x_wconf 89' lang='lat' dir='ltr'>vi</span> <span class='ocrx_word' id='word_1_347' title='bbox 359 2224 514 2276; x_wconf 83' lang='lat' dir='ltr'>pollent</span> <span class='ocrx_word' id='word_1_348' title='bbox 535 2225 702 2275; x_wconf 86' lang='lat' dir='ltr'>aequali.</span> <span class='ocrx_word' id='word_1_349' title='bbox 763 2226 861 2267; x_wconf 73' lang='grc'>528.</span> 
     </span>
     <span class='ocr_line' id='line_1_39' title="bbox 131 2281 861 2330; baseline -0.003 -7"><span class='ocrx_word' id='word_1_350' title='bbox 131 2284 227 2324; x_wconf 78' lang='grc'>529.</span> <span class='ocrx_word' id='word_1_351' title='bbox 261 2283 392 2320; x_wconf 81' lang='lat' dir='ltr'>Suave</span> <span class='ocrx_word' id='word_1_352' title='bbox 420 2281 499 2320; x_wconf 88' lang='lat' dir='ltr'>hoc</span> <span class='ocrx_word' id='word_1_353' title='bbox 527 2290 567 2320; x_wconf 85' lang='lat' dir='ltr'>et</span> <span class='ocrx_word' id='word_1_354' title='bbox 589 2283 861 2330; x_wconf 85' lang='lat' dir='ltr'>Homericum,</span> 
     </span>
     <span class='ocr_line' id='line_1_40' title="bbox 130 2339 861 2393; baseline 0.005 -17"><span class='ocrx_word' id='word_1_355' title='bbox 130 2340 195 2377; x_wconf 88' lang='lat' dir='ltr'>vel</span> <span class='ocrx_word' id='word_1_356' title='bbox 218 2340 258 2377; x_wconf 90' lang='lat' dir='ltr'>in</span> <span class='ocrx_word' id='word_1_357' title='bbox 287 2339 363 2377; x_wconf 78' lang='lat' dir='ltr'>hac</span> <span class='ocrx_word' id='word_1_358' title='bbox 394 2340 478 2392; x_wconf 86' lang='lat' dir='ltr'>ipsa</span> <span class='ocrx_word' id='word_1_359' title='bbox 502 2354 545 2378; x_wconf 86' lang='lat' dir='ltr'>re</span> <span class='ocrx_word' id='word_1_360' title='bbox 571 2339 625 2393; x_wconf 78' lang='lat' dir='ltr'>(v.</span> <span class='ocrx_word' id='word_1_361' title='bbox 649 2342 793 2393; x_wconf 69' lang='lat' dir='ltr'>Odyss.</span> <span class='ocrx_word' id='word_1_362' title='bbox 817 2346 861 2386; x_wconf 81' lang='grc' dir='ltr'>θ,</span> 
     </span>
     <span class='ocr_line' id='line_1_41' title="bbox 132 2397 865 2449; baseline 0 -12"><span class='ocrx_word' id='word_1_363' title='bbox 132 2397 227 2438; x_wconf 86' lang='grc'>517.</span> <span class='ocrx_word' id='word_1_364' title='bbox 248 2397 364 2449; x_wconf 77' lang='grc'>518),</span> <span class='ocrx_word' id='word_1_365' title='bbox 396 2398 507 2449; x_wconf 86' lang='lat' dir='ltr'>quod</span> <span class='ocrx_word' id='word_1_366' title='bbox 538 2413 611 2437; x_wconf 86' lang='lat' dir='ltr'>uec</span> <span class='ocrx_word' id='word_1_367' title='bbox 633 2400 681 2436; x_wconf 89' lang='lat' dir='ltr'>ab</span> <span class='ocrx_word' id='word_1_368' title='bbox 702 2399 779 2437; x_wconf 89' lang='lat' dir='ltr'>hoc</span> <span class='ocrx_word' id='word_1_369' title='bbox 802 2400 865 2437; x_wconf 85' lang='lat' dir='ltr'>sa·-</span> 
     </span>
     <span class='ocr_line' id='line_1_42' title="bbox 132 2455 865 2507; baseline 0.005 -16"><span class='ocrx_word' id='word_1_370' title='bbox 132 2455 267 2492; x_wconf 81' lang='lat' dir='ltr'>cinore</span> <span class='ocrx_word' id='word_1_371' title='bbox 288 2456 444 2507; x_wconf 78' lang='lat' dir='ltr'>Ulysses</span> <span class='ocrx_word' id='word_1_372' title='bbox 464 2457 585 2495; x_wconf 81' lang='lat' dir='ltr'>abest.</span> <span class='ocrx_word' id='word_1_373' title='bbox 626 2460 865 2506; x_wconf 65' lang='lat' dir='ltr'>instaurate,</span> 
     </span>
     <span class='ocr_line' id='line_1_43' title="bbox 134 2512 864 2567; baseline 0.005 -18"><span class='ocrx_word' id='word_1_374' title='bbox 134 2512 262 2560; x_wconf 83' lang='lat' dir='ltr'>docte,</span> <span class='ocrx_word' id='word_1_375' title='bbox 284 2514 510 2562; x_wconf 72' lang='lat' dir='ltr'>retribuite,</span> <span class='ocrx_word' id='word_1_376' title='bbox 533 2516 753 2564; x_wconf 77' lang='lat' dir='ltr'>rependite.</span> <span class='ocrx_word' id='word_1_377' title='bbox 792 2518 864 2567; x_wconf 75' lang='lat' dir='ltr'>pio</span> 
     </span>
     <span class='ocr_line' id='line_1_44' title="bbox 135 2571 720 2625; baseline 0.009 -18"><span class='ocrx_word' id='word_1_378' title='bbox 135 2585 210 2619; x_wconf 79' lang='lat' dir='ltr'>ore,</span> <span class='ocrx_word' id='word_1_379' title='bbox 242 2571 272 2608; x_wconf 87' lang='lat' dir='ltr'>si</span> <span class='ocrx_word' id='word_1_380' title='bbox 293 2584 440 2622; x_wconf 81' lang='lat' dir='ltr'>poenas</span> <span class='ocrx_word' id='word_1_381' title='bbox 466 2573 591 2611; x_wconf 78' lang='lat' dir='ltr'>iustas</span> <span class='ocrx_word' id='word_1_382' title='bbox 615 2580 720 2625; x_wconf 85' lang='lat' dir='ltr'>peto.</span> 
     </span>
    </p>
   </div>
   <div class='ocr_carea' id='block_1_9' title="bbox 132 2686 867 2969">
    <p class='ocr_par' dir='ltr' id='par_1_11' title="bbox 132 2686 867 2969">
     <span class='ocr_line' id='line_1_45' title="bbox 193 2686 867 2727; baseline -0.003 0"><span class='ocrx_word' id='word_1_383' title='bbox 193 2686 349 2727; x_wconf 76' lang='lat'>531—-</span> <span class='ocrx_word' id='word_1_384' title='bbox 375 2686 470 2727; x_wconf 82' lang='lat'>533.</span> <span class='ocrx_word' id='word_1_385' title='bbox 524 2687 764 2725; x_wconf 80' lang='lat' dir='ltr'>Adumbrati</span> <span class='ocrx_word' id='word_1_386' title='bbox 816 2701 867 2726; x_wconf 77' lang='lat' dir='ltr'>ex</span> 
     </span>
     <span class='ocr_line' id='line_1_46' title="bbox 133 2742 867 2796; baseline 0.003 -15"><span class='ocrx_word' id='word_1_387' title='bbox 133 2742 345 2781; x_wconf 83' lang='lat' dir='ltr'>Homerica</span> <span class='ocrx_word' id='word_1_388' title='bbox 373 2743 528 2780; x_wconf 87' lang='lat' dir='ltr'>ratione</span> <span class='ocrx_word' id='word_1_389' title='bbox 550 2745 693 2796; x_wconf 71' lang='lat' dir='ltr'>Odyss.</span> <span class='ocrx_word' id='word_1_390' title='bbox 713 2749 746 2794; x_wconf 81' lang='grc' dir='ltr'>λ,</span> <span class='ocrx_word' id='word_1_391' title='bbox 772 2747 867 2786; x_wconf 81' lang='lat'>154.</span> 
     </span>
     <span class='ocr_line' id='line_1_47' title="bbox 134 2801 867 2852; baseline 0 -13"><span class='ocrx_word' id='word_1_392' title='bbox 134 2814 203 2852; x_wconf 65' lang='lat' dir='ltr'>sq„</span> <span class='ocrx_word' id='word_1_393' title='bbox 247 2801 317 2840; x_wconf 88' lang='lat' dir='ltr'>ubi</span> <span class='ocrx_word' id='word_1_394' title='bbox 354 2801 534 2852; x_wconf 71' lang='lat' dir='ltr'>Ulyssem</span> <span class='ocrx_word' id='word_1_395' title='bbox 579 2809 708 2839; x_wconf 77' lang='lat' dir='ltr'>mater</span> <span class='ocrx_word' id='word_1_396' title='bbox 750 2803 867 2840; x_wconf 82' lang='lat' dir='ltr'>simili</span> 
     </span>
     <span class='ocr_line' id='line_1_48' title="bbox 133 2858 867 2909; baseline 0 -12"><span class='ocrx_word' id='word_1_397' title='bbox 133 2858 254 2897; x_wconf 88' lang='lat' dir='ltr'>modo</span> <span class='ocrx_word' id='word_1_398' title='bbox 290 2859 523 2909; x_wconf 78' lang='lat' dir='ltr'>alloquitur,</span> <span class='ocrx_word' id='word_1_399' title='bbox 593 2859 693 2897; x_wconf 80' lang='lat' dir='ltr'>Mira</span> <span class='ocrx_word' id='word_1_400' title='bbox 733 2866 867 2897; x_wconf 82' lang='lat' dir='ltr'>autem</span> 
     </span>
     <span class='ocr_line' id='line_1_49' title="bbox 132 2915 867 2969; baseline 0.001 -14"><span class='ocrx_word' id='word_1_401' title='bbox 132 2915 263 2955; x_wconf 78' lang='lat' dir='ltr'>videri</span> <span class='ocrx_word' id='word_1_402' title='bbox 302 2922 436 2969; x_wconf 86' lang='lat' dir='ltr'>potest</span> <span class='ocrx_word' id='word_1_403' title='bbox 474 2917 707 2969; x_wconf 79' lang='lat' dir='ltr'>appellatio:</span> <span class='ocrx_word' id='word_1_404' title='bbox 769 2931 867 2956; x_wconf 86' lang='lat' dir='ltr'>num</span> 
     </span>
    </p>
   </div>
   <div class='ocr_carea' id='block_1_10' title="bbox 1470 1884 1654 1919">
    <p class='ocr_par' dir='ltr' id='par_1_12' title="bbox 1470 1884 1654 1919">
     <span class='ocr_line' id='line_1_50' title="bbox 1470 1884 1654 1919; baseline -0.016 0"><span class='ocrx_word' id='word_1_405' title='bbox 1470 1884 1539 1919; x_wconf 67' lang='lat'>534</span> <span class='ocrx_word' id='word_1_406' title='bbox 1571 1884 1654 1917; x_wconf 83' lang='lat' dir='ltr'>loca</span> 
     </span>
    </p>
   </div>
   <div class='ocr_carea' id='block_1_11' title="bbox 920 2050 1663 2971">
    <p class='ocr_par' dir='ltr' id='par_1_13' title="bbox 920 2050 1663 2971">
     <span class='ocr_line' id='line_1_51' title="bbox 921 2050 1655 2089; baseline 0 0"><span class='ocrx_word' id='word_1_407' title='bbox 921 2063 1058 2089; x_wconf 85' lang='lat' dir='ltr'>errore</span> <span class='ocrx_word' id='word_1_408' title='bbox 1087 2051 1292 2089; x_wconf 82' lang='lat' dir='ltr'>maritimo</span> <span class='ocrx_word' id='word_1_409' title='bbox 1328 2050 1379 2089; x_wconf 86' lang='lat' dir='ltr'>ad</span> <span class='ocrx_word' id='word_1_410' title='bbox 1405 2051 1494 2089; x_wconf 86' lang='lat' dir='ltr'>loca</span> <span class='ocrx_word' id='word_1_411' title='bbox 1527 2051 1655 2089; x_wconf 84' lang='lat' dir='ltr'>infera</span> 
     </span>
     <span class='ocr_line' id='line_1_52' title="bbox 923 2109 1655 2161; baseline -0.003 -13"><span class='ocrx_word' id='word_1_412' title='bbox 923 2109 1081 2148; x_wconf 79' lang='lat' dir='ltr'>delatus</span> <span class='ocrx_word' id='word_1_413' title='bbox 1103 2110 1184 2148; x_wconf 77' lang='lat' dir='ltr'>sit?</span> <span class='ocrx_word' id='word_1_414' title='bbox 1213 2109 1292 2147; x_wconf 86' lang='lat' dir='ltr'>Sed</span> <span class='ocrx_word' id='word_1_415' title='bbox 1314 2109 1572 2161; x_wconf 83' lang='lat' dir='ltr'>cogitandum</span> <span class='ocrx_word' id='word_1_416' title='bbox 1595 2114 1655 2147; x_wconf 85' lang='lat' dir='ltr'>est</span> 
     </span>
     <span class='ocr_line' id='line_1_53' title="bbox 922 2167 1654 2219; baseline -0.003 -13"><span class='ocrx_word' id='word_1_417' title='bbox 922 2167 971 2206; x_wconf 90' lang='lat' dir='ltr'>de</span> <span class='ocrx_word' id='word_1_418' title='bbox 1003 2167 1140 2216; x_wconf 82' lang='lat' dir='ltr'>aditu,</span> <span class='ocrx_word' id='word_1_419' title='bbox 1202 2168 1329 2219; x_wconf 85' lang='lat' dir='ltr'>qualis</span> <span class='ocrx_word' id='word_1_420' title='bbox 1368 2169 1523 2206; x_wconf 84' lang='lat' dir='ltr'>Aeneae</span> <span class='ocrx_word' id='word_1_421' title='bbox 1563 2167 1654 2216; x_wconf 77' lang='lat' dir='ltr'>fuit,</span> 
     </span>
     <span class='ocr_line' id='line_1_54' title="bbox 920 2226 1654 2278; baseline 0.001 -15"><span class='ocrx_word' id='word_1_422' title='bbox 920 2239 993 2278; x_wconf 79' lang='lat' dir='ltr'>pei·</span> <span class='ocrx_word' id='word_1_423' title='bbox 1012 2227 1234 2273; x_wconf 85' lang='lat' dir='ltr'>Avernum,</span> <span class='ocrx_word' id='word_1_424' title='bbox 1257 2232 1470 2278; x_wconf 81' lang='lat' dir='ltr'>postquam</span> <span class='ocrx_word' id='word_1_425' title='bbox 1496 2226 1548 2263; x_wconf 85' lang='lat' dir='ltr'>ad</span> <span class='ocrx_word' id='word_1_426' title='bbox 1570 2227 1654 2264; x_wconf 89' lang='lat' dir='ltr'>Cu-</span> 
     </span>
     <span class='ocr_line' id='line_1_55' title="bbox 920 2284 1656 2336; baseline -0.001 -15"><span class='ocrx_word' id='word_1_427' title='bbox 920 2298 1082 2322; x_wconf 85' lang='lat' dir='ltr'>manum</span> <span class='ocrx_word' id='word_1_428' title='bbox 1096 2284 1210 2322; x_wconf 81' lang='lat' dir='ltr'>littus</span> <span class='ocrx_word' id='word_1_429' title='bbox 1227 2285 1450 2336; x_wconf 80' lang='lat' dir='ltr'>appulerat.</span> <span class='ocrx_word' id='word_1_430' title='bbox 1483 2300 1536 2322; x_wconf 79' lang='lat' dir='ltr'>an</span> <span class='ocrx_word' id='word_1_431' title='bbox 1551 2297 1656 2336; x_wconf 76' lang='lat' dir='ltr'>quae</span> 
     </span>
     <span class='ocr_line' id='line_1_56' title="bbox 924 2341 1655 2394; baseline -0.001 -14"><span class='ocrx_word' id='word_1_432' title='bbox 924 2350 960 2380; x_wconf 85' lang='lat' dir='ltr'>te</span> <span class='ocrx_word' id='word_1_433' title='bbox 975 2342 1152 2393; x_wconf 70' lang='lat' dir='ltr'>sommia</span> <span class='ocrx_word' id='word_1_434' title='bbox 1169 2343 1216 2394; x_wconf 88' lang='lat' dir='ltr'>s.</span> <span class='ocrx_word' id='word_1_435' title='bbox 1250 2343 1386 2394; x_wconf 82' lang='lat' dir='ltr'>paullo</span> <span class='ocrx_word' id='word_1_436' title='bbox 1423 2343 1565 2380; x_wconf 85' lang='lat' dir='ltr'>durius</span> <span class='ocrx_word' id='word_1_437' title='bbox 1589 2341 1655 2380; x_wconf 90' lang='lat' dir='ltr'>di-</span> 
     </span>
     <span class='ocr_line' id='line_1_57' title="bbox 924 2399 1656 2453; baseline -0.001 -15"><span class='ocrx_word' id='word_1_438' title='bbox 924 2407 1036 2438; x_wconf 90' lang='lat' dir='ltr'>ctum</span> <span class='ocrx_word' id='word_1_439' title='bbox 1075 2414 1167 2452; x_wconf 82' lang='lat' dir='ltr'>pro:</span> <span class='ocrx_word' id='word_1_440' title='bbox 1216 2415 1271 2438; x_wconf 81' lang='lat' dir='ltr'>an</span> <span class='ocrx_word' id='word_1_441' title='bbox 1301 2401 1477 2452; x_wconf 71' lang='lat' dir='ltr'>fortuna</span> <span class='ocrx_word' id='word_1_442' title='bbox 1523 2399 1656 2453; x_wconf 78' lang='lat' dir='ltr'>(sexto</span> 
     </span>
     <span class='ocr_line' id='line_1_58' title="bbox 925 2457 1656 2512; baseline -0.001 -16"><span class='ocrx_word' id='word_1_443' title='bbox 925 2457 1034 2512; x_wconf 82' lang='lat' dir='ltr'>casu)</span> <span class='ocrx_word' id='word_1_444' title='bbox 1065 2461 1188 2507; x_wconf 68' lang='lat' dir='ltr'>venis,</span> <span class='ocrx_word' id='word_1_445' title='bbox 1224 2473 1329 2510; x_wconf 77' lang='lat' dir='ltr'>qnae</span> <span class='ocrx_word' id='word_1_446' title='bbox 1352 2458 1583 2509; x_wconf 60' lang='lat' dir='ltr'>tesizligat,</span> <span class='ocrx_word' id='word_1_447' title='bbox 1615 2457 1656 2495; x_wconf 86' lang='lat' dir='ltr'>h.</span> 
     </span>
     <span class='ocr_line' id='line_1_59' title="bbox 925 2516 1658 2567; baseline -0.001 -14"><span class='ocrx_word' id='word_1_448' title='bbox 925 2530 1020 2554; x_wconf 79' lang='lat' dir='ltr'>casu</span> <span class='ocrx_word' id='word_1_449' title='bbox 1064 2516 1257 2567; x_wconf 81' lang='lat' dir='ltr'>adver803</span> <span class='ocrx_word' id='word_1_450' title='bbox 1306 2517 1473 2554; x_wconf 82' lang='lat' dir='ltr'>fortuna</span> <span class='ocrx_word' id='word_1_451' title='bbox 1512 2516 1658 2553; x_wconf 81' lang='lat' dir='ltr'>infesta</span> 
     </span>
     <span class='ocr_line' id='line_1_60' title="bbox 924 2573 1658 2612; baseline 0 -1"><span class='ocrx_word' id='word_1_452' title='bbox 924 2573 1006 2612; x_wconf 84' lang='lat' dir='ltr'>huc</span> <span class='ocrx_word' id='word_1_453' title='bbox 1027 2574 1240 2612; x_wconf 83' lang='lat' dir='ltr'>adductus.</span> <span class='ocrx_word' id='word_1_454' title='bbox 1273 2574 1406 2612; x_wconf 86' lang='lat' dir='ltr'>Minus</span> <span class='ocrx_word' id='word_1_455' title='bbox 1434 2575 1536 2611; x_wconf 86' lang='lat' dir='ltr'>bene</span> <span class='ocrx_word' id='word_1_456' title='bbox 1563 2574 1658 2611; x_wconf 87' lang='lat' dir='ltr'>olim</span> 
     </span>
     <span class='ocr_line' id='line_1_61' title="bbox 926 2633 1659 2683; baseline -0.001 -14"><span class='ocrx_word' id='word_1_457' title='bbox 926 2645 1169 2683; x_wconf 82' lang='lat' dir='ltr'>acceperam,</span> <span class='ocrx_word' id='word_1_458' title='bbox 1192 2646 1246 2668; x_wconf 80' lang='grc' dir='ltr'>αη</span> <span class='ocrx_word' id='word_1_459' title='bbox 1256 2633 1430 2683; x_wconf 75' lang='lat' dir='ltr'>somma</span> <span class='ocrx_word' id='word_1_460' title='bbox 1451 2640 1518 2682; x_wconf 74' lang='lat' dir='ltr'>est,</span> <span class='ocrx_word' id='word_1_461' title='bbox 1551 2645 1659 2683; x_wconf 71' lang='lat' dir='ltr'>quae</span> 
     </span>
     <span class='ocr_line' id='line_1_62' title="bbox 927 2687 1657 2740; baseline 0.001 -14"><span class='ocrx_word' id='word_1_462' title='bbox 927 2690 1163 2740; x_wconf 74' lang='lat' dir='ltr'>tesaligal.</span> <span class='ocrx_word' id='word_1_463' title='bbox 1224 2687 1323 2739; x_wconf 77' lang='lat' dir='ltr'>(vid,</span> <span class='ocrx_word' id='word_1_464' title='bbox 1367 2694 1499 2725; x_wconf 83' lang='lat' dir='ltr'>tamen</span> <span class='ocrx_word' id='word_1_465' title='bbox 1530 2690 1575 2728; x_wconf 92' lang='lat' dir='ltr'>V.</span> <span class='ocrx_word' id='word_1_466' title='bbox 1616 2690 1657 2727; x_wconf 90' lang='lat' dir='ltr'>L.</span> 
     </span>
     <span class='ocr_line' id='line_1_63' title="bbox 929 2743 1660 2799; baseline 0.003 -15"><span class='ocrx_word' id='word_1_467' title='bbox 929 2745 1049 2799; x_wconf 58' lang='lat' dir='ltr'>IsVr.)</span> <span class='ocrx_word' id='word_1_468' title='bbox 1083 2749 1167 2784; x_wconf 71' lang='lat' dir='ltr'>sine</span> <span class='ocrx_word' id='word_1_469' title='bbox 1185 2747 1266 2783; x_wconf 66' lang='lat' dir='ltr'>sole</span> <span class='ocrx_word' id='word_1_470' title='bbox 1287 2747 1440 2796; x_wconf 72' lang='lat' dir='ltr'>domos,</span> <span class='ocrx_word' id='word_1_471' title='bbox 1466 2743 1660 2799; x_wconf 78' lang='grc' dir='ltr'><em>οἷνηλίους</em></span> 
     </span>
     <span class='ocr_line' id='line_1_64' title="bbox 927 2801 1659 2857; baseline -0.003 -13"><span class='ocrx_word' id='word_1_472' title='bbox 927 2801 1081 2854; x_wconf 83' lang='grc' dir='ltr'><em>δόμους</em></span> <span class='ocrx_word' id='word_1_473' title='bbox 1112 2804 1175 2841; x_wconf 81' lang='lat' dir='ltr'>vel</span> <span class='ocrx_word' id='word_1_474' title='bbox 1201 2803 1353 2856; x_wconf 64' lang='grc' dir='ltr'>μυχοῦς</span> <span class='ocrx_word' id='word_1_475' title='bbox 1374 2805 1572 2857; x_wconf 82' lang='lat' dir='ltr'>Euripidis</span> <span class='ocrx_word' id='word_1_476' title='bbox 1597 2819 1659 2856; x_wconf 85' lang='lat' dir='ltr'>ap.</span> 
     </span>
     <span class='ocr_line' id='line_1_65' title="bbox 926 2861 1656 2901; baseline 0.001 -3"><span class='ocrx_word' id='word_1_477' title='bbox 926 2861 1054 2899; x_wconf 88' lang='lat' dir='ltr'>Guell.</span> <span class='ocrx_word' id='word_1_478' title='bbox 1083 2868 1123 2899; x_wconf 83' lang='lat' dir='ltr'>et</span> <span class='ocrx_word' id='word_1_479' title='bbox 1149 2862 1330 2900; x_wconf 81' lang='lat' dir='ltr'>Cerdaui.</span> <span class='ocrx_word' id='word_1_480' title='bbox 1372 2864 1462 2900; x_wconf 80' lang='lat' dir='ltr'>loca</span> <span class='ocrx_word' id='word_1_481' title='bbox 1482 2863 1656 2901; x_wconf 78' lang='lat' dir='ltr'>turbida.</span> 
     </span>
     <span class='ocr_line' id='line_1_66' title="bbox 927 2919 1663 2971; baseline 0.001 -15"><span class='ocrx_word' id='word_1_482' title='bbox 927 2919 1198 2971; x_wconf 83' lang='lat' dir='ltr'>Cogitanduin</span> <span class='ocrx_word' id='word_1_483' title='bbox 1228 2926 1288 2959; x_wconf 69' lang='lat' dir='ltr'>est</span> <span class='ocrx_word' id='word_1_484' title='bbox 1318 2920 1448 2959; x_wconf 86' lang='lat' dir='ltr'>Chaos</span> <span class='ocrx_word' id='word_1_485' title='bbox 1486 2921 1537 2958; x_wconf 85' lang='lat' dir='ltr'>ad</span> <span class='ocrx_word' id='word_1_486' title='bbox 1574 2921 1663 2958; x_wconf 88' lang='lat' dir='ltr'>loca</span> 
     </span>
    </p>
   </div>
  </div>
 </body>
</html>
