1731 3420
102 256 172 304 60
418 247 472 294 P.
519 239 872 293 VIRGILII
915 237 1294 288 MARONIS

104 381 320 427 Gratum
346 388 468 437 opus
494 369 762 434 agricolis:
800 374 856 415 at
885 383 1012 414 nunc
1037 367 1299 413 horrentia
1330 365 1523 412 Martis

103 511 311 547 senteutiam
342 506 583 548 concedimus,
616 504 757 538 minime
787 516 982 548 congruere
1007 509 1080 536 tam
1109 509 1214 536 tenue
1243 509 1348 546 atque
1370 500 1459 534 exile
1480 498 1616 545 princi-

101 560 196 606 pium
226 564 287 592 aut
307 561 511 599 argumento
534 552 695 586 carminis
723 551 951 596 gravissimo,
976 557 1036 584 aut
1065 550 1148 583 stilo
1177 556 1248 582 tam
1274 547 1398 592 grandi
1427 560 1466 581 ac
1485 558 1616 579 nervo—

102 618 153 640 so.
201 604 272 638 Sed
300 604 370 636 hoc
404 601 463 646 qui
493 601 642 641 fatetur,
684 610 755 632 non
792 598 895 632 etiam
935 598 979 630 de
1009 605 1151 631 auctore
1191 595 1345 639 ambigat
1374 605 1518 627 necesse
1550 599 1615 625 est.

102 652 216 694 Quid,
249 650 278 683 si
301 649 371 694 ipsi
398 646 562 681 versiculi
590 653 663 679 tam
694 645 782 678 tersi
812 651 893 678 sunt
924 657 965 678 ac
996 644 1093 688 digni
1121 642 1310 676 cultissimo
1338 648 1463 686 poeta,
1499 647 1536 672 ut
1554 646 1615 672 tuo

101 700 179 744 ipse
200 696 316 731 sensui
335 695 485 728 illudere
505 693 670 735 videaris,
695 692 725 725 si
744 705 764 725 a
785 691 903 725 nescio
925 702 993 736 quo
1012 690 1158 723 indocto
1177 696 1213 722 et
1230 688 1319 723 male
1338 688 1465 721 feriato
1488 687 1616 720 Gram-

101 747 229 780 matico
265 753 408 777 excusos
435 739 653 774 contendas?
678 739 748 773 Sed
771 751 943 783 provocas
970 738 1015 771 ad
1031 737 1141 782 ipsius
1170 743 1300 781 poetae
1326 734 1511 775 iudicium,
1547 743 1616 777 quo

103 792 164 826 ille
191 791 330 837 quidem
356 796 429 821 tam
451 788 597 821 subacto
625 793 660 819 et
689 792 794 819 acuto
831 786 1016 827 utebatur,
1058 791 1096 817 ut
1121 783 1225 816 facile
1254 787 1378 828 posset
1406 780 1617 819 discernere,

106 839 189 884 quid
218 844 336 883 aptum
363 842 474 876 esset,
507 834 590 879 quid
623 833 792 878 ineptum.
840 832 965 865 Audio.
1014 834 1059 865 At
1088 843 1132 863 ne
1165 830 1253 862 illud
1291 829 1432 874 quidem
1459 826 1618 871 negabi8‚

106 885 292 929 Virgilium
307 882 416 926 magis
437 881 481 914 ad
501 887 623 913 tenues
646 892 702 913 res
730 878 882 912 carmine
912 878 1173 924 persequendas
1206 883 1324 909 natum
1353 875 1481 915 fuisse,
1516 884 1618 919 quam

106 933 151 966 ad
181 932 322 965 arduum
347 942 386 963 ac
414 927 560 961 sublime
585 939 692 972 opus,
733 926 836 970 quale
866 933 940 958 erat
969 924 1153 967 Aeneidis,
1189 923 1347 956 omnibus
1374 920 1525 954 numeris
1552 920 1619 953 ab-

107 978 334 1018 solvendum,
367 982 471 1020 atque
498 975 532 1006 in
559 986 601 1006 eo
628 973 852 1018 suscipiendo
883 972 991 1017 magis
1019 971 1164 1016 Augusti
1191 971 1456 1015 obtemperasse
1491 967 1619 1000 volun-

106 1026 190 1067 tati,
223 1036 324 1070 quam
351 1035 435 1063 suo,
471 1021 566 1066 quod
593 1021 638 1054 ad
672 1021 740 1054 alia
764 1020 965 1061 serebatur,
1009 1018 1163 1063 ingenio.
1211 1016 1314 1050 Ruris
1344 1023 1418 1048 erat
1443 1015 1618 1052 alumnus3

107 1072 256 1105 rusticae
281 1070 375 1103 vitae
407 1068 621 1101 iucunditate
646 1074 768 1113 captus
802 1072 839 1099 et
870 1078 988 1099 rerum
1021 1064 1232 1098 naturalium
1264 1061 1526 1109 pulchritudine
1552 1061 1618 1094 ab—

108 1125 226 1164 reptus
251 1117 436 1150 habitabat
455 1115 528 1148 eius
554 1114 686 1147 animus
711 1114 746 1146 in
772 1113 909 1159 pascuis
935 1120 971 1146 et
997 1113 1128 1158 pratis,
1152 1112 1188 1144 in
1213 1110 1388 1143 montibus
1414 1115 1450 1142 et
1474 1107 1618 1141 conval-

108 1166 219 1207 libus,
244 1176 356 1208 neque
381 1163 425 1195 ad
457 1161 543 1194 alias
576 1162 679 1194 facile
710 1172 767 1193 res
792 1160 1064 1202 traducebatur,
1100 1171 1201 1203 quam
1238 1158 1363 1202 quibus
1389 1162 1483 1188 esset
1507 1167 1619 1199 quae-

108 1212 187 1245 dam
211 1223 285 1243 cum
310 1210 386 1242 istis
411 1208 622 1241 coniunctio.
670 1207 765 1249 Quid
788 1207 896 1251 igitur
920 1207 1065 1247 mirum,
1095 1207 1125 1238 si
1149 1217 1253 1249 aegre
1279 1203 1463 1236 discedens
1489 1203 1531 1235 ab
1562 1200 1618 1233 his

109 1257 374 1292 amoenitatibus
408 1255 445 1288 in
478 1255 557 1298 ipso
595 1254 678 1287 novi
715 1254 834 1298 operis
868 1254 1027 1297 ingressu
1053 1252 1151 1298 quasi
1185 1251 1301 1284 valere
1338 1249 1476 1282 iusserit
1500 1261 1558 1281 rus
1585 1254 1620 1280 et

110 1304 339 1349 gratissimum
364 1303 431 1335 sibi
464 1301 547 1334 olim
571 1301 747 1334 studium?
787 1301 858 1334 Sed
881 1300 969 1334 illud
1001 1312 1069 1333 non
1096 1299 1312 1336 dubitamus,
1349 1297 1454 1341 quin,
1497 1295 1526 1328 si
1551 1294 1619 1339 ipsi

110 1364 196 1396 opus
221 1357 414 1396 pertextum
438 1355 627 1381 retractare
652 1347 831 1389 licuisset,
857 1348 975 1380 stilum
1000 1358 1162 1380 versurus
1187 1344 1310 1377 fuisset
1337 1344 1381 1376 ad
1406 1342 1620 1375 oblitteran-

111 1399 154 1431 da
180 1410 255 1430 eum
283 1397 370 1439 alia,
402 1403 475 1428 tum
500 1396 588 1428 haec
621 1394 720 1439 ipsa,
765 1406 855 1439 quae
879 1394 1021 1439 quidem
1053 1393 1193 1426 minime
1216 1402 1412 1424 recusamus
1437 1388 1620 1434 quominus

110 1458 128 1477 a
163 1445 271 1478 Vario
307 1450 343 1476 et
376 1444 493 1476 Tucca
521 1448 658 1475 resecta
693 1453 768 1474 esse
801 1448 973 1485 putemus.
1031 1441 1115 1473 Inde
1153 1439 1255 1472 ctiam
1292 1437 1459 1481 explicari
1490 1441 1621 1480 potest,

111 1491 284 1535 quomodo
320 1491 448 1522 factum
484 1489 549 1530 sit,
583 1495 621 1520 ut
653 1488 691 1520 hi
726 1500 847 1521 versus
885 1488 920 1520 in
954 1488 1031 1520 aliis
1058 1486 1237 1520 codicibus
1262 1485 1445 1527 legantur,
1479 1482 1515 1515 in
1542 1482 1619 1515 aliis

112 1538 364 1570 desiderentur.
412 1535 498 1569 Aliis
531 1535 619 1568 enim
652 1534 806 1568 librariis
832 1542 982 1579 quatuor
1017 1545 1177 1567 versuum
1203 1530 1476 1575 Virgilianorum
1507 1529 1621 1562 ἱερω-

112 1596 184 1617 ram
208 1585 324 1615 fucere
349 1582 570 1624 nolentibus,
613 1581 672 1615 alii
696 1581 796 1615 Varii
816 1588 851 1614 et
879 1583 1017 1614 Tuccae
1042 1579 1281 1613 recensionem
1305 1583 1465 1610 accurate
1491 1587 1621 1621 seque-

113 1632 261 1670 bantur3
297 1642 337 1661 ex
363 1641 428 1674 qua
452 1641 555 1673 quum
579 1629 655 1661 sola
682 1628 824 1673 Virgilii
848 1634 965 1660 textus
991 1626 1177 1667 emanarit,
1214 1626 1341 1657 factum
1367 1630 1440 1664 est,
1478 1630 1516 1655 ut
1538 1622 1620 1666 ple-

112 1677 211 1721 rique
237 1676 374 1709 codices
400 1676 464 1709 hos
487 1688 603 1708 versus
636 1687 707 1708 non
731 1676 907 1717 habeant,
940 1675 1123 1719 pauciores
1158 1673 1321 1705 habeant.
1375 1673 1489 1714 Atque
1523 1677 1560 1701 ut
1584 1668 1620 1701 hi

113 1735 252 1764 versus,
285 1723 334 1755 sic
372 1723 475 1755 etiam
511 1723 568 1767 qui
600 1722 763 1766 leguntur
795 1725 880 1755 Aen.
914 1724 956 1764 ΙΙ,
981 1721 1197 1756 567-588,
1232 1719 1359 1751 absunt
1383 1718 1426 1750 ab
1462 1716 1620 1749 omnibus

114 1770 364 1813 antiquioribus
400 1769 518 1809 libris,
553 1769 725 1811 detracti,
767 1775 804 1801 ut
828 1769 919 1802 fama
945 1776 1017 1809 est,
1053 1768 1095 1801 ab
1130 1767 1253 1799 iisdem
1280 1767 1397 1797 Tucca
1432 1770 1467 1796 et
1491 1762 1620 1800 Vari03

115 1829 318 1861 quamquam
350 1830 369 1848 a
405 1816 554 1859 Virgilio
589 1816 741 1859 scriptos
777 1828 874 1857 esse,
919 1815 949 1848 si
984 1826 1055 1847 non
1081 1826 1122 1845 ex
1156 1813 1311 1858 ipsorum
1346 1810 1472 1843 eximio
1498 1810 1617 1842 nitore

114 1863 275 1907 cultuque
310 1863 580 1906 intelligeretur,
616 1863 691 1907 ipsu
726 1862 826 1895 hians
861 1869 942 1906 post
975 1874 1024 1894 vs.
1059 1862 1138 1896 588.
1175 1859 1289 1892 oratio
1325 1858 1466 1890 indicat.
1517 1860 1615 1897 Quae

115 1921 216 1953 quum
250 1910 298 1941 ita
333 1910 420 1951 sint,
466 1909 607 1953 Virgilii
646 1921 722 1942 esse
754 1909 821 1941 hos
856 1921 976 1942 versus
1009 1919 1155 1946 censeo;
1192 1905 1321 1938 retinui
1345 1912 1479 1944 tamen,
1518 1915 1621 1946 quum

115 1956 226 2000 ipsum
253 1955 413 1988 „At-nvidis
449 1968 534 2000 opus
560 1956 627 1988 hoc
663 1968 764 1988 versu
789 1955 973 1988 inchoetur
997 1958 1113 1988 Arma
1138 1955 1327 1997 virumque
1362 1964 1474 1992 carco,
1508 1957 1622 1994 typo-

115 2015 188 2034 rum
214 2002 466 2044 diversitatem,
492 2015 557 2047 qua
582 2002 736 2047 llcyuius
762 2002 1007 2048 exprimendos
1034 2006 1225 2035 curaverat.
1267 1999 1362 2042 lVr.)

116 2119 297 2170 accipias.
330 2120 376 2156 cs.
397 2120 447 2156 ad
467 2120 532 2157 lib.
554 2120 605 2167 X,
627 2122 723 2160 237.
754 2120 838 2157 No-
896 2124 1107 2171 ponuntur
1141 2132 1161 2154 a
1192 2122 1309 2168 poeta
1336 2114 1464 2153 nitido
1498 2126 1621 2151 arvo-

116 2177 173 2213 tio
204 2183 332 2213 tamen
367 2176 542 2215 horroris
568 2184 607 2214 ct
630 2178 685 2213 sic
714 2177 839 2226 inest3
895 2191 987 2215 rum
1008 2176 1148 2224 cultui,
1181 2175 1249 2225 qui
1269 2187 1393 2225 quum
1412 2178 1523 2223 grato
1545 2170 1620 2208 ad-

118 2247 190 2271 nec
221 2235 471 2284 repugnabo,
504 2235 533 2271 si
562 2235 648 2284 quis
678 2235 838 2271 horrens
895 2241 1034 2286 spectu
1072 2234 1241 2271 delectet
1287 2232 1461 2278 animos,
1512 2242 1622 2266 arma

117 2304 226 2328 more
274 2292 400 2342 poetis
453 2291 559 2328 haud
596 2292 838 2341 infrequenti
895 2299 1036 2329 contra
1068 2291 1239 2329 horrore
1269 2289 1467 2327 afficiunt:
1513 2286 1623 2337 quod

118 2349 268 2385 dictum
309 2362 388 2385 csse
429 2349 641 2385 contendat.
678 2349 726 2385 de
767 2364 835 2396 eo,
894 2351 999 2387 enim
1033 2349 1193 2398 horret,
1230 2347 1334 2385 hanc
1365 2347 1483 2384 etiam
1509 2356 1623 2395 saepe

119 2407 225 2456 quod
265 2406 574 2454 l1‹›rrer‹⁴siu·il.·
621 2413 664 2443 ut
707 2407 835 2457 ipsum
896 2408 1016 2444 habet,
1048 2408 1152 2456 vim,
1198 2412 1241 2444 ut
1280 2405 1491 2442 horrorem
1528 2402 1622 2439 inii-

118 2463 193 2500 hoc
214 2463 421 2500 horridum
443 2476 522 2498 csse
546 2463 714 2512 ‹lit-itur,
745 2478 838 2514 pos-
897 2466 995 2515 ciat,
1028 2471 1072 2502 ut
1093 2466 1124 2502 si
1147 2477 1264 2516 quem
1289 2464 1417 2500 serum
1443 2459 1624 2497 horridi-

119 2534 204 2558 sum
235 2534 390 2570 quoquc
420 2520 697 2556 ausim—namn
730 2522 839 2571 lyrici
898 2536 974 2573 que
1017 2524 1147 2575 capilli
1189 2521 1391 2559 hominem
1428 2518 1622 2565 videmus,

121 2591 362 2623 memorares,
394 2591 482 2613 nam
504 2578 608 2626 apud
626 2578 838 2615 Pindarum
897 2581 1068 2618 horrore
1113 2580 1288 2631 quodam
1327 2576 1620 2629 perfundimur.

122 2637 158 2673 Ρ.
189 2637 250 2681 lv,
288 2636 362 2673 144
395 2640 478 2670 sum
507 2636 743 2685 φρίσσοντες
773 2634 837 2684 iiu-
903 2637 1014 2690 lsVr.)

121 2696 221 2746 βρυι.
274 2691 570 2741 (ΙΙυιίἰτιιῑίει
604 2706 733 2728 arma
767 2707 839 2743 op-
