1811 3388
559 207 683 254 AD
756 201 1192 251 LIBRUM
1262 204 1340 254 VI
1582 211 1707 256 1011

202 335 460 388 placandos.-
494 332 541 371 οἷ)
564 346 688 385 quam
714 345 797 369 rem
816 344 895 368 ηοη
913 330 1031 380 longe
1064 343 1092 366 a
1119 330 1165 367 V
1162 329 1242 365 elia
1270 337 1305 365 et
1337 331 1470 368 lucum
1492 340 1528 369 et
1554 341 1715 371 cenota-

204 395 353 445 phium
375 394 412 429 ei
434 392 637 429 dederunt.
703 389 802 429 Vide
819 388 951 440 ipsum
974 392 1134 439 poetam
1160 399 1199 424 v.
1224 387 1307 427 378
1322 390 1478 436 —381‚
1509 390 1576 440 qui
1597 390 1715 428 etiam

209 450 361 489 oraculi
381 449 503 488 fidem
524 448 572 486 de
588 448 766 486 Palinuri
789 460 949 484 accessu
979 445 1031 483 ad
1059 443 1212 483 Italiam
1233 443 1329 481 olim
1357 444 1452 481 editi
1474 445 1513 482 in
1542 447 1715 485 fabulam

209 507 418 546 adsumsit.
476 507 629 546 Veliam
655 502 825 558 (Ἐλέαν)
854 505 921 543 illo
943 511 1123 555 tempore
1144 501 1326 539 nondum
1347 501 1486 551 fuisse,
1528 502 1625 541 bene
1644 505 1717 542 ob-

210 572 346 605 servat
368 565 530 604 Servius
550 565 602 602 ad
622 578 661 603 V.
682 565 764 605 359
792 571 1009 614 portusque
1041 561 1233 607 Veline&
1274 572 1367 596 nam
1397 559 1557 597 condita
1576 573 1619 597 ea
1643 563 1718 599 suit

212 639 233 662 a
253 624 570 662 Phocaeensibus
591 622 664 660 sub
686 622 791 673 Cyro
818 619 1014 672 profugis,
1048 625 1087 656 et
1115 630 1165 655 ex
1192 617 1391 655 Strabone
1416 617 1482 655 lib.
1516 616 1568 656 VI
1594 618 1718 669 princ.

213 683 309 721 satis
342 688 518 730 constat,
569 694 643 719 nec
670 687 805 718 tamen
848 677 1042 730 prolepsis
1074 676 1164 714 talis
1207 681 1290 713 tam
1321 674 1493 712 insolens
1531 681 1637 724 erat,
1675 683 1720 713 ut

212 741 289 780 viri
311 740 419 778 docti
454 745 545 791 post
575 738 853 789 grammaticos
881 735 988 787 apud
1018 733 1189 772 Gellium
1215 733 1239 770 l.
1278 746 1308 770 c.
1333 733 1385 780 X,
1431 736 1482 775 16
1507 732 1550 769 in
1587 732 1715 770 defen-

213 798 347 836 dendo
367 799 431 836 vel
454 796 677 835 accusando
698 801 816 846 poeta
838 799 995 832 tantum
1017 804 1158 844 operae
1178 803 1324 841 ponere
1355 790 1555 828 deberent.
1617 790 1724 841 Ope-

212 870 328 895 rosus
356 868 514 907 quoque
542 855 582 892 in
602 853 821 892 refellendo
844 852 1020 889 Ouwens
1041 851 1155 888 Noct.
1177 849 1273 899 Hag.
1291 848 1357 886 lib.
1377 848 1406 896 Ι,
1439 862 1470 885 c.
1490 851 1530 889 2.
1568 848 1724 885 Sufficit

212 920 372 963 tenere,
410 914 535 965 ipsam
574 911 845 950 necessitatem
875 909 946 947 has
975 908 1176 960 prolepses
1204 906 1330 955 tueri,
1370 905 1523 956 quoties
1547 907 1723 943 narratio

213 978 401 1011 versatur
424 972 466 1009 in
491 971 538 1008 iis
560 969 829 1022 temporibUS,
863 968 904 1005 in
927 966 1069 1017 quibus
1089 965 1197 1003 nulla
1218 964 1398 1002 locorum
1417 962 1625 1015 appellatio
1653 970 1723 1011 est,

214 1037 286 1068 aut
306 1030 375 1068 ubi
396 1030 584 1067 molestus
606 1029 712 1066 foret
728 1033 844 1079 poeta
858 1056 868 1074 ,
901 1025 1076 1062 obsoleta
1099 1029 1139 1061 et
1161 1035 1182 1059 a
1206 1021 1391 1059 carminis
1408 1021 1606 1058 suavitate
1626 1021 1723 1058 alie—

214 1102 267 1127 na
298 1102 343 1126 ac
366 1088 539 1126 barbara
571 1086 732 1125 nomina
768 1082 991 1122 excitando.
1051 1080 1151 1130 Quis
1181 1080 1357 1128 dubitet,
1396 1077 1502 1116 hanc
1528 1078 1725 1116 defensio-

215 1160 308 1185 nem
335 1159 417 1184 esse
447 1146 541 1183 satis
570 1144 735 1183 iustam!
776 1143 924 1181 Verum
951 1153 1001 1178 ne
1027 1140 1194 1178 Lucani
1211 1137 1393 1188 quidem,
1434 1136 1544 1187 quod
1561 1136 1724 1175 Servius

216 1205 293 1254 ait,
320 1205 388 1242 illo
411 1210 591 1256 tempore
608 1203 649 1240 in
669 1201 731 1239 his
749 1201 845 1238 locis
871 1199 991 1237 fuisse
1010 1197 1214 1235 videntur.
1245 1196 1427 1234 Fuerunt
1451 1194 1556 1232 enim
1577 1194 1726 1232 Lucani

215 1277 238 1300 a
260 1262 525 1311 Samnitibus,
558 1261 626 1312 qui
643 1259 884 1298 Sabinorum
905 1256 1111 1308 progenies
1142 1259 1281 1303 erant,
1321 1252 1503 1301 oriundi,
1533 1264 1661 1302 neque
1684 1253 1724 1290 in

215 1320 314 1359 haec
340 1321 428 1358 loca
457 1325 678 1368 venerunt,
727 1316 802 1356 nisi
835 1321 1050 1367 postquam
1086 1313 1331 1351 Graecorum
1368 1310 1543 1347 coloniae
1573 1309 1725 1347 Italiam

214 1379 442 1417 inferiorem
462 1389 657 1429 occupare
678 1379 909 1427 coeperant,
939 1373 982 1410 id
1004 1371 1113 1423 quod
1136 1375 1228 1423 post
1247 1369 1419 1407 Troiana
1441 1368 1600 1406 demum
1621 1373 1725 1406 tem-

217 1451 317 1489 pora
338 1436 520 1488 contigit,
550 1434 798 1487 temporibus
821 1444 917 1471 vero
940 1430 1120 1468 Troianis
1149 1427 1309 1466 Clzonas
1329 1433 1369 1465 et
1394 1426 1594 1473 Oetzolros,
1631 1424 1671 1463 h.
1694 1438 1725 1462 e.

216 1496 408 1546 Pelasgos,
441 1508 460 1532 e
482 1494 648 1532 Graecia
670 1506 760 1530 cum
778 1488 1005 1528 Ausonibus
1024 1487 1164 1540 priscis
1182 1484 1316 1523 [taliae
1337 1483 1486 1522 colonis
1506 1482 1727 1535 permixtos

217 1554 403 1600 coluisse,
437 1566 486 1591 ex
504 1553 552 1590 iis
573 1551 826 1590 manifestum
844 1553 914 1595 est,
946 1559 1048 1597 quae
1069 1544 1212 1582 Strabo
1230 1542 1296 1581 lib.
1323 1542 1375 1581 Vt
1395 1541 1520 1592 princ.
1550 1541 1726 1591 exponit.

218 1612 331 1650 Circa
352 1611 424 1649 has
452 1611 555 1648 enim
575 1615 709 1662 partes
730 1622 751 1645 a
774 1607 852 1644 Lao
873 1605 966 1642 inde
992 1604 1032 1642 fl.
1055 1603 1184 1655 primo
1205 1613 1363 1638 accessu
1390 1599 1587 1636 Oenotros
1614 1597 1727 1635 habi-

217 1677 339 1719 tasse,
360 1667 554 1720 'hancque
581 1668 751 1720 primam
780 1663 937 1702 Italiam
963 1662 1083 1700 fuisse
1114 1659 1371 1711 appellatam,
1414 1657 1490 1695 alio
1512 1656 1600 1693 loco
1622 1655 1727 1694 vidi-

217 1742 317 1766 mus.
379 1727 564 1781 (Excurs.
584 1725 683 1764 XX[
702 1723 754 1762 ad
774 1723 842 1761 lib.
860 1721 890 1759 I.
912 1721 1078 1759 Excurs.
1099 1719 1154 1757 IV
1179 1716 1230 1755 ad
1251 1716 1317 1754 lib.
1339 1713 1436 1767 VII.)

333 1785 466 1836 Pergit
493 1784 707 1835 Dionysius
734 1782 760 1820 l.
794 1794 826 1818 c.
857 1779 898 1817 in
924 1777 1102 1829 vulgari,
1148 1787 1267 1826 quam
1298 1784 1523 1825 proponere
1555 1769 1728 1819 volebat,

217 1845 470 1883 narratione:
510 1844 716 1889 Troianos,
747 1853 774 1876 a
795 1838 989 1875 Palinuro
1010 1834 1223 1886 profectos,
1240 1832 1298 1869 ad
1315 1831 1493 1869 insulam
1511 1828 1729 1878 appulisse,

218 1904 287 1940 cui
317 1918 345 1940 α
378 1902 560 1954 quadam
587 1900 750 1937 Aeneae
779 1894 1038 1942 consobrina,
1084 1905 1188 1944 quae
1218 1889 1277 1926 ibi
1303 1888 1473 1936 obierat,
1512 1886 1729 1934 Leucasiae,

217 1975 311 2008 seza,
349 1966 396 1997 ut
423 1960 505 1997 fere
534 1957 654 1995 scribi
685 1955 799 2002 solet,
829 1951 1040 1990 Leucosiae
1062 1963 1206 1987 nomen
1224 1949 1457 1996 impositum
1480 1946 1544 1981 sit.
1609 1944 1730 1981 Com—

218 2018 381 2056 munior
398 2018 500 2055 sama
525 2016 573 2053 ab
597 2027 677 2053 una
699 2012 896 2058 Sirenum,
930 2008 1142 2052 Leucosia,
1172 2017 1318 2043 nomen
1343 2002 1502 2054 repetit.
1561 2000 1640 2038 Sed
1668 2000 1730 2037 fa-

218 2090 325 2114 mam
346 2073 611 2126 navigationis
636 2071 905 2109 Troianorum
933 2067 973 2105 in
1002 2065 1103 2103 mari
1126 2061 1336 2115 Tyrrheno
1361 2060 1472 2110 sequi
1499 2059 1731 2096 maluerunt

219 2134 297 2173 alii.
358 2134 493 2183 ltaque
525 2131 644 2168 etiam
674 2129 808 2175 suere,
857 2126 926 2176 qui
944 2126 1138 2163 Troianos
1170 2121 1221 2159 ad
1252 2119 1478 2158 Sardiniam
1509 2115 1731 2154 adhaesisse

218 2192 440 2231 traderent.
472 2189 555 2231 vid.
574 2189 686 2226 Faus.
704 2187 755 2235 X,
792 2187 855 2226 17.

336 2251 450 2287 Hinc
472 2249 596 2286 euecti
620 2245 788 2284 Troiani
819 2241 997 2294 (Dionys.
1026 2238 1097 2290 ib.)
1129 2239 1172 2275 in
1194 2238 1383 2287 pulcrum
1413 2247 1463 2271 ac
1484 2230 1732 2282 profundum

213 2317 380 2360 portum
400 2310 442 2344 m
471 2306 614 2357 Opia-is
641 2301 727 2355 (qui
754 2301 964 2338 Ausonum
995 2298 1035 2335 in
1066 2296 1127 2334 his
1158 2295 1254 2332 locis
1282 2292 1456 2346 populus
1481 2292 1580 2339 erat)
1609 2288 1734 2325 delati

221 2375 342 2412 sunt;
374 2367 621 2415 extinctoque
640 2361 696 2399 iba·
715 2361 901 2407 stliseno,
931 2355 1059 2394 nobili
1090 2354 1266 2407 quodam
1294 2352 1399 2398 viro,
1438 2355 1597 2400 portum
1617 2345 1668 2382 ab
1689 2359 1732 2382 eo

220 2424 417 2464 Misenum
440 2422 759 2459 clenominczrunt.

339 2482 393 2518 De
414 2482 578 2518 Miseno
599 2477 773 2516 fabulam
794 2472 979 2525 Virgilius
1000 2483 1138 2521 magna
1156 2480 1247 2506 cum
1267 2470 1352 2503 arte
1371 2462 1550 2501 intexuit
1568 2459 1733 2499 carmini

222 2554 316 2578 suo:
343 2539 413 2577 sed
434 2543 618 2576 ornatam
644 2541 684 2573 et
705 2533 923 2579 variatam,
954 2529 1020 2568 lib.
1041 2528 1104 2575 VI,
1139 2525 1217 2566 149
1237 2537 1320 2573 sqq.
1342 2543 1393 2550 -
1416 2521 1512 2562 235.
1579 2520 1732 2556 Disces-

223 2599 277 2636 sit
307 2599 356 2636 ab
381 2597 574 2644 aliorum,
613 2594 718 2632 inter
748 2604 848 2642 quos
877 2590 1019 2627 Caesar
1049 2586 1124 2624 suit
1152 2580 1446 2621 Pontificalium
1472 2576 1601 2629 primo
1626 2574 1731 2626 apud

225 2656 376 2696 Victor,
398 2656 444 2693 O.
468 2657 512 2692 G.
536 2654 582 2691 R.
608 2656 646 2702 9,
678 2650 756 2688 fide
785 2648 901 2686 etiam
929 2647 970 2684 in
997 2644 1098 2693 hoc,
1144 2639 1253 2692 quod
1278 2652 1360 2676 non
1390 2637 1432 2674 in
1469 2636 1558 2673 sinu
1584 2633 1730 2670 Baiano

225 2714 295 2752 sed
314 2715 424 2752 ultra
462 2712 658 2750 Misenum
700 2721 839 2747 versus
877 2707 1021 2743 Cumas
1054 2702 1217 2740 classem
1244 2696 1450 2748 appulsam
1477 2705 1556 2729 esse
1591 2690 1729 2727 voluit.

225 2772 546 2809 Gubernatorem
566 2769 684 2808 fuisse
706 2766 859 2804 Aeneae
883 2763 1078 2801 Misenum
1107 2757 1318 2797 tradidisse
1346 2752 1531 2791 videntur
1552 2746 1731 2785 nonnulli

224 2830 334 2881 apud
359 2829 584 2876 Victorem,
615 2826 712 2865 salsa
740 2823 840 2863 remi
858 2820 1015 2860 tumulo
1036 2817 1151 2856 infixi
1178 2809 1528 2862 interpretatione,
1569 2806 1637 2855 qui
1667 2811 1730 2840 ta-

223 2901 316 2925 men
333 2893 478 2925 nautae
498 2892 657 2923 tantum
679 2881 1006 2934 significationem
1032 2876 1210 2914 haberet.
1268 2869 1571 2906 Monumentum
1599 2867 1730 2900 aulem

224 2952 341 2985 vetus
360 2944 525 2994 tumuli,
555 2942 682 2980 infixo
709 2954 820 2980 remo
847 2951 936 2977 cum
958 2935 1074 2983 tuba,
1106 2932 1158 2970 ad
1180 2927 1287 2968 istud
1305 2921 1626 2977 promontorium
1653 2931 1733 2956 esse

1341 2992 1408 3037 64
1431 2993 1456 3025 *
