1811 3388
572 257 695 303 AD
767 252 1207 302 LIBRUM
1277 254 1374 301 ΙΙΙ
1633 260 1730 308 581

220 385 391 436 antiquis
412 382 654 434 Argivorum
675 380 853 432 regibus,
883 379 1029 432 Lyncei
1051 381 1075 418 s.
1106 380 1189 431 ipse
1220 386 1335 432 pater
1360 379 1501 418 Acrisii
1528 388 1567 419 et
1586 382 1730 432 Proeti,

220 444 288 495 qui
316 442 434 480 armis
455 442 560 478 inter
582 453 621 477 se
641 445 840 477 certantes
872 438 1063 489 clipeum,
1106 438 1335 488 Argolicum
1367 439 1526 488 saltem,
1564 439 1731 479 invene—

218 506 336 540 runt:
367 513 405 537 v.
427 497 611 549 Apollod.
632 497 679 545 ΙΙ,
700 500 738 546 2,
765 501 800 546 1,
825 502 864 534 et
886 495 941 533 ibi
962 495 1052 534 Not.
1070 510 1108 548 p.
1131 499 1226 537 276.
1248 499 1344 538 277.
1404 497 1486 534 Iam
1511 504 1630 548 poeta
1661 505 1732 537 aut

219 563 427 609 acceperat
444 555 523 594 hoc
542 555 762 603 traditum,
795 560 866 592 aut
889 553 1036 604 [ingere
1060 554 1179 591 tacite
1197 554 1350 605 potuit,
1382 554 1501 592 fuisse
1526 568 1652 593 unum
1681 569 1731 595 ex

217 615 374 666 Argivis
397 613 664 666 principibus,
697 613 762 663 qui
794 613 842 650 ab
868 611 1022 649 Abante
1051 611 1101 649 ad
1131 624 1170 648 se
1201 611 1423 650 hereditate
1454 613 1731 652 transmissum

218 673 388 724 clipeum
408 678 602 724 gestaret3
633 684 750 721 quem
778 684 798 707 a
829 683 868 707 se
895 682 1051 707 caesum
1080 668 1233 708 Aeneas
1262 670 1506 722 spoliaverit.
1565 670 1730 709 Abantis

219 737 355 768 autem
389 731 538 782 clipeus
579 729 695 766 aliam
734 727 908 766 habebat
932 728 1076 764 samam
1108 740 1158 765 ex
1188 741 1253 776 eo,
1290 727 1400 778 quod
1425 727 1492 766 ille
1521 742 1542 765 a
1573 729 1729 780 Lynceo

216 788 366 827 Abanti
394 789 566 826 donatus
586 787 831 825 occasionem
857 784 1024 823 dederat
1043 785 1149 822 ludis
1176 786 1219 823 in
1245 786 1345 823 urbe
1381 785 1581 837 Argorum
1612 786 1730 824 insti-

217 846 379 885 tuendis
402 845 459 899 (in
482 844 648 884 Iunonis
669 845 831 895 quidem
856 843 1074 892 honorem,
1105 840 1153 882 voi
1173 842 1332 896 Ἡραῖα,
1361 843 1402 881 in
1430 844 1573 894 quibus
1595 844 1728 883 victor

217 918 262 942 eo
281 904 436 942 honore
455 903 703 942 afficiebatur
715 933 724 951 ‚
756 908 803 940 ut
821 902 990 953 clipeum
1008 900 1050 938 in
1070 901 1231 938 Iunonis
1248 901 1394 953 templo
1419 901 1587 939 affixum
1610 902 1727 940 tolle-

214 969 278 1001 ret·
311 969 351 1000 et
382 962 422 1000 in
456 975 601 1014 pompa
629 960 815 1009 duceret,
856 973 952 996 mox
985 958 1115 1009 prisco
1150 959 1238 997 loco
1266 959 1555 1011 reponendum.
1613 959 1729 998 Unde

215 1027 314 1059 nota
333 1034 394 1072 ap.
415 1019 564 1058 Zenob.
589 1025 629 1056 et
649 1018 695 1056 al.
719 1016 747 1070 ἦ
767 1015 956 1069 ἐν”Αργει
978 1012 1112 1064 οἷσπίς.
1142 1030 1181 1055 v.
1210 1017 1313 1068 inpr.
1334 1016 1482 1068 Spanh.
1503 1017 1554 1054 ad
1577 1017 1726 1057 callim.

215 1078 257 1116 in
286 1079 326 1117 P.
356 1079 398 1117 L.
432 1076 518 1130 35).
576 1076 768 1114 Fabulam
801 1080 941 1112 narrat
966 1073 1109 1125 Hygin.
1150 1074 1178 1112 f.
1209 1077 1302 1123 170,
1333 1075 1403 1112 ubi
1434 1088 1473 1113 v.
1505 1074 1726 1125 Muncker„

216 1137 324 1175 unde
341 1137 459 1174 etiam
479 1134 671 1172 Serviana
696 1134 825 1172 lucem
854 1133 1124 1170 foenerantur.
1184 1130 1340 1170 Alludit
1367 1132 1485 1170 Ovid.
1515 1132 1610 1171 Met.
1637 1133 1725 1182 XV,

220 1194 314 1235 164.
348 1194 419 1232 ubi
449 1191 692 1244 Pythagoras
724 1190 887 1241 agnovit
918 1189 1088 1240 clipeum
1121 1188 1327 1241 Euphorbi
1356 1189 1549 1227 Abanteis
1581 1191 1725 1241 templo

216 1253 381 1290 Iunonis
406 1253 449 1288 in
474 1251 613 1300 Argi&
676 1249 720 1286 In
742 1248 854 1300 clipei
874 1253 1008 1285 autem
1035 1246 1284 1284 dedicatione
1311 1246 1621 1286 Holdsworthus
1653 1247 1725 1285 de·—

217 1309 368 1347 dicatas
388 1309 436 1347 ab
457 1307 636 1359 Augusto
656 1312 747 1359 post
766 1319 937 1358 pugnam
958 1304 1161 1342 Actiacam
1180 1305 1219 1342 X
1241 1318 1360 1343 naves
1380 1319 1402 1342 a
1433 1311 1550 1356 poeta
1582 1305 1723 1356 respici

215 1368 394 1419 putabat.
454 1366 659 1404 Veriorem
681 1363 881 1403 rationem
899 1362 1052 1400 dedisse
1070 1361 1167 1400 mihi
1186 1362 1328 1402 videor
1355 1376 1475 1415 supra
1507 1363 1677 1402 Excurs.
1705 1362 1724 1400 I

215 1425 268 1464 ad
289 1425 330 1467 h.
351 1425 417 1463 lib.
438 1437 525 1476 pag.
546 1422 642 1464 473.

543 1668 1260 1728 EXCURSUS
1329 1668 1395 1724 X

267 1773 474 1818 Heleni
502 1781 551 1817 et
590 1773 1036 1816 Andromachae
1075 1786 1340 1814 occursus
1379 1770 1433 1812 in
1464 1768 1660 1825 Epiro.

327 1881 390 1930 III,
422 1880 506 1921 294
525 1894 608 1930 sqq.
638 1881 723 1917 Hic
743 1878 983 1916 incredibilis
1006 1891 1134 1915 retum
1151 1876 1281 1927 sama
1303 1881 1474 1925 occupat
1498 1874 1609 1910 auris
1641 1877 1717 1909 etc.

211 1938 510 1976 commentatur
531 1938 572 1975 in
603 1936 644 1974 h.
664 1937 689 1974 l.
718 1943 858 1974 auctor
888 1936 935 1973 de
966 1934 1134 1986 Augusti
1168 1932 1354 1985 progenie
1383 1945 1413 1970 c.
1451 1934 1514 1973 12.
1573 1930 1716 1967 Poetae

212 2003 337 2034 artem
363 2009 412 2033 ex
429 1995 506 2032 hoc
527 1995 700 2032 aestima.
760 1994 937 2043 Antiqua
968 1999 1053 2030 erat
1081 1991 1212 2030 sabula
1251 1991 1299 2027 de
1324 1989 1483 2026 Aeneae
1509 1987 1567 2024 acl
1601 1988 1718 2036 Epiri

210 2054 341 2091 littora
360 2053 552 2103 appulsa.
587 2066 626 2093 v.
650 2052 815 2089 Excurs.
841 2051 889 2088 de
919 2050 1072 2087 Aeneae
1097 2050 1256 2096 Error.‚
1295 2046 1363 2096 qui
1394 2045 1546 2097 primus
1574 2050 1633 2080 est
1664 2043 1715 2080 ad

210 2109 249 2147 h.
272 2110 338 2148 lib.
399 2111 494 2147 Erat
511 2124 632 2161 porro
651 2109 829 2146 narratio
846 2108 888 2145 in
910 2104 1082 2153 Νόστοις
1100 2136 1109 2155 ,
1141 2111 1180 2142 et
1202 2104 1327 2142 multo
1347 2102 1465 2153 magis
1487 2101 1529 2138 in
1555 2106 1714 2151 tragoe-

211 2167 307 2215 diis,
339 2167 456 2203 etiam
476 2167 517 2204 in
544 2166 693 2217 lyri00‚
723 2165 835 2203 Pind.
854 2164 963 2202 Nem.
987 2164 1026 2212 4,
1047 2165 1114 2204 82.
1137 2165 1173 2211 7,
1195 2161 1263 2209 50,
1294 2159 1364 2198 ubi
1391 2173 1430 2197 v.
1462 2156 1615 2207 Schol.‚
1647 2169 1713 2194 ce-

209 2224 364 2261 lebrata
388 2222 542 2275 (relicto
559 2223 756 2272 Homero,
788 2221 1007 2260 seeundum
1037 2233 1153 2270 quem
1183 2217 1361 2269 Pyrrhus
1392 2216 1496 2253 inter
1521 2228 1586 2252 eos
1613 2219 1711 2263 erat,

209 2281 276 2332 qui
295 2281 509 2318 incolumes
528 2284 568 2317 in
584 2280 753 2332 patriam
771 2279 995 2325 redierant,
1018 2277 1160 2328 Odyss.
1178 2291 1213 2328 y,
1238 2277 1331 2316 188.
1354 2272 1451 2324 189)
1477 2272 1525 2310 de
1549 2271 1707 2321 Pyrrhi,

207 2339 382 2376 Achillis
397 2338 442 2389 f.
463 2368 473 2387 ‚
508 2352 627 2388 regno
657 2340 698 2374 in
724 2339 849 2387 Epiro
878 2335 1123 2382 constituto,
1163 2345 1281 2382 quem
1316 2331 1388 2382 ipsi
1419 2328 1597 2367 historici
1625 2329 1709 2366 sre-

207 2402 472 2446 quentarunt‚
504 2409 541 2433 v.
564 2396 676 2433 Paus.
702 2394 731 2442 Ι,
754 2398 817 2434 11.
839 2394 885 2442 ΙΙ,
906 2395 972 2435 23.
1003 2391 1140 2429 lustin.
1163 2389 1288 2436 XVII,
1310 2391 1348 2429 3.
1379 2388 1426 2425 cf.
1459 2387 1508 2424 (le
1531 2387 1709 2436 Nicolay

205 2454 302 2491 diss.
332 2455 374 2490 in
402 2455 533 2490 Me'm.
572 2453 619 2489 cle
646 2452 826 2489 l'Acad.
860 2452 927 2488 cles
954 2451 1078 2487 Jnscr.
1113 2449 1224 2485 Tom.
1254 2445 1397 2493 XVIII,
1427 2459 1464 2496 p.
1502 2444 1583 2485 529
1611 2456 1707 2493 sqq.‚

205 2510 279 2548 etsi
301 2510 460 2548 Molossi
482 2509 590 2561 Epiri
611 2509 661 2546 ad
688 2522 727 2546 se
750 2507 978 2546 traduxisse
1003 2505 1216 2553 videntur,
1248 2515 1347 2554 quae
1375 2501 1554 2539 Molossis
1581 2499 1706 2537 Thes-

204 2568 320 2605 saliae
342 2567 598 2605 debebantur.
633 2568 681 2607 cf,
699 2567 833 2617 Dictys
850 2565 914 2613 VI,
936 2568 961 2606 7
975 2586 1025 2592 —
1042 2567 1080 2613 9,
1101 2575 1218 2614 quem
1237 2562 1370 2598 locum
1393 2572 1442 2597 ex
1460 2557 1587 2597 veteri
1607 2570 1705 2609 poe-—

203 2631 246 2662 ta
271 2625 514 2677 descriptum
539 2638 618 2662 esse
641 2630 823 2676 apparet3
855 2622 957 2660 adde
984 2635 1015 2659 e.
1047 2624 1100 2662 12
1119 2633 1168 2658 ex
1199 2617 1398 2669 Euripidis
1424 2614 1703 2654 Andromacha

203 2689 448 2733 excerptum.
489 2696 527 2720 v.
557 2684 721 2720 Excurs.
757 2681 843 2720 XII.
901 2679 985 2718 Alia
1016 2684 1101 2716 erat
1133 2676 1308 2715 narratio
1337 2675 1385 2712 de
1416 2672 1703 2712 Andromacha

204 2740 360 2789 Pyrrho
380 2741 499 2777 ducta
515 2770 523 2787 ,
559 2746 598 2778 et
617 2739 665 2777 de
683 2738 967 2790 superinducta
988 2735 1222 2782 Hermione,
1245 2732 1480 2785 Pyrrhoque
1498 2730 1545 2767 ab
1564 2731 1702 2768 Oreste

203 2809 333 2845 caeso;
363 2797 411 2834 de
429 2797 571 2846 quibus
590 2796 770 2847 inprimis
801 2809 840 2834 v.
874 2793 1073 2845 Euripidis
1105 2789 1395 2831 Andromache.
1432 2787 1549 2826 Ovid.
1578 2786 1699 2837 Epist.

202 2853 300 2890 VIII.
360 2854 536 2891 Tandem
556 2856 602 2892 de
625 2855 775 2891 Heleni
791 2856 834 2890 in
863 2854 1033 2902 Epirum
1066 2850 1242 2888 adventa
1257 2878 1267 2897 ,
1309 2847 1392 2886 sive
1418 2847 1459 2883 in
1483 2844 1697 2895 captivita-

200 2916 280 2947 tem
310 2923 331 2946 a
363 2910 516 2961 Pyrrho
546 2911 708 2948 abducti
742 2909 868 2962 (quod
896 2914 1014 2960 poeta
1044 2906 1224 2958 sequitur
1260 2905 1330 2943 inf.
1356 2906 1437 2945 329
1453 2901 1620 2952 famulo
1641 2919 1696 2928 -

200 2968 386 3014 JIelen05
428 2967 529 3004 adde
562 2968 770 3018 Polygnoti
800 2967 978 3004 tabulam
1011 2978 1073 3018 ap.
1104 2965 1269 3002 Pausan.
1293 2962 1344 3010 X,
1375 2960 1442 3008 25,
1463 2973 1499 3011 p-
1530 2960 1625 3004 860,
1657 2961 1695 2992 et
