1811 3388
524 203 1157 255 ADLIBRUM
1236 211 1311 258 v1
1562 209 1726 272 1041'

169 326 323 375 qualem
356 341 447 366 cum
477 329 608 380 primo
639 330 851 369 inventore
881 333 1041 372 laudem
1069 345 1282 380 mereatur.
1347 342 1455 381 Inter
1485 345 1582 386 haec
1609 364 1686 401 po·-

167 397 306 423 nemus
347 385 579 424 descensum
619 387 774 426 Aeneae
815 390 866 428 ad
906 391 1065 431 inferos.
1133 395 1354 438 Homerum
1401 401 1512 442 haud
1565 407 1684 447 dubie

166 449 257 480 ante
288 443 424 481 oculos
454 443 594 483 habuit
605 461 615 495 3
647 452 688 484 at
717 447 766 485 ab
796 447 1007 488 Homerica
1036 452 1182 505 Necyia
1218 463 1394 507 quantus
1424 462 1520 500 artis
1549 470 1588 502 et
1616 466 1682 505 in—

162 500 265 550 genii
294 515 525 554 progressus
556 504 607 543 ad
637 505 824 544 Aeneidis
854 507 1000 547 librum
1030 514 1211 552 sextum!

519 811 1085 876 EXCURSUS
1168 820 1306 876 XV

585 951 895 997 Portae
953 957 1238 1000 Somni.

270 1075 334 1123 VI,
367 1078 450 1120 894
482 1079 584 1116 Sunt
609 1083 798 1130 geminae
829 1084 968 1121 Somni
994 1093 1133 1135 portae
1164 1091 1238 1124 etc.
1311 1087 1411 1126 Cum
1442 1101 1522 1127 non
1552 1090 1665 1129 facile

152 1131 291 1171 eadem
320 1134 409 1184 via,
441 1150 519 1186 qua
550 1138 601 1175 ad
631 1138 777 1177 inferos
809 1140 1058 1192 deduxerat,
1101 1143 1292 1182 reducere
1339 1145 1510 1185 Aeneam
1546 1155 1664 1201 poeta

152 1198 307 1241 posset,
346 1193 546 1244 ingeniose
577 1197 672 1233 satis
709 1198 863 1236 exitum
904 1200 1055 1251 reperit
1090 1214 1162 1252 per
1199 1210 1338 1253 portas
1383 1205 1544 1254 Somni,
1586 1206 1664 1244 hoc

151 1255 232 1298 est,
264 1251 515 1289 Somniorum
543 1253 585 1290 in
616 1262 713 1293 noto
743 1256 831 1294 loco
872 1257 1035 1296 Homeri
1075 1258 1217 1310 OdySS.
1256 1277 1289 1310 τ,
1329 1260 1411 1303 562
1444 1276 1528 1313 sqq.
1585 1265 1662 1301 Pe-

150 1307 290 1359 nelope
319 1309 373 1347 ibi
410 1312 563 1348 somnia
604 1312 823 1352 admodum
865 1315 1044 1354 diversae
1083 1323 1252 1355 naturae
1293 1331 1374 1356 esse
1413 1322 1661 1372 pronuntiat,

148 1365 225 1403 alia
255 1381 350 1405 vera
380 1369 488 1406 exire
518 1383 590 1420 per
616 1380 777 1421 portam
806 1388 1014 1423 comeam,
1063 1374 1136 1412 alia
1154 1375 1278 1426 salsa
1317 1389 1389 1427 per
1426 1377 1657 1417 eburneam:

147 1423 271 1464 Δοιαὶ
300 1422 377 1478 γάρ
407 1442 447 1466 τε
475 1426 601 1468 πύλαι
631 1425 850 1482 α’μενηνιὸν
882 1430 1064 1486 (levium)
1104 1433 1204 1473 εἰσιν
1248 1429 1432 1488 ὀνείρων·
1491 1436 1550 1475 Αἵ
1587 1434 1660 1489 μὲν

146 1479 223 1535 γὰρ
253 1480 439 1535 κεράεσσι
468 1482 718 1537 τετεύχαται,
761 1488 806 1528 αἱ
843 1484 885 1529 δ’
931 1489 1130 1541 ἐλέφαντι.
1195 1493 1283 1531 Τῶν
1324 1491 1367 1532 οἷ
1401 1492 1474 1545 μέν
1514 1489 1559 1533 κ’
1602 1494 1660 1535 ἔλ-

145 1544 254 1580 θωσι
286 1539 353 1581 ὁιοέ
387 1546 560 1594 πριστοῦ
588 1543 804 1596 ἐλέφαντος
835 1545 922 1599 (per
952 1549 1057 1586 sores
1087 1561 1137 1586 ex
1175 1549 1301 1586 sectili
1340 1549 1457 1589 ebore
1499 1551 1657 1605 factas),

146 1597 188 1637 οἱ
216 1594 259 1638 δ’
288 1599 591 1652 ἐλεφαίρονται,
634 1598 720 1644 ἕπε’
765 1603 866 1657 (res,·
906 1606 1008 1643 male
1048 1606 1227 1644 reddunt
1266 1607 1408 1657 verba,
1450 1614 1496 1647 ut
1535 1609 1658 1646 innu—

144 1656 262 1694 meris
309 1657 474 1696 Homeri
526 1659 639 1714 locis)
687 1658 894 1713 ἀκράαντα
934 1663 1125 1716 φέροντες
1163 1662 1233 1716 (ita
1270 1664 1516 1715 declaratur,
1559 1667 1656 1717 quid

143 1713 223 1752 sint
240 1715 367 1765 salsa
396 1716 600 1771 somnia):
648 1719 701 1758 Οἵ
728 1720 772 1759 δὲ
811 1718 878 1760 δια
919 1722 1068 1770 ξεστῶν
1106 1719 1262 1775 κεράων
1296 1721 1351 1774 (h.
1390 1736 1422 1762 e.
1462 1724 1566 1761 fores
1607 1738 1657 1762 ex

140 1773 268 1810 sectili
299 1787 426 1812 cornu
456 1775 596 1828 factas)
630 1775 781 1818 ἔλθωσι
809 1775 984 1832 θύραζε,
1025 1779 1080 1819 Οἵ
1106 1775 1147 1831 ῤ’
1187 1778 1309 1829 ἔτυμα
1347 1781 1558 1834 κραίνουσι
1599 1779 1656 1834 (h.

141 1843 173 1868 e.
210 1831 366 1880 serunt,
409 1833 600 1871 nuntiant
638 1847 724 1884 reS,
768 1848 870 1886 quae
907 1849 1002 1874 vere
1039 1842 1229 1875 eventum
1267 1845 1387 1877 erunt
1429 1837 1655 1892 habiturae)

140 1889 300 1941 βροτῶν
330 1885 398 1930 ὅτε
428 1889 500 1931 κέν
529 1908 589 1940 τις
620 1892 767 1944 ἴδηται.
840 1893 1081 1932 Phantasma
1110 1892 1188 1932 hoc
1204 1895 1366 1946 serium
1399 1895 1654 1934 ebumearttm

139 1952 181 1983 et
210 1961 443 1984 comeatum
474 1948 643 1987 ductum
682 1950 794 1988 haud
832 1951 951 1989 dubie
988 1965 1038 1989 ex
1074 1952 1204 2002 prisca
1245 1952 1328 1990 vita
1368 1959 1408 1990 et
1447 1952 1652 1992 hominum

138 2016 320 2042 sermone
351 2017 422 2055 per
447 2018 584 2043 rerum
617 2007 945 2046 adumbrationes
975 2009 1195 2059 explicato,
1236 2022 1316 2059 quo
1346 2010 1466 2047 etiam
1496 2011 1651 2062 sapien-

141 2062 246 2100 tibus
277 2068 364 2100 erat
393 2063 612 2112 utendum,
651 2070 699 2102 ut
728 2066 953 2117 symbolicis
990 2079 1127 2104 rerum
1164 2067 1523 2105 assimulationibus
1563 2070 1649 2105 ani-

138 2133 297 2158 morum
327 2133 439 2159 sensa
470 2128 738 2173 exponerent,
775 2136 911 2161 rerum
940 2123 1197 2161 similitudine
1225 2124 1355 2174 aliqua
1384 2125 1449 2163 vel
1466 2125 1648 2162 animad-

137 2191 253 2216 versa
281 2177 344 2216 vel
375 2179 610 2229 excogitata.
670 2180 715 2218 In
744 2181 879 2219 eadem
910 2181 978 2218 illa
1006 2181 1134 2233 prisca
1163 2181 1248 2219 vita
1278 2181 1409 2219 eboris
1448 2188 1488 2220 et
1521 2196 1647 2221 cornu

135 2249 232 2274 usus
263 2242 350 2274 erat
379 2236 574 2275 celebrior
615 2251 734 2288 quam
772 2239 1025 2289 sequentibus
1063 2239 1309 2290 temporibus
1320 2253 1331 2288 ;
1369 2240 1504 2290 itaque
1542 2241 1646 2278 fores

135 2307 295 2344 quoque
324 2294 442 2332 ebore
476 2295 540 2332 vel
569 2309 696 2333 cornu
724 2296 958 2335 induebant.
1016 2297 1073 2333 De
1111 2297 1265 2334 ratione
1303 2297 1478 2334 eiusdem
1516 2297 1645 2336 eboris

136 2358 178 2390 et
207 2366 336 2390 cornu
366 2352 418 2390 ad
447 2359 586 2404 portas
616 2354 753 2391 Somni
784 2354 968 2393 translati
1001 2354 1111 2392 varia
1142 2360 1236 2392 sunt
1274 2361 1458 2393 veterum
1499 2361 1539 2392 et
1577 2368 1643 2393 re-

133 2410 357 2447 centiorum
407 2410 676 2463 interpretum
725 2412 777 2450 ad
826 2412 1085 2450 Homericum
1130 2418 1170 2449 et
1216 2412 1472 2462 Virgilianum
1510 2412 1641 2450 locum

131 2467 297 2505 somnia.
358 2468 618 2507 Verisimilior
649 2482 699 2506 ex
729 2469 774 2507 iis
803 2471 907 2508 forte
933 2469 1214 2521 interpretatio
1241 2476 1300 2507 est
1335 2468 1454 2519 haec,
1496 2468 1641 2522 (appo-

131 2525 205 2562 sita
235 2538 395 2576 quoque
427 2539 449 2562 a
474 2522 760 2565 Macrobio'ad
792 2529 856 2566 So.
888 2529 949 2566 Sc.
979 2527 1007 2576 Ι,
1039 2526 1095 2579 3.)
1135 2527 1243 2578 quod
1269 2526 1382 2575 ebur,
1426 2528 1501 2564 etsi
1540 2542 1640 2566 can-

130 2583 221 2620 dore
254 2598 326 2620 sito
364 2584 493 2621 lacem
530 2587 748 2635 promittit,
790 2594 924 2623 tamen
966 2599 1045 2622 non
1082 2585 1312 2622 transmittit
1350 2586 1480 2622 visum
1515 2586 1639 2622 culeo—

130 2656 205 2692 qae
222 2640 369 2692 fallit,
401 2656 523 2680 corna
552 2651 687 2680 contra
725 2643 974 2693 pellucidum
1010 2650 1079 2679 est.
1142 2641 1243 2680 Nolo
1283 2641 1387 2679 enim
1426 2643 1637 2694 suspicioni

130 2698 264 2737 locum
297 2699 414 2748 dare,
445 2700 486 2738 in
517 2714 658 2750 quam,
698 2701 850 2749 fateor,
890 2699 1034 2747 incidi,
1082 2705 1215 2737 totum
1252 2698 1330 2737 hoc
1368 2706 1635 2737 commentum

128 2756 299 2806 petitum
331 2770 412 2794 esse
452 2772 473 2795 a
514 2759 606 2796 lusu
641 2759 878 2797 verborum:
924 2762 1020 2795 sunt
1049 2753 1250 2809 ’Όνειροι,
1292 2770 1462 2807 quorum
1493 2763 1552 2795 est
1594 2755 1637 2798 τὸ

128 2813 435 2867 ἕλεφαίρεσθαι,
465 2816 597 2867 itaque
627 2817 797 2855 veniunt
836 2812 903 2856 ὃιοέ
937 2813 1175 2865 ἐλέφαντος5
1208 2814 1272 2852 alii
1291 2820 1399 2863 sunt,
1429 2815 1496 2865 qui
1517 2815 1633 2868 κραί-

127 2884 264 2917 νουσι,
294 2871 402 2922 iique
430 2874 600 2912 veniunt
632 2872 699 2914 δια
729 2870 898 2927 κεράων.

239 2929 341 2967 Usus
373 2936 433 2969 est
459 2930 521 2969 his
546 2933 797 2971 Somniorum
819 2931 949 2984 portis
975 2929 1160 2981 Virgilius
1190 2928 1242 2967 ad
1272 2928 1550 2967 dimittendum
1581 2941 1630 2967 ex

1236 2997 1352 3043 66*
