1811 3388
542 192 661 239 AD
734 188 1158 236 LIBRUM
1229 189 1324 236 111
1603 194 1701 242 579

187 333 319 372 nopen
341 318 541 356 exhibent.
601 317 710 354 Inter
728 329 900 367 gemmas
921 321 980 353 est
996 314 1143 364 Sarda,
1174 314 1215 352 in
1240 328 1317 365 qua
1337 315 1495 367 Ulysses
1521 317 1702 370 alligatus

187 384 246 416 est
276 377 400 422 malo,
440 374 694 412 adstantibus
730 373 846 412 trinis
875 373 1101 421 Sirenibus,
1141 371 1259 411 obvia
1305 373 1416 424 apud
1458 374 1702 415 Paciandum

186 435 349 474 Monim.
373 433 504 484 Pelop.
526 433 637 470 Tom.
660 432 689 470 I.
721 445 758 482 p.
785 434 876 472 139.
936 431 1044 468 Idem
1080 436 1358 481 argumentum
1390 437 1448 468 est
1477 433 1701 485 anaglyphi,

188 491 297 542 quod
334 491 487 542 primus
521 489 648 528 edidit
673 489 852 527 Fabrett.
879 488 1063 526 Addend.
1099 488 1150 525 ad
1180 488 1371 526 Tabulam
1402 489 1580 539 Iliacam,
1617 505 1701 542 pag.

188 554 290 587 extr.
350 548 453 587 Add.
494 547 647 585 Musam
679 546 825 584 Sirenis
852 546 923 584 alis
950 559 1101 598 pennas
1136 546 1370 584 evellentem
1408 560 1468 598 ap.
1497 547 1701 586 Winckel-

188 620 322 644 mann.
340 606 519 643 Monuni,
538 605 642 643 ined.
663 605 741 642 tab.
763 607 828 645 46.

304 663 480 701 Tandem
502 663 799 713 δζειηρῐιαίἰιίεε
821 659 1032 711 nequidem
1060 660 1100 697 in
1131 673 1292 698 censum
1320 659 1429 698 hunc
1458 661 1598 700 referri
1628 661 1700 699 de-

146 762 148 764 ,
189 721 363 771 bebant3
400 726 493 758 sunt
515 721 618 758 enim
639 734 730 758 aves
750 719 944 771 palustres
964 718 1087 768 longis
1106 719 1266 766 rostris,
1299 718 1405 756 nulla
1426 719 1500 756 alia
1520 732 1563 757 re
1581 726 1701 757 nota-

188 779 299 817 biles.
330 793 369 817 v.
391 778 622 830 Apollodor.
645 778 692 826 II,
720 778 758 826 5,
778 780 814 818 6.
839 782 880 814 at
907 777 1073 813 Pausan.
1109 775 1209 825 VIII,
1239 779 1293 816 22
1322 783 1497 827 nugatur
1525 776 1620 815 dum
1652 790 1701 814 ex

190 836 336 875 Arabia
364 850 427 873 eas
448 836 620 874 arcessit.
681 836 912 873 Occurrunt
937 833 1025 871 illae
1058 833 1098 870 in
1126 833 1309 884 pluribus
1340 834 1570 886 anaglyphis
1595 834 1701 872 Her-

192 895 289 932 culis
319 900 358 931 et
388 894 429 931 in
460 908 581 932 numo
614 892 911 931 Perinthiorum
952 890 1144 929 Gordiani
1179 891 1243 929 III.
1270 891 1310 928 in
1338 892 1529 929 Numism.
1561 891 1700 929 Albani

193 952 304 990 Tom.
329 952 374 998 II,
394 952 471 990 tab.
490 954 557 993 70.
589 951 691 989 Add.
713 951 861 989 Pictur.
882 949 1096 987 Herculan.
1117 948 1201 987 Vol.
1215 948 1297 997 VII,
1319 962 1356 1000 p.
1380 951 1474 990 709.
1494 949 1701 988 winckel-

194 1024 324 1047 mann.
354 1009 460 1047 Mon.
488 1008 593 1048 ined.
626 1009 706 1047 tab.
747 1010 815 1051 65.
887 1008 1089 1045 Gravures
1132 1007 1179 1043 cle
1215 1008 1259 1044 V
1254 1020 1343 1044 ases
1377 1020 1459 1057 par
1492 1006 1701 1045 Tisclzbein

192 1067 348 1116 v01.11‚
371 1067 451 1105 tab.
476 1068 540 1107 18.

540 1310 1116 1371 EXCURSUS
1186 1309 1348 1365 VIII

407 1416 776 1460 Vaticininm,
836 1414 900 1455 cle
959 1412 1172 1455 mensis
1232 1411 1487 1453 ambesis.

317 1524 379 1571 III,
411 1521 655 1566 255--258
688 1520 768 1557 Sed
792 1533 870 1556 non
909 1527 1000 1555 ante
1036 1517 1177 1554 datam
1205 1517 1372 1567 cingetis
1400 1514 1601 1553 moenibus
1631 1530 1700 1552 nr-

198 1583 308 1630 bem,
361 1582 494 1630 Quam.
520 1593 588 1616 νας
619 1579 707 1614 (lira
735 1577 878 1628 fames
901 1583 1132 1625 nostraeque
1164 1575 1312 1610 iniuria
1343 1574 1477 1610 caedis
1507 1571 1701 1610 Ambesas

199 1640 354 1689 subiget
376 1639 496 1675 malis
514 1636 717 1673 absumere
747 1647 918 1671 mensas.
982 1631 1224 1670 Vaticinium
1254 1629 1330 1667 hoc
1353 1630 1431 1668 fuit
1456 1630 1561 1667 inter
1587 1635 1701 1667 vete—

198 1711 260 1736 res
289 1698 460 1734 Graecos
500 1700 540 1731 et
579 1694 779 1730 Romanos
811 1689 1179 1732 celebratissimum,
1220 1687 1328 1738 quod
1363 1687 1508 1724 iamin
1535 1686 1700 1736 Disquis.

199 1756 245 1792 cle
266 1755 434 1791 inventis
453 1767 479 1789 α
502 1759 625 1801 poeta
652 1749 763 1786 rebus
792 1762 821 1785 s.
847 1748 891 1785 V.
914 1747 1134 1797 attigimu83
1166 1745 1237 1782 etsi
1259 1744 1460 1782 diversum
1481 1744 1589 1795 apud
1606 1743 1701 1781 alios

200 1818 403 1850 auctorem
433 1809 565 1847 habet.
624 1807 723 1845 Nam
758 1804 951 1843 Anchisae
978 1804 1053 1841 iam
1083 1803 1173 1840 olim
1204 1817 1225 1839 a
1257 1802 1407 1840 Venere
1433 1801 1572 1839 datum
1608 1813 1700 1849 esse,

200 1883 220 1907 e
240 1871 281 1907 L.
303 1869 402 1907 lulio
429 1868 593 1905 Caesare
614 1871 654 1902 et
679 1865 730 1912 Q.
751 1862 911 1901 Lutatio
928 1861 1054 1899 tradit
1071 1861 1208 1898 Victor
1235 1860 1303 1898 Or.
1341 1860 1386 1897 G.
1417 1859 1463 1897 R.
1502 1861 1565 1907 11,
1594 1857 1702 1895 unde

200 1927 319 1964 etiam
356 1922 526 1966 παλαιὸν
563 1922 770 1973 θέσπισμα
798 1926 919 1958 vocat
945 1917 1142 1970 Lycophr.
1182 1919 1491 1959 1250—1252.
1551 1916 1703 1954 Aeneae

201 1991 331 2023 autem
351 1984 434 2021 sive
456 1996 475 2019 a
495 1983 588 2019 Iove
610 1980 823 2017 Dodonaeo
852 1976 996 2029 (Varro
1024 1977 1114 2013 Rer.
1142 1975 1230 2012 Div.
1260 1974 1327 2011 lib.
1360 1974 1394 2011 II
1424 1987 1483 2025 ap.
1511 1974 1622 2011 Serv.
1651 1972 1702 2010 ad

202 2043 265 2091 III,
288 2042 370 2083 256
393 2046 432 2077 et
453 2039 516 2077 alii
547 2053 608 2089 ap.
636 2038 796 2087 Dionys
824 2035 950 2072 Halic.
980 2033 1008 2082 I,
1036 2031 1107 2085 55)
1135 2032 1217 2069 sive
1250 2045 1271 2067 a
1303 2031 1449 2082 Sibylla
1478 2029 1702 2082 Erythraea

204 2096 260 2153 (v.
294 2098 455 2149 Dionys,
483 2095 594 2148 ibid.)
620 2094 864 2146 praedictam
895 2104 1003 2139 rem,
1034 2094 1298 2127 narraverant
1327 2089 1402 2126 alii.
1461 2088 1604 2125 Poetae
1634 2087 1702 2125 in-

202 2163 368 2194 ventum
393 2167 473 2192 esse
492 2154 674 2200 videtur,
699 2150 807 2202 quod
825 2149 1094 2200 Harpyiarum
1117 2146 1183 2184 uni
1204 2146 1408 2183 oraculum
1426 2145 1529 2182 illud
1546 2144 1700 2182 tribuit.

205 2214 367 2251 Exitum
390 2211 508 2250 sortis
537 2211 653 2248 datae
671 2223 708 2247 v.
733 2208 796 2245 lib.
818 2207 898 2255 VH,
922 2209 1001 2246 107
1021 2218 1117 2254 sqq.,
1140 2203 1207 2241 ubi
1225 2217 1263 2241 v.
1287 2203 1450 2240 Excurs.
1474 2202 1520 2239 II.

318 2271 503 2307 Ceterum
525 2280 676 2305 summa
696 2266 769 2303 ista
787 2263 961 2303 vaticinii
988 2261 1191 2299 celebritas
1210 2260 1379 2298 movisse
1409 2259 1572 2298 videtur
1601 2270 1702 2309 poe-

203 2335 307 2377 tam,
337 2334 384 2365 ut
403 2326 577 2365 fabulam
599 2324 924 2375 amplecteretur,
955 2333 1026 2372 per
1045 2332 1084 2356 se
1111 2320 1284 2369 ineptam
1321 2323 1361 2355 et
1388 2316 1486 2369 epici
1514 2315 1702 2353 carminis

204 2386 408 2424 maiestate
439 2383 662 2434 indignam,
702 2381 847 2432 quippe
880 2390 980 2429 quae
1006 2390 1055 2413 ex
1085 2375 1375 2413 vocabulorum
1409 2375 1502 2412 lusu
1529 2372 1701 2425 pendet3

205 2444 343 2482 saltem
365 2442 467 2481 illud
486 2442 536 2479 ad
558 2446 716 2492 poetam
734 2436 1005 2489 excusandum
1025 2434 1157 2472 valere
1184 2432 1312 2470 debet.
1370 2431 1492 2480 Nam,
1533 2436 1580 2468 ut
1605 2444 1702 2468 nar-

205 2501 400 2539 rationem
423 2513 533 2538 suam
552 2500 672 2536 faciat
691 2494 933 2548 probabilem
959 2506 1005 2529 ac
1023 2490 1286 2538 verisimilem,
1317 2490 1504 2540 quoniam
1524 2488 1565 2526 in
1584 2488 1703 2526 rebus

207 2559 388 2597 absurdis
410 2555 682 2595 delectationis
705 2556 857 2592 sructus
877 2550 1151 2600 intercipitur,
1181 2553 1318 2600 poetae
1341 2547 1438 2599 epici
1458 2546 1586 2599 prima
1609 2557 1702 2583 cura

208 2622 278 2654 est.
336 2616 474 2667 Itaque
505 2616 546 2653 in
575 2613 692 2652 laude
721 2611 794 2663 ipsi
827 2608 1075 2656 ducendum,
1113 2607 1145 2643 si
1180 2605 1333 2643 fabulas
1358 2605 1505 2657 priscas
1530 2602 1702 2655 popula-

207 2673 312 2710 rium
333 2687 496 2712 suorum
515 2672 580 2711 vel
599 2677 782 2710 veterum
800 2674 1008 2720 poetarum
1026 2670 1108 2702 tam
1138 2663 1342 2701 commode
1370 2667 1603 2714 argumento
1631 2672 1702 2697 suo

207 2729 387 2768 intexere
411 2737 450 2768 et
468 2731 524 2768 ita
544 2727 844 2767 accommodare
866 2723 1047 2772 noverit,
1078 2726 1147 2770 ut,
1179 2720 1276 2758 dum
1306 2720 1444 2758 eodem
1483 2717 1594 2769 quasi
1622 2722 1702 2754 sta-

209 2787 314 2823 mine
335 2794 422 2825 tota
443 2788 521 2825 tela
536 2787 697 2825 detexta
718 2791 793 2833 est,
824 2783 1041 2822 videantur
1063 2792 1199 2831 parem
1227 2777 1347 2816 fidem
1373 2777 1519 2816 habere
1554 2781 1593 2812 et
1622 2774 1700 2821 illa,

209 2856 309 2893 quae
328 2845 408 2895 ipse
427 2859 531 2883 nova
553 2850 639 2882 erat
656 2848 915 2881 commentus.
973 2839 1073 2876 Cum
1091 2843 1223 2875 autem
1242 2836 1282 2873 in
1298 2835 1457 2873 illarum
1479 2831 1699 2871 fabularum

211 2906 353 2939 natura
371 2915 416 2939 ac
435 2903 591 2941 ratione
609 2900 709 2940 nihil
727 2905 884 2939 mutare
902 2896 1047 2950 possit,
1077 2894 1153 2932 nisi
1174 2893 1247 2932 sibi
1264 2893 1337 2946 ipsi
1355 2893 1473 2931 fidem
1501 2889 1597 2929 velit
1629 2887 1700 2925 de-

1307 2961 1426 3006 37*
