1779 3420
135 207 236 255 878
472 205 528 254 P.
565 204 918 256 VIRGILII
966 204 1342 254 MARONIS

137 333 316 393 Quem
346 329 554 379 socium
586 330 887 380 exanimem
928 338 1098 392 vates,
1141 329 1290 396 quod
1331 345 1525 396 corpus
1558 328 1662 379 hu-

922 400 1183 448 mandum

134 469 362 518 Diceret.
435 472 609 534 Atque
631 469 703 518 illi
729 469 999 519 Misenum
1022 471 1075 518 in
1099 469 1255 518 litore
1281 469 1436 532 sicco,

134 541 206 589 Ut
227 554 424 586 venere
439 579 450 600 ‚
490 538 674 587 vident
696 538 911 601 indigna
932 549 1108 588 morte
1132 548 1467 604 peremtum;

134 609 405 659 Misenum
425 608 715 658 Aeoliden:
755 625 864 673 quo
887 626 997 658 non
1019 610 1370 674 praestantior
1391 608 1527 657 alter

136 683 274 728 Aere
301 678 441 726 ciere
464 679 629 738 viros,
651 681 990 745 Martemque
1016 678 1317 727 adcendere
1347 687 1515 727 cantu.
1566 680 1664 729 165

137 748 380 797 Hectoris
401 747 485 795 hic
508 748 684 812 magni
710 747 883 797 fuerat
905 766 1108 808 comes;
1150 752 1379 797 Hectora
1405 749 1603 798 circum

137 820 203 867 Et
227 816 357 864 lituo
385 833 587 882 pugnas
610 819 824 882 insignis
850 819 1032 867 obibat
1055 828 1106 867 et
1130 818 1288 870 hasta.

137 890 430 951 Postquam
456 887 605 936 illum
628 889 729 936 vita
749 890 918 937 victor
937 889 1178 954 spoliavit
1202 888 1442 952 Achilles,

136 956 406 1007 Dardanio
429 960 642 1007 Aeneae
666 975 780 1007 sese
805 958 1125 1008 fortissimus
1150 958 1312 1007 heros

137 1025 432 1076 Addiderat
452 1029 682 1090 socium,
721 1045 832 1077 non
861 1029 1112 1078 inferiora
1133 1038 1358 1079 secutus,
1567 1033 1664 1080 170

140 1095 247 1144 Sed
268 1104 406 1158 tum,
442 1096 585 1146 sorte
620 1116 739 1147 cava
764 1099 893 1147 dum
916 1108 1168 1165 personat
1188 1115 1424 1165 aequora
1445 1097 1664 1162 concha,

137 1168 400 1228 Demens,
441 1176 492 1216 et
524 1178 679 1217 cantu
702 1178 855 1217 vocat
880 1170 929 1217 in
956 1170 1243 1218 certamina
1273 1169 1439 1232 divos,

137 1236 398 1285 Aemulus
423 1247 703 1303 exceptum
738 1239 925 1288 Triton
958 1241 1020 1303 (si
1056 1239 1277 1288 credere
1314 1239 1535 1303 dignum
1563 1244 1664 1303 est)

138 1307 288 1355 Inter
310 1322 422 1355 saxa
448 1308 621 1356 virum
648 1326 899 1374 spumosa
923 1311 1238 1358 inmerserat
1258 1310 1416 1360 unda.

138 1377 280 1438 Ergo
306 1393 496 1425 omnes
518 1394 713 1441 magno
737 1380 935 1428 circum
958 1379 1190 1428 clamore
1208 1378 1541 1441 fremebant3
1567 1381 1665 1430 175

139 1447 432 1512 Praecipue
459 1448 577 1513 pius
601 1455 822 1501 Aeneas.
897 1453 1038 1499 Tum
1060 1452 1196 1499 iussa
1219 1450 1463 1514 Sibyllae,

236 1576 300 1609 161
337 1577 542 1609 exanimum
572 1577 752 1622 plerique,
794 1579 856 1611 sed
896 1579 1044 1611 alterum
1087 1591 1127 1612 ex
1168 1578 1295 1612 Medic.
1333 1578 1479 1624 aliisque
1518 1577 1667 1611 adscivit

141 1621 327 1663 Heinsius,
370 1624 444 1655 auri
475 1631 512 1655 nt
547 1627 758 1659 consuleret.
797 1626 879 1668 (vid.
908 1628 948 1658 V.
979 1628 1017 1659 L.
1050 1627 1093 1658 ad
1124 1628 1183 1667 IV,
1209 1628 1241 1660 8.
1278 1628 1374 1670 lVr.)
1425 1628 1510 1658 Mox
1545 1634 1665 1671 atque,

142 1669 284 1710 statim,
311 1682 386 1702 esse
406 1671 477 1702 vult
499 1673 628 1713 Burin„
656 1680 692 1703 ut
713 1674 843 1716 Georg.
868 1675 892 1711 1,
913 1675 1002 1713 203,
1031 1674 1087 1705 ubi
1110 1686 1140 1706 v.
1170 1675 1255 1706 Puto
1285 1674 1431 1718 exprimi
1463 1670 1554 1706 εἶτα.
1605 1674 1666 1716 <At

142 1715 210 1748 vid.
236 1718 276 1755 Q.
296 1718 338 1749 V·
371 1718 528 1757 XXXV,
559 1721 616 1752 22.
653 1720 749 1762 lPr.)
850 1722 914 1754 165
952 1721 994 1752 (le
1022 1720 1253 1753 Heniisticliio
1286 1733 1305 1752 a
1334 1729 1438 1765 poeta
1457 1720 1549 1752 inter
1570 1719 1666 1752 reci-

144 1763 287 1794 tandum
321 1763 456 1795 adiecto
498 1765 648 1797 fabulam
677 1766 747 1797 vid.
778 1767 872 1809 apud
899 1770 994 1800 Serv.
1093 1769 1158 1802 168
1198 1769 1311 1799 victor
1348 1770 1421 1800 vita
1450 1767 1583 1811 aliquot
1607 1778 1666 1810 ap.

143 1810 257 1842 Burm.
308 1822 360 1854 sp.
402 1819 438 1842 et
479 1813 590 1844 armis
622 1812 767 1844 Dorvill.
867 1815 933 1848 170
970 1815 1071 1846 haud
1100 1816 1123 1846 i.
1153 1815 1315 1846 Parrhas.
1365 1816 1545 1847 interiora
1575 1813 1666 1845 alter

142 1856 268 1888 Hamb.
368 1858 429 1891 171
459 1858 532 1889 Sed
552 1860 636 1891 (lum
651 1885 658 1899 ‚
685 1872 782 1899 cum,
810 1868 898 1892 tunc
919 1861 1085 1893 aben-att.
1185 1863 1252 1894 172
1277 1862 1436 1893 fremens
1451 1869 1486 1892 et
1507 1874 1534 1893 c.
1556 1860 1665 1893 Goth.

144 1914 212 1935 sec.
263 1911 460 1935 certamzne
478 1905 567 1938 Gud.
586 1914 619 1938 et
639 1906 746 1938 Goth.
765 1906 845 1938 duo.
946 1908 1011 1942 173
1037 1909 1087 1939 Sir:
1108 1919 1136 1940 c.
1160 1906 1222 1950 fas
1251 1915 1305 1939 est
1331 1908 1400 1940 (luo
1421 1908 1520 1939 Leid.
1570 1907 1666 1939 Idem

144 1949 402 1981 hemistichium
430 1952 471 1982 111
492 1953 620 1995 Georg.
645 1954 722 1987 391.
821 1952 887 1988 174
912 1955 1125 1986 immerserit
1148 1954 1253 1986 Goth.
1273 1966 1342 1987 sce.
1440 1956 1506 1989 175
1532 1956 1666 1987 circum

144 2008 277 2042 magno
295 1996 466 2031 Montalb.
517 2000 583 2042 (—
598 2001 674 2034 176.
701 1999 769 2032 vid.
792 2001 836 2034 V.
855 2001 895 2034 L.
916 2001 960 2033 ad
981 2013 1030 2033 vs.
1053 2003 1108 2035 10.
1136 2001 1234 2044 lVr.)

146 2121 278 2153 terum
310 2116 454 2164 miror,
495 2130 568 2154 cur
597 2131 678 2155 non
704 2118 744 2155 in
772 2118 879 2156 Pali-

146 2173 238 2211 nuri
271 2173 517 2225 insepultum
548 2189 693 2227 corpus
726 2177 879 2214 incidat

146 2231 301 2268 Aeneae
346 2232 563 2282 cogitatio3
620 2247 699 2283 qua
744 2241 878 2271 tamen

936 2119 1107 2158 Aeneam
1130 2119 1292 2158 Hectori
1324 2120 1579 2171 aequiparat,
1619 2124 1666 2156 ut

938 2178 1008 2215 ins.
1045 2177 1115 2226 XI,
1162 2180 1244 2219 289
1290 2184 1329 2215 et
1374 2178 1422 2216 al.
1459 2179 1506 2216 cs.
1552 2179 1663 2216 Serv.

937 2236 1033 2273 Mox
1068 2239 1160 2277 171.
1185 2236 1380 2273 conc-llam
1410 2235 1544 2287 paullo
1584 2235 1665 2273 du-

145 2289 255 2326 nulla
281 2289 392 2339 prior
415 2303 495 2327 esse
516 2291 698 2329 debebat.
745 2291 879 2344 (Nulla

147 2347 225 2383 iani
259 2353 316 2383 est
350 2348 521 2385 mirandi
554 2363 669 2386 causa
701 2357 791 2400 post
820 2363 878 2398 ea,

148 2417 249 2453 quae
278 2404 396 2442 niodo
431 2407 580 2457 scripsi.
622 2406 735 2460 ΙΙἏ.)
797 2408 879 2445 Nisi

150 2461 257 2510 quod
279 2462 415 2499 Miseni
435 2465 606 2502 cadaver
632 2465 672 2501 in
693 2466 878 2516 proximo

147 2519 285 2556 littore
317 2520 440 2570 iacet,
483 2522 643 2571 eiusque
675 2523 879 2560 celebritas

148 2576 227 2613 suit
262 2591 398 2626 magna
440 2586 604 2628 propter
638 2588 879 2630 promonto-

149 2633 255 2671 rium
279 2634 326 2669 ab
349 2648 393 2670 eo
416 2638 668 2687 appellatum.
730 2639 782 2674 De
802 2638 880 2675 Mi·-

150 2704 244 2728 seno
282 2692 456 2729 tubicine
496 2694 574 2731 vid.
609 2696 778 2733 Excurs.
808 2696 878 2734 Vll

151 2749 202 2786 ad
228 2761 267 2786 v.
306 2752 398 2790 162.

212 2809 304 2846 170.
351 2821 426 2842 mm
457 2808 647 2855 [affiniora
687 2824 720 2845 ⁸.
761 2809 878 2846 docte

151 2869 190 2900 et
215 2864 458 2900 Graecorum
483 2878 615 2913 inore,
646 2879 742 2915 pro,
774 2867 879 2903 inse-

151 2922 318 2970 rioreni,
343 2919 390 2961 ta*
413 2918 517 2975 ἥττω
535 2937 608 2973 pro
631 2921 697 2965 τὸν
719 2921 876 2976 ἥττονα.

936 2293 1019 2331 rius
1056 2307 1129 2344 pro
1169 2293 1266 2330 tuba
1298 2294 1357 2331 vel
1388 2294 1487 2331 lituo
1519 2294 1664 2345 posuit.

935 2351 1034 2388 Nan]
1058 2364 1130 2388 nec
1156 2350 1195 2387 in
1229 2353 1320 2388 limi
1348 2350 1403 2400 (v.
1439 2352 1534 2403 167)
1565 2366 1665 2404 pro-

937 2409 1108 2460 prietate
1158 2414 1215 2445 est
1262 2408 1522 2446 haerendum.
1602 2409 1665 2446 Sic

937 2469 1083 2504 lllmtm
1122 2472 1162 2503 et
1196 2466 1333 2503 {lebam
1376 2480 1524 2518 paucos
1560 2468 1665 2504 intra

937 2538 1076 2563 versus
1100 2530 1294 2561 memorat
1315 2525 1462 2562 Statius
1478 2526 1526 2562 vl
1540 2525 1663 2562 Theb.

941 2585 1034 2624 120.
1060 2584 1151 2622 128.
1220 2582 1450 2618 'J'uln'cc'nem
1468 2583 1664 2620 Misenum

938 2647 1058 2677 vocat
1077 2640 1256 2690 Propert.
1279 2639 1342 2684 lll,
1376 2641 1439 2686 13,
1467 2644 1503 2681 3.
1559 2642 1662 2677 Liti-

936 2699 1064 2737 cinem,
1091 2700 1189 2734 Stat.
1219 2696 1269 2734 W
1304 2696 1399 2733 Silv.
1438 2702 1476 2747 7,
1516 2701 1578 2739 19.
1617 2699 1663 2736 cs.

937 2754 1076 2791 Corda.
1118 2756 1276 2791 <svmens
1294 2754 1549 2794 Momm-icum
1575 2753 1664 2806 Νή-

936 2812 1055 2858 πιος]
1095 2812 1203 2849 lliad.
1237 2813 1274 2864 β,
1317 2815 1369 2852 38
1401 2820 1439 2850 et
1471 2827 1584 2864 saepe
1615 2814 1663 2851 al.

937 2878 1145 2918 ‹¹.1·‹·‹71lum
1181 2871 1230 2908 cs.
1268 2883 1354 2920 sup.
1396 2872 1459 2919 111,
1497 2874 1580 2911 332
1619 2877 1665 2908 ut

936 2925 1224 2978 ύπωὸέχεσθαι,
1246 2923 1408 2967 insidiis.
1468 2930 1570 2967 Puta
1590 2942 1665 2966 au-
