1811 3388
510 214 627 260 AD
697 211 1137 261 LIBRUM
1207 215 1290 262 VI
1513 225 1641 273 1009

140 340 181 378 in
198 346 357 389 monte3
387 339 496 378 viam
532 340 632 378 adeo
664 351 737 390 per
767 338 855 377 loca
883 352 1026 390 parum
1057 337 1238 377 habitata
1268 346 1306 378 et
1335 355 1403 392 per
1430 343 1563 386 lucum
1592 348 1642 387 ad

138 398 240 436 illud
261 398 443 444 duxisse,
471 403 510 434 et
531 398 574 435 in
602 397 728 434 latere
747 396 894 434 montis
912 395 1098 434 horridos
1122 410 1261 448 specus
1278 400 1503 441 occurrisse.

255 455 350 493 Fuit
370 461 505 493 autem
526 454 604 493 hoc
623 454 818 506 Apollinis
848 454 1041 505 templum
1073 467 1123 492 ex
1148 456 1446 505 antiquissimis,
1488 460 1642 500 Daedali

138 512 241 551 illud
262 526 362 565 opus
385 511 568 551 habitum
594 511 648 563 (v.
677 513 728 553 14
747 511 848 565 sqq.)
870 518 1082 562 statuaque
1103 512 1166 549 dei
1187 513 1359 550 colossea
1381 514 1642 557 nobilitatum.

136 571 299 609 Servius
321 569 373 608 ad
405 584 441 609 v.
461 574 486 612 9
512 571 553 609 h.
575 570 684 608 libri:
719 570 881 607 Caelius
904 570 1007 607 enim
1038 570 1095 618 (L.
1121 570 1274 608 Caelius
1301 571 1533 623 Antipater,
1577 576 1643 624 qui

137 628 229 666 belli
255 628 395 666 Punici
423 628 457 666 Il
478 627 686 666 historiam
717 626 891 680 scripsit)
915 627 964 664 de
987 628 1166 665 Cumano
1187 628 1377 678 Apolline
1398 631 1481 668 ait:
1511 632 1584 668 Est
1605 635 1645 669 in

132 686 237 735 sano
271 688 434 737 signum
466 687 670 737 Apollinis
706 686 908 735 ligneam,
960 686 1090 722 altum
1118 698 1198 722 non
1225 688 1359 722 minas
1389 687 1513 736 pedes
1543 689 1644 736 XV,

136 745 252 781 cuius
269 745 494 781 meminisse
509 752 681 794 putatur
706 745 746 780 V
746 744 906 793 irgilizis·
931 741 987 795 (v.
1024 744 1048 782 9
1084 744 1191 780 altus
1215 743 1365 792 Apollo
1372 757 1391 789 ;
1433 743 1502 781 sed
1526 743 1604 782 hoc
1624 759 1645 783 a

137 801 219 839 situ
253 800 393 853 templi
423 802 605 852 petitum.
665 800 933 838 Altitudinem
957 805 1091 837 tamen
1125 813 1205 838 non
1228 799 1432 850 vulgarem
1462 799 1646 840 habuisse

136 858 330 910 templum
351 871 506 896 necesse
536 865 618 907 est,
658 872 749 896 cum
772 859 814 895 in
838 870 882 895 eo
909 857 1063 908 signum
1089 862 1223 896 tantae
1251 857 1532 908 magnitudinis
1560 860 1646 897 col-

135 916 314 955 locatum
335 928 416 954 esse
445 917 637 967 potuerit,
669 922 707 953 et
727 929 816 953 cum
834 929 872 953 v.
897 917 948 956 19
971 917 1169 952 immania
1188 916 1338 965 templa
1362 916 1644 970 appellentur),

136 974 192 1011 De
218 987 263 1012 eo
298 975 376 1012 Cic.
410 973 458 1011 de
480 974 567 1012 Div.
592 974 619 1022 I,
652 972 706 1016 43
736 973 863 1024 quid?
907 986 999 1009 cum
1032 972 1167 1010 Cumis
1198 972 1347 1022 Apollo
1377 974 1568 1013 sudavit?
1607 980 1645 1012 et

136 1032 370 1082 Obsequens
391 1045 423 1070 c.
446 1031 527 1073 114
550 1032 687 1069 Cumis
708 1033 749 1068 in
768 1044 858 1068 arce
885 1030 1092 1080 Apollinis
1113 1031 1374 1066 simulacrum
1390 1032 1551 1068 sudavit
1569 1032 1643 1069 sub

136 1103 170 1128 a.
195 1092 290 1137 662,
323 1102 414 1140 ergo
447 1094 531 1126 tum
551 1088 685 1126 adhuc
704 1094 920 1139 supererat.
980 1086 1067 1124 Alia
1097 1086 1146 1124 de
1173 1100 1219 1124 eo
1251 1086 1435 1138 Apolline
1464 1088 1643 1140 prodigia

136 1153 303 1185 narrant
324 1147 408 1187 Liv.
430 1146 565 1195 XLlll,
597 1147 663 1194 15,
701 1145 908 1196 Augustin.
932 1145 972 1183 C.
995 1145 1037 1182 D.
1062 1144 1127 1191 Ill,
1163 1147 1225 1185 11.
1286 1144 1489 1182 Celebrata
1510 1151 1642 1185 nutem

135 1205 330 1257 Apollinis
358 1204 495 1255 religio
527 1210 614 1243 erat
641 1204 719 1242 iam
749 1204 788 1241 in
827 1204 948 1241 eume
976 1215 1045 1240 seu
1075 1202 1195 1253 Cyme
1225 1200 1415 1240 Aeolidis:
1459 1202 1527 1240 ubi
1558 1203 1642 1241 eius

136 1262 332 1314 templum
359 1262 639 1312 clarissimum,
672 1275 763 1300 cum
783 1261 944 1299 oraculo
973 1259 1016 1297 in
1042 1272 1120 1310 quo
1139 1259 1366 1297 Alexander
1384 1273 1541 1310 quoque
1567 1260 1641 1298 de-

136 1321 344 1359 dicaverat
384 1319 659 1372 lychnuchum
694 1319 888 1372 praeclari
927 1317 1077 1369 operis:
1122 1317 1206 1357 vid.
1244 1317 1416 1357 Plinium
1452 1318 1641 1368 XXXIV,

136 1381 175 1420 3.
199 1393 227 1417 s.
251 1381 289 1419 8.

248 1436 294 1474 In
315 1449 480 1475 ascensu
502 1436 554 1474 ad
575 1435 769 1488 templum
790 1436 904 1473 lucus
930 1435 1092 1472 Triviae
1111 1432 1186 1470 suit
1203 1430 1258 1484 (v.
1283 1432 1366 1484 13),
1396 1432 1438 1469 in
1458 1446 1536 1483 quo
1554 1432 1640 1485 ipso

133 1494 327 1546 templum
357 1494 458 1532 illud
485 1494 679 1546 Apollinis
721 1493 884 1532 videtur
922 1491 1040 1530 fuisse
1071 1490 1290 1528 conditum.
1358 1490 1461 1528 Dum
1489 1491 1641 1528 Aeneas

134 1558 414 1602 argumentum
435 1552 475 1590 in
495 1552 647 1590 foribus
663 1551 800 1604 templi
821 1550 1023 1600 sculptum
1045 1548 1349 1599 contemplatur,
1389 1547 1571 1585 arcessita
1591 1548 1640 1585 ab

133 1609 286 1647 Achate
313 1608 538 1662 Deiphobe,
579 1608 729 1648 Phoebi
774 1608 1011 1658 Triviaeque
1044 1606 1227 1643 sacerdos
1266 1606 1323 1656 (v.
1351 1603 1436 1657 35),
1467 1605 1641 1643 Teucros

134 1673 254 1706 vocat
283 1668 371 1705 alca
394 1670 436 1704 in
469 1669 635 1718 templa,
677 1681 716 1706 v.
743 1665 811 1708 40.
871 1666 979 1703 Haeo
1006 1664 1055 1702 de
1078 1662 1270 1714 Apollinis
1291 1662 1441 1713 templo
1471 1663 1503 1699 si
1536 1663 1641 1700 acci-

134 1726 240 1777 pias,
271 1731 381 1763 totus
399 1738 536 1764 rerum
564 1725 665 1764 ordo
687 1724 901 1772 turbatum
938 1722 1008 1760 sed
1030 1720 1201 1772 Sibyllae
1227 1725 1410 1767 antrum,
1441 1724 1641 1771 μαντεῖον,

133 1782 435 1834 intelligendum
457 1795 558 1831 esse,
588 1783 845 1821 manifestum
864 1781 910 1819 fit
923 1795 933 1830 3
969 1787 1008 1818 et
1031 1777 1243 1816 subiicitur
1264 1778 1418 1815 statim:
1449 1778 1642 1814 Excisum

134 1841 338 1879 Euboicae
358 1841 466 1879 lacus
489 1842 631 1890 ingens
647 1842 760 1890 rapis
782 1838 837 1891 (h.
860 1851 891 1876 e.
915 1836 1082 1885 montis,
1114 1835 1177 1873 cui
1198 1834 1392 1885 templum
1411 1834 1641 1885 impositum

134 1897 237 1951 erat)
267 1900 308 1935 in
330 1906 504 1935 antrum.
539 1898 588 1936 cf.
614 1911 652 1936 v.
676 1900 714 1938 9.
741 1900 792 1938 10
820 1902 859 1935 et
879 1910 964 1948 sup.
994 1894 1059 1942 111,
1091 1893 1185 1934 443.
1244 1892 1366 1931 Abest
1392 1897 1523 1930 autem
1552 1891 1641 1943 pal-

133 1957 206 1993 mis
231 1956 373 1994 CCXX
396 1955 445 1992 ab
467 1956 735 2005 Arcaselici,
770 1968 867 2004 quas
888 1951 1081 2005 Apollinis
1102 1950 1240 2001 templi
1273 1950 1409 1986 ruinas
1430 1961 1512 1985 esse
1532 1949 1640 1985 dixi-

133 2027 241 2061 muS,
273 2019 438 2064 crypta,
470 2012 671 2050 communi
700 2011 885 2063 opinione
920 2024 994 2062 pro
1024 2007 1194 2059 Sibyllae
1227 2012 1344 2044 antro
1377 2005 1523 2042 habita.
1558 2005 1638 2043 vid.

133 2071 322 2109 Mazzella
345 2070 394 2108 de
425 2070 513 2108 Situ
540 2069 691 2108 Puteol.
721 2075 760 2106 et
788 2069 899 2105 Cum.
923 2081 955 2106 c.
980 2069 1047 2108 29.
1110 2065 1150 2101 ln
1178 2064 1365 2101 interiore
1395 2063 1500 2099 antri
1528 2068 1640 2112 parte

133 2129 324 2181 adytum,
355 2128 397 2166 in
417 2141 495 2178 quo
516 2126 720 2179 Deiphobe
744 2126 806 2164 dei
824 2126 1006 2163 asssatum
1032 2121 1274 2172 excipiebat‚·
1315 2120 1397 2172 ipse
1421 2119 1570 2157 Aeneas
1587 2120 1639 2157 ad

132 2188 353 2239 ingressum
375 2185 483 2223 antri
511 2185 768 2223 substiterat:
798 2183 892 2222 vide
912 2197 949 2221 v.
969 2182 1024 2223 45
1052 2182 1097 2219 V
1092 2189 1224 2217 enlzim
1249 2186 1331 2216 erat
1357 2177 1415 2214 (ul
1442 2179 1563 2214 limen
1600 2182 1639 2214 et

134 2247 186 2287 81
217 2245 333 2282 Ostia
356 2245 517 2294 iamque
543 2243 685 2280 domus
707 2250 873 2292 patuere
891 2262 948 2268 —
968 2245 1008 2277 et
1041 2240 1094 2279 98
1123 2236 1286 2273 'l'alibzis
1318 2249 1365 2271 ex
1384 2235 1503 2285 αῖζγίο
1523 2234 1639 2271 ‹lic-lis

136 2325 204 2340 —.
236 2301 401 2339 Difficile
420 2307 553 2338 tamen
581 2307 641 2338 est
674 2299 725 2337 ad
757 2296 1064 2349 assequendum,
1096 2307 1197 2345 quae
1227 2292 1302 2332 loci
1335 2293 1480 2342 species
1501 2290 1576 2328 hae
1598 2291 1638 2328 in

133 2365 249 2411 parte
278 2364 418 2410 poetae
450 2358 582 2395 animo
614 2357 825 2396 obversata
852 2357 913 2393 sit.
971 2354 1071 2392 Vide
1101 2351 1222 2389 enim:
1263 2355 1401 2388 narrat
1432 2363 1488 2387 vs.
1512 2350 1565 2390 42
1597 2349 1639 2386 in

132 2417 245 2467 rupis
281 2417 479 2454 Cumanae
508 2415 630 2453 latere
672 2423 832 2452 antrum
852 2443 861 2460 ‚
904 2427 981 2464 quo
1014 2413 1092 2449 lali
1125 2410 1274 2446 ducunt
1302 2408 1436 2444 aditus
1465 2414 1635 2453 (reolum,

133 2477 235 2511 ostia
256 2483 412 2511 centnm
426 2503 436 2521 ‚
471 2474 575 2510 uncle
599 2481 718 2510 ruant
748 2473 910 2510 totidem
933 2484 1045 2507 voces
1059 2497 1069 2515 ,
1103 2480 1293 2517 responsa
1313 2464 1502 2514 Sibyllae.
1566 2464 1639 2499 Se-

134 2531 314 2570 cundum
343 2530 441 2568 haec
461 2543 619 2568 censeas
647 2530 753 2568 antri
772 2529 906 2567 aditus
928 2534 968 2565 et
991 2527 1091 2565 ostia
1115 2524 1252 2576 plura,
1293 2535 1433 2570 magno
1459 2533 1638 2566 numero,

133 2589 263 2628 fuisse.
329 2588 517 2626 Attamen
550 2587 774 2638 subiungit:
828 2594 988 2623 rentum
1014 2591 1098 2621 erat
1131 2582 1189 2618 acl
1214 2582 1363 2617 limen.-
1415 2578 1523 2627 quod
1547 2590 1638 2614 sane

135 2661 215 2685 non
234 2647 368 2698 potuit
398 2659 479 2683 esse
505 2652 666 2684 eentum
685 2646 900 2692 ostiorum,
937 2642 1007 2682 sed
1040 2645 1200 2678 tantum
1221 2639 1366 2675 nnius:
1406 2640 1512 2673 stant
1537 2648 1638 2683 quo-

133 2717 210 2755 que
231 2718 287 2742 VS.
306 2705 360 2744 47
381 2704 618 2754 (inlesoreS,
654 2715 795 2753 easque
817 2702 980 2739 clausas,
1040 2699 1139 2736 Nam
1157 2709 1196 2734 v.
1219 2695 1284 2736 52.
1317 2695 1370 2734 53
1390 2706 1513 2743 neque
1534 2693 1637 2726 emm

132 2770 225 2799 ante
244 2761 444 2799 dehiscent
468 2763 659 2799 attonitae
682 2774 839 2810 magna
871 2773 940 2796 ora
959 2758 1114 2795 domus.
1179 2753 1299 2791 Fores
1323 2763 1417 2786 mox
1447 2748 1635 2799 aperiun—

132 2825 201 2857 tur
223 2824 264 2856 et
287 2818 437 2869 Sibylla
456 2818 496 2855 in
519 2818 689 2869 adytum
707 2817 848 2866 irruit,
879 2829 972 2854 nam
990 2829 1028 2853 v.
1047 2815 1101 2855 98
1120 2810 1269 2849 talibus
1288 2821 1336 2845 ex
1358 2806 1478 2855 adyto
1501 2804 1632 2842 (lictis.

132 2876 335 2914 enimvero
356 2888 464 2912 nunc
481 2889 538 2913 VS.
565 2879 616 2916 81
643 2882 756 2927 poeta
777 2882 933 2912 ceolum
952 2875 1054 2909 ostia
1079 2872 1290 2908 memorat:
1339 2864 1451 2899 Ostia
1475 2863 1636 2911 iamque

131 2935 272 2972 (lomus
286 2940 454 2983 patuere
476 2934 658 2982 ingentia
679 2941 834 2971 censum
852 2938 989 2982 sponte
1008 2942 1083 2967 sua
1105 2927 1282 2976 salisque
1295 2920 1432 2970 fisum
1449 2931 1636 2968 reSPO'LW

201 3002 410 3050 Vmssn„
445 3001 585 3048 TOM.
623 3001 684 3051 ΙΙ.
1291 2988 1358 3034 64
