1811 3388
397 240 805 291 AENEIDOS
843 244 984 295 LIB.
1024 249 1115 310 VI,
1148 255 1432 310 782—789
1559 269 1655 316 979

157 361 452 426 Imperium
471 365 648 428 terris,
688 367 894 417 animos
917 372 1163 437 aequabit
1189 377 1436 445 Olympo,

160 432 490 496 Septemque
511 450 617 482 una
644 435 740 485 sibi
763 454 920 487 muro
949 440 1295 495 circumdabit
1317 465 1473 514 arces,

156 498 299 547 Felix
325 500 476 564 prole
499 503 692 555 virum:
742 508 905 572 qualis
925 510 1231 576 Berecyntia
1255 526 1423 567 mater

154 568 429 618 Invehitur
457 588 613 622 curru
640 575 887 640 Phrygias
912 581 1092 629 turrita
1122 601 1221 648 per
1242 586 1401 650 urbiS‚

154 639 311 686 Laeta
336 638 498 688 deum
527 652 704 708 partu,
740 656 955 696 centum
981 652 1234 717 conplexa
1252 666 1492 722 nepoteS‚

158 707 346 755 Omnis
372 710 652 761 coelicolas
668 754 680 776 ‚
723 718 896 765 omnis
918 734 1107 783 supera
1131 723 1231 772 alta
1251 728 1491 778 tenentis,

154 778 269 826 Huc
300 780 538 842 geminas
571 799 714 832 nunc
745 784 899 836 flecte
924 789 1084 852 acies3
1122 791 1257 843 hanc
1291 795 1500 861 adspice
1527 812 1654 862 gen—

931 865 1056 922 tem,

1558 530 1656 576 785

153 961 210 1006 qui
230 961 396 1006 indagare
416 966 511 1008 velit,
536 977 678 1012 operam
697 970 849 1003 lusurum
868 979 971 1016 put03
999 987 1201 1021 quamquam
1218 979 1335 1012 fateor
1355 982 1497 1014 verbum
1516 983 1654 1027 quidem

151 1010 338 1054 auspicari
354 1010 524 1046 interdum
545 1015 588 1047 de
618 1017 721 1049 rebus
748 1016 955 1061 incipiendis
984 1022 1070 1064 dici,
1106 1024 1168 1056 sed
1198 1037 1267 1057 non
1302 1027 1344 1058 ab
1377 1040 1501 1061 aureae
1529 1030 1654 1062 aetatis

150 1055 392 1099 scriptoribus.
435 1061 555 1105 ltaque
576 1063 688 1095 liuius
708 1066 882 1109 auspiciis
901 1078 982 1100 sane
1002 1069 1045 1101 ad
1066 1082 1209 1114 regumn
1226 1073 1365 1105 Romuli
1384 1075 1544 1119 auspiciis
1565 1087 1652 1108 con—

150 1101 301 1134 dendum
320 1105 488 1146 referam;
513 1119 582 1140 non
602 1116 676 1142 erat
696 1117 830 1151 tamen,
862 1123 968 1155 quare
998 1124 1106 1158 nata,
1142 1118 1197 1150 vel
1216 1120 1385 1161 condita,
1411 1122 1503 1166 quod
1531 1134 1594 1166 per
1614 1135 1652 1155 sc

149 1148 299 1192 intelligi
313 1150 414 1184 facile
438 1160 590 1197 poterat,
614 1156 834 1199 adficeretur,
856 1162 1073 1202 praesertim,
1098 1175 1200 1207 quum
1219 1177 1407 1209 pronomen
1426 1168 1493 1200 illa
1504 1169 1651 1201 futuram

150 1196 382 1239 originem
406 1200 590 1244 respiciat3
626 1203 695 1235 vid.
720 1205 762 1244 Q.
784 1205 825 1237 V.
854 1206 955 1245 XXI,
996 1211 1025 1249 l,
1053 1209 1085 1243 b.
1117 1211 1209 1254 Wr.)
1258 1212 1406 1255 Eadem,
1441 1226 1542 1258 quam
1576 1227 1650 1247 me-

149 1243 366 1277 morabamus
380 1271 388 1285 ‚
414 1247 563 1280 varietas
582 1248 617 1281 in
643 1262 741 1282 versu
762 1251 934 1285 Enniano:
961 1253 1001 1297 (ἶ)
1022 1254 1090 1288 vid.
1110 1257 1193 1290 Not.
1216 1258 1311 1301 IVr.)
1336 1259 1394 1292 lzis
1416 1269 1505 1293 nata
1524 1264 1650 1306 auspi-

148 1290 213 1321 ciis
229 1290 297 1322 illa
316 1292 457 1325 incluta
474 1297 602 1336 Roma,
621 1297 713 1339 quod
733 1296 808 1329 aliis
827 1302 883 1330 En
897 1300 1103 1334 halus-ante
1123 1316 1226 1349 (casp.
1242 1316 1299 1348 ap.
1312 1308 1406 1339 Serv.
1425 1307 1468 1339 ad
1480 1309 1553 1346 VII,
1571 1309 1649 1347 678,

148 1335 208 1367 ubi
226 1348 257 1368 v.
275 1337 389 1371 ssurm.
484 1342 551 1375 783
577 1355 696 1376 annos
719 1343 809 1376 coni.
839 1346 1078 1388 Heumannus;
1112 1361 1237 1394 nempe
1265 1351 1344 1395 quia
1373 1360 1510 1386 aeterna
1539 1355 1649 1386 Roma

147 1381 250 1416 dicta.
299 1385 367 1416 Sed
395 1398 515 1430 parum
545 1401 649 1421 suave
678 1396 730 1422 est
748 1390 855 1423 illud:
890 1404 1008 1427 annos
1042 1407 1200 1440 aequare
1235 1398 1402 1443 Olympo,
1447 1407 1483 1432 ut
1510 1411 1553 1432 ne
1581 1400 1647 1432 uisi

148 1441 223 1461 cum
255 1428 331 1474 ipso
361 1432 456 1465 caelo
482 1441 615 1478 pereat.
658 1435 868 1482 fimzczmque
892 1440 1013 1473 melius
1031 1442 1080 1474 Io.
1113 1442 1296 1476 Schrader.
1343 1448 1390 1477 At
1416 1447 1555 1479 animos
1574 1447 1648 1479 cel-

146 1487 204 1508 sos
226 1482 260 1508 et
281 1477 346 1510 diis
367 1478 494 1512 virtute
518 1494 619 1525 pares
638 1482 789 1524 habere,
826 1497 891 1529 qua
908 1486 952 1518 ad
972 1487 1103 1520 caelum
1127 1489 1275 1522 educant
1300 1502 1446 1532 nomen,
1480 1504 1647 1536 generosa

145 1533 200 1554 res
226 1529 289 1555 est.
339 1527 549 1572 animosque
565 1528 669 1562 Witt.
718 1533 890 1575 aequavit
908 1533 1051 1566 Mentel.
1070 1547 1089 1567 a
1110 1547 1153 1566 m.
1170 1548 1223 1579 pr.
1271 1538 1310 1569 In
1329 1538 1440 1570 Servii
1462 1546 1545 1572 nota
1562 1540 1647 1572 sub—

144 1568 300 1612 iungitur
319 1571 363 1602 ad
388 1573 478 1606 hunc
502 1586 652 1608 versum:
678 1579 732 1608 De
748 1579 816 1610 lzoc
840 1586 960 1611 autem
982 1580 1059 1614 loco
1081 1589 1117 1613 et
1142 1584 1287 1626 Trogus
1307 1592 1342 1616 et
1361 1584 1504 1618 Probas
1532 1598 1646 1630 quae—

145 1625 243 1648 rant.
293 1617 385 1657 Quid
406 1619 494 1652 illud
514 1621 640 1663 fuerit,
675 1623 768 1666 quod
787 1632 1011 1668 quaererent,
1036 1638 1106 1659 non
1137 1640 1315 1673 assequor.
1367 1632 1511 1676 Trogus
1534 1639 1647 1664 autem

145 1673 226 1707 esse¹
251 1663 391 1696 videtur
416 1667 601 1711 Pompeius
632 1668 856 1703 historiarum
886 1672 1158 1717 Philippicarum
1180 1675 1362 1718 conditor,
1387 1688 1487 1721 quem
1505 1677 1541 1710 in
1563 1678 1646 1711 Vir-

143 1708 281 1752 gilium,
307 1711 401 1744 euius
427 1713 502 1746 fere
523 1715 676 1758 aequalis
702 1716 809 1749 fuisse
827 1717 950 1759 debet,
977 1726 1244 1753 commentatum
1269 1734 1365 1764 esse,
1390 1723 1484 1757 nulla
1508 1724 1645 1757 aliunde

143 1761 198 1787 est
221 1757 386 1801 suspicio.
432 1759 610 1793 Laudatur
638 1762 777 1806 quidem
798 1764 935 1808 Trogus
955 1777 974 1798 a
998 1766 1120 1799 Servio
1146 1767 1190 1799 ad
1209 1770 1293 1800 Aen.
1314 1770 1369 1809 111,
1396 1771 1472 1804 108.
1506 1772 1566 1811 lV,
1590 1772 1645 1812 37,

141 1802 204 1834 sed
221 1814 261 1835 ex
281 1803 450 1838 historiis.
498 1808 604 1840 Forte
622 1808 690 1852 leg.
710 1811 896 1855 Hyginus.
990 1812 1061 1847 784
1085 1814 1319 1847 circumdedit
1345 1815 1433 1848 alter
1457 1817 1644 1862 Hamburg.

142 1848 298 1891 (—785.
324 1853 568 1897 Berechyntia
594 1855 734 1897 Medic„
759 1857 853 1900 quod
879 1869 920 1890 ex
948 1860 1192 1902 Berecynthia
1217 1867 1347 1902 ortum,
1383 1862 1450 1895 vid.
1475 1864 1517 1896 V.
1540 1864 1580 1896 L.
1601 1864 1645 1896 ad

141 1896 204 1937 XI,
232 1895 321 1937 184„
347 1898 409 1930 sed
427 1900 450 1931 Ιι
471 1900 574 1933 rubra
595 1901 724 1936 lineola
749 1903 925 1946 transfixa,
951 1912 986 1938 et
1006 1906 1131 1938 eadem
1151 1905 1255 1940 litera
1281 1908 1401 1941 eodem
1423 1909 1541 1942 colore
1562 1910 1643 1943 lite-

140 1953 200 1974 rae
227 1951 242 1975 t
270 1945 513 1987 superaddita3
547 1950 792 1991 Berecynthia
819 1949 854 1981 in
893 1951 1016 1984 eodem
1047 1952 1124 1985 cod.
1149 1954 1221 1994 ΙΧ,
1266 1954 1320 1989 82.
1343 1961 1378 1987 et
1402 1957 1644 1999 Bereclzyntia

139 1989 204 2030 IX,
230 1990 309 2024 619.
363 1993 606 2035 Verecyntlzia
626 1994 684 2027 hic
702 1997 815 2036 Rom„
844 1998 1063 2040 Verecyntz'a
1090 2000 1154 2039 IX,
1183 2000 1260 2033 619.
1309 2001 1378 2033 Sed
1407 1999 1642 2044 Βερέκυντος,

140 2036 381 2079 Βερεκυντία,
407 2037 442 2070 in
473 2040 614 2072 Graecis
645 2042 896 2086 exemplaribus
933 2044 1039 2076 scribi
1073 2045 1181 2086 solet,
1219 2057 1420 2090 quamquam
1453 2053 1507 2080 est
1527 2048 1642 2088 etiam,

139 2082 199 2114 ubi
223 2080 478 2127 Βὲρέκυνθος,
512 2087 764 2131 Βερεκυνθία,
800 2088 947 2132 legatur.
987 2089 1080 2133 lVr.)
1184 2092 1252 2126 786
1276 2093 1363 2125 Plzr.
1387 2094 1486 2126 itura
1509 2094 1639 2127 Zulieh.

140 2128 210 2171 (—-
225 2131 304 2164 788.
331 2134 489 2165 tenentis
512 2133 651 2173 Medic„
676 2135 738 2166 sed
758 2136 773 2167 ι’
787 2135 823 2167 in
844 2148 863 2167 e
880 2142 1042 2170 mutatur.
1071 2135 1171 2179 lVr.)
1265 2138 1332 2174 789
1354 2139 1424 2171 Ιιασ
1442 2141 1556 2184 flecte
1577 2142 1639 2173 Ge.

135 2172 318 2208 Fab'ricius
338 2178 488 2210 malebat
513 2186 546 2211 et
563 2179 691 2221 Cerda,
718 2188 753 2213 ut
771 2181 983 2226 repetitione
1007 2183 1176 2216 excitetur
1200 2183 1341 2217 animus.
1387 2186 1456 2218 Sed
1474 2192 1639 2220 constan—

136 2227 208 2254 tem
222 2222 390 2255 librorum
408 2224 594 2258 lectionem
615 2227 793 2260 revocavit
810 2228 988 2270 Heinsius;
1019 2230 1085 2263 nisi
1116 2230 1209 2274 quod
1237 2231 1343 2264 modo
1362 2232 1409 2277 fl.
1431 2244 1488 2277 qu.
1508 2233 1636 2266 Moret.

136 2269 219 2301 Mox
237 2271 374 2315 respice
398 2272 533 2314 Hugen.

135 2364 238 2401 latus
252 2364 360 2414 apud
379 2364 517 2403 isidor.
532 2366 672 2415 XVIII,
697 2371 729 2408 1.
753 2368 861 2417 (Vir-

135 2421 228 2471 gilii,
260 2434 341 2458 non
366 2422 494 2470 Ennii,
528 2435 608 2460 esse
629 2423 738 2462 hunc
765 2438 861 2463 ver-

135 2491 244 2525 sum,
287 2479 480 2529 Enniique
509 2493 654 2518 nomen
686 2494 735 2519 ex
765 2495 859 2520 ver—

135 2535 195 2572 bis
211 2535 258 2572 ab
272 2535 383 2573 initio
396 2534 534 2587 positis
546 2539 611 2574 En
622 2539 742 2575 huius
758 2553 857 2578 con—

134 2593 275 2631 flatum
300 2606 379 2630 esse
403 2594 687 2633 animadvertit
708 2596 855 2634 Planck

134 2650 175 2687 in
205 2651 254 2700 Q.
278 2652 403 2688 Ennii
424 2653 573 2688 Alleclea
599 2667 636 2703 p.
671 2656 709 2694 2.
735 2653 853 2706 lVr.)

133 2709 229 2749 783.
260 2721 379 2757 quam
406 2709 610 2757 magnifice
629 2724 724 2761 pro,
757 2725 855 2749 con-

133 2763 254 2801 detur
269 2766 411 2802 Roma!
451 2766 662 2817 Imperium
695 2768 746 2806 ad
770 2775 855 2807 ter—

131 2835 268 2859 rarum
295 2822 392 2860 fines
412 2824 610 2873 proferet,
641 2825 793 2864 virtute
813 2833 852 2864 et

131 2879 455 2929 magnanimitate
484 2882 688 2932 superabit
719 2897 853 2922 omnes

131 2937 331 2974 mortales,
392 2936 566 2976 Obvium
595 2938 690 2990 hoc,
734 2947 773 2979 et
801 2941 855 2979 si-

920 2369 1026 2407 milia
1039 2370 1187 2408 Romae
1204 2371 1414 2421 praeconia
1435 2372 1542 2423 apud
1564 2386 1635 2411 ve-

918 2432 1022 2465 teres
1067 2428 1260 2478 congessit
1315 2429 1441 2466 multa
1489 2430 1635 2479 Cei-da3

917 2484 1035 2521 etiam
1056 2484 1104 2522 de
1125 2490 1274 2535 septem
1293 2486 1470 2524 collibus.
1493 2487 1635 2538 (Docta

913 2541 1120 2592 Pomponii
1153 2542 1241 2580 sab.
1273 2542 1324 2580 ad
1360 2557 1399 2582 V.
1429 2544 1512 2585 784
1539 2552 1634 2582 nota

913 2610 963 2635 ex
990 2599 1148 2650 Dionys,
1175 2599 1314 2648 Halic.,
1353 2601 1565 2639 Plutarcho
1593 2602 1631 2639 in

911 2656 1083 2694 Romulo
1112 2662 1149 2694 et
1175 2657 1292 2695 Festo
1327 2657 1369 2695 in
1400 2660 1534 2696 Roma
1560 2658 1630 2695 de-

912 2713 1060 2764 scripta
1091 2713 1178 2766 est.)
1237 2714 1320 2755 785
1339 2736 1394 2744 -—
1413 2718 1507 2758 788.
1547 2715 1629 2752 Au-

911 2777 1026 2821 gusta
1050 2771 1178 2822 imago
1208 2771 1370 2822 Cybeles
1401 2785 1472 2823 per
1500 2771 1629 2822 Phry-

908 2828 1011 2878 giam
1028 2829 1208 2868 invectae
1220 2828 1286 2880 (ex
1301 2829 1383 2866 ritu
1395 2829 1628 2880 sacrorum),

910 2899 1011 2935 quae
1028 2892 1085 2924 est
1109 2887 1226 2924 deum.
1247 2888 1396 2923 Mater.
1449 2885 1627 2922 Assiniu-

913 2942 1023 2982 latur
1044 2945 1193 2991 Roma,
1237 2954 1338 2991 quae
1373 2948 1436 2980 tot
1466 2956 1627 2993 magnos

1233 3010 1350 3053 62*
