<?xml version="1.0" encoding="UTF-8"?>
<!DOCTYPE html PUBLIC "-//W3C//DTD XHTML 1.0 Transitional//EN"
    "http://www.w3.org/TR/xhtml1/DTD/xhtml1-transitional.dtd">
<html xmlns="http://www.w3.org/1999/xhtml" xml:lang="en" lang="en">
 <head>
  <title>
</title>
<meta http-equiv="Content-Type" content="text/html;charset=utf-8" />
  <meta name='ocr-system' content='tesseract 3.04.00' />
  <meta name='ocr-capabilities' content='ocr_page ocr_carea ocr_par ocr_line ocrx_word'/>
</head>
<body>
  <div class='ocr_page' id='page_1' title='image "./publiusvirgilius02virguoft/publiusvirgilius02virguoft_0401.png"; bbox 0 0 1811 3388; ppageno 0'>
   <div class='ocr_carea' id='block_1_1' title="bbox 538 189 1684 242">
    <p class='ocr_par' dir='ltr' id='par_1_1' title="bbox 538 189 1684 242">
     <span class='ocr_line' id='line_1_1' title="bbox 538 189 1684 242; baseline 0.003 -3"><span class='ocrx_word' id='word_1_1' title='bbox 538 189 1301 239; x_wconf 85' lang='lat' dir='ltr'>ADLIBRUMII</span> <span class='ocrx_word' id='word_1_2' title='bbox 1583 195 1684 242; x_wconf 82' lang='lat'>393</span> 
     </span>
    </p>
   </div>
   <div class='ocr_carea' id='block_1_2' title="bbox 168 313 1695 2971">
    <p class='ocr_par' dir='ltr' id='par_1_2' title="bbox 168 313 1689 950">
     <span class='ocr_line' id='line_1_2' title="bbox 169 313 1687 369; baseline -0.002 -10"><span class='ocrx_word' id='word_1_3' title='bbox 169 328 255 360; x_wconf 85' lang='lat' dir='ltr'>tum</span> <span class='ocrx_word' id='word_1_4' title='bbox 278 321 326 358; x_wconf 91' lang='lat' dir='ltr'>ab</span> <span class='ocrx_word' id='word_1_5' title='bbox 348 319 518 358; x_wconf 86' lang='lat' dir='ltr'>Admeto</span> <span class='ocrx_word' id='word_1_6' title='bbox 539 317 687 369; x_wconf 85' lang='lat' dir='ltr'>Argivo</span> <span class='ocrx_word' id='word_1_7' title='bbox 720 317 763 354; x_wconf 89' lang='lat' dir='ltr'>in</span> <span class='ocrx_word' id='word_1_8' title='bbox 791 330 921 368; x_wconf 80' lang='lat' dir='ltr'>pugna</span> <span class='ocrx_word' id='word_1_9' title='bbox 950 322 1151 354; x_wconf 80' lang='lat' dir='ltr'>nocturna</span> <span class='ocrx_word' id='word_1_10' title='bbox 1180 313 1252 369; x_wconf 88' lang='lat' dir='ltr'>(sc.</span> <span class='ocrx_word' id='word_1_11' title='bbox 1285 329 1385 366; x_wconf 87' lang='lat' dir='ltr'>quae</span> <span class='ocrx_word' id='word_1_12' title='bbox 1419 322 1534 368; x_wconf 89' lang='lat' dir='ltr'>capta</span> <span class='ocrx_word' id='word_1_13' title='bbox 1568 318 1687 356; x_wconf 89' lang='lat' dir='ltr'>Troia</span> 
     </span>
     <span class='ocr_line' id='line_1_3' title="bbox 168 373 1687 431; baseline -0.003 -14"><span class='ocrx_word' id='word_1_14' title='bbox 168 381 274 418; x_wconf 87' lang='lat' dir='ltr'>sacta</span> <span class='ocrx_word' id='word_1_15' title='bbox 293 377 392 431; x_wconf 85' lang='lat' dir='ltr'>est),</span> <span class='ocrx_word' id='word_1_16' title='bbox 425 383 463 414; x_wconf 85' lang='lat' dir='ltr'>et</span> <span class='ocrx_word' id='word_1_17' title='bbox 480 374 745 428; x_wconf 82' lang='lat' dir='ltr'>Lycomedem</span> <span class='ocrx_word' id='word_1_18' title='bbox 765 375 949 412; x_wconf 88' lang='lat' dir='ltr'>Creontis</span> <span class='ocrx_word' id='word_1_19' title='bbox 971 375 997 412; x_wconf 88' lang='lat' dir='ltr'>s.</span> <span class='ocrx_word' id='word_1_20' title='bbox 1022 374 1071 411; x_wconf 90' lang='lat' dir='ltr'>ab</span> <span class='ocrx_word' id='word_1_21' title='bbox 1091 374 1291 426; x_wconf 76' lang='lat' dir='ltr'>Agenore,</span> <span class='ocrx_word' id='word_1_22' title='bbox 1325 373 1513 411; x_wconf 75' lang='lat' dir='ltr'><strong>Aethram</strong></span> <span class='ocrx_word' id='word_1_23' title='bbox 1541 388 1563 411; x_wconf 89' lang='lat' dir='ltr'>a</span> <span class='ocrx_word' id='word_1_24' title='bbox 1596 375 1687 413; x_wconf 83' lang='lat' dir='ltr'>filiis</span> 
     </span>
     <span class='ocr_line' id='line_1_4' title="bbox 169 430 1688 488; baseline -0.003 -14"><span class='ocrx_word' id='word_1_25' title='bbox 169 436 363 488; x_wconf 82' lang='lat' dir='ltr'>agnitam3</span> <span class='ocrx_word' id='word_1_26' title='bbox 393 434 675 486; x_wconf 86' lang='lat' dir='ltr'>Astyanactem</span> <span class='ocrx_word' id='word_1_27' title='bbox 692 432 741 470; x_wconf 87' lang='lat' dir='ltr'>de</span> <span class='ocrx_word' id='word_1_28' title='bbox 761 432 865 470; x_wconf 87' lang='lat' dir='ltr'>turri</span> <span class='ocrx_word' id='word_1_29' title='bbox 899 432 1121 481; x_wconf 80' lang='lat' dir='ltr'>deiectum3</span> <span class='ocrx_word' id='word_1_30' title='bbox 1165 430 1320 469; x_wconf 84' lang='lat' dir='ltr'><strong>Aeneae</strong></span> <span class='ocrx_word' id='word_1_31' title='bbox 1348 445 1521 469; x_wconf 76' lang='lat' dir='ltr'>uxorem</span> <span class='ocrx_word' id='word_1_32' title='bbox 1551 432 1688 484; x_wconf 85' lang='lat' dir='ltr'>Eury—</span> 
     </span>
     <span class='ocr_line' id='line_1_5' title="bbox 170 489 1688 544; baseline -0.002 -13"><span class='ocrx_word' id='word_1_33' title='bbox 170 494 305 543; x_wconf 71' lang='lat' dir='ltr'>dicen,</span> <span class='ocrx_word' id='word_1_34' title='bbox 334 492 560 544; x_wconf 83' lang='lat' dir='ltr'><strong>Astynoum</strong></span> <span class='ocrx_word' id='word_1_35' title='bbox 582 505 604 529; x_wconf 90' lang='lat' dir='ltr'>a</span> <span class='ocrx_word' id='word_1_36' title='bbox 625 491 883 542; x_wconf 84' lang='lat' dir='ltr'>Neoptolemo</span> <span class='ocrx_word' id='word_1_37' title='bbox 902 490 1180 539; x_wconf 73' lang='lat' dir='ltr'>intersectum,</span> <span class='ocrx_word' id='word_1_38' title='bbox 1209 489 1464 527; x_wconf 85' lang='lat' dir='ltr'>Helicaonem</span> <span class='ocrx_word' id='word_1_39' title='bbox 1484 489 1526 527; x_wconf 87' lang='lat' dir='ltr'>in</span> <span class='ocrx_word' id='word_1_40' title='bbox 1550 490 1688 528; x_wconf 87' lang='lat' dir='ltr'>eadem</span> 
     </span>
     <span class='ocr_line' id='line_1_6' title="bbox 169 547 1688 605; baseline -0.004 -14"><span class='ocrx_word' id='word_1_41' title='bbox 169 550 417 605; x_wconf 67' lang='grc' dir='ltr'><strong><em>νυκτομαχίᾳ</em></strong></span> <span class='ocrx_word' id='word_1_42' title='bbox 438 550 715 599; x_wconf 79' lang='lat' dir='ltr'>vulneratum3</span> <span class='ocrx_word' id='word_1_43' title='bbox 747 548 939 586; x_wconf 84' lang='lat' dir='ltr'>Eioneum</span> <span class='ocrx_word' id='word_1_44' title='bbox 969 561 1129 585; x_wconf 88' lang='lat' dir='ltr'>caesum</span> <span class='ocrx_word' id='word_1_45' title='bbox 1160 562 1181 584; x_wconf 86' lang='lat' dir='ltr'>a</span> <span class='ocrx_word' id='word_1_46' title='bbox 1211 547 1494 599; x_wconf 83' lang='lat' dir='ltr'>Neoptolemo,</span> <span class='ocrx_word' id='word_1_47' title='bbox 1536 547 1688 585; x_wconf 88' lang='lat' dir='ltr'>Adme-</span> 
     </span>
     <span class='ocr_line' id='line_1_7' title="bbox 169 605 1689 657; baseline -0.002 -12"><span class='ocrx_word' id='word_1_48' title='bbox 169 616 257 646; x_wconf 85' lang='lat' dir='ltr'>tum</span> <span class='ocrx_word' id='word_1_49' title='bbox 279 621 298 645; x_wconf 86' lang='lat' dir='ltr'>a</span> <span class='ocrx_word' id='word_1_50' title='bbox 324 607 566 657; x_wconf 69' lang='lat' dir='ltr'>Philoctete,</span> <span class='ocrx_word' id='word_1_51' title='bbox 598 607 822 645; x_wconf 75' lang='lat' dir='ltr'>Coroebum</span> <span class='ocrx_word' id='word_1_52' title='bbox 844 620 864 642; x_wconf 90' lang='lat' dir='ltr'>a</span> <span class='ocrx_word' id='word_1_53' title='bbox 889 605 1100 655; x_wconf 81' lang='lat' dir='ltr'>Diomede3</span> <span class='ocrx_word' id='word_1_54' title='bbox 1133 605 1335 643; x_wconf 82' lang='lat' dir='ltr'>Priamum</span> <span class='ocrx_word' id='word_1_55' title='bbox 1367 605 1415 642; x_wconf 86' lang='lat' dir='ltr'>ab</span> <span class='ocrx_word' id='word_1_56' title='bbox 1440 619 1509 643; x_wconf 86' lang='lat' dir='ltr'>ara</span> <span class='ocrx_word' id='word_1_57' title='bbox 1530 606 1689 643; x_wconf 89' lang='lat' dir='ltr'>abstra-</span> 
     </span>
     <span class='ocr_line' id='line_1_8' title="bbox 169 663 1688 714; baseline -0.001 -11"><span class='ocrx_word' id='word_1_58' title='bbox 169 672 280 703; x_wconf 80' lang='lat' dir='ltr'>ctum</span> <span class='ocrx_word' id='word_1_59' title='bbox 310 671 350 703; x_wconf 87' lang='lat' dir='ltr'>et</span> <span class='ocrx_word' id='word_1_60' title='bbox 379 672 469 703; x_wconf 87' lang='lat' dir='ltr'>ante</span> <span class='ocrx_word' id='word_1_61' title='bbox 497 667 604 703; x_wconf 90' lang='lat' dir='ltr'>fores</span> <span class='ocrx_word' id='word_1_62' title='bbox 637 677 796 702; x_wconf 87' lang='lat' dir='ltr'>caesum</span> <span class='ocrx_word' id='word_1_63' title='bbox 834 678 853 700; x_wconf 90' lang='lat' dir='ltr'>a</span> <span class='ocrx_word' id='word_1_64' title='bbox 887 664 1170 714; x_wconf 79' lang='lat' dir='ltr'>Neoptole11103</span> <span class='ocrx_word' id='word_1_65' title='bbox 1211 663 1434 712; x_wconf 75' lang='lat' dir='ltr'>Axionem,</span> <span class='ocrx_word' id='word_1_66' title='bbox 1476 663 1620 701; x_wconf 83' lang='lat' dir='ltr'>Priami</span> <span class='ocrx_word' id='word_1_67' title='bbox 1649 664 1688 712; x_wconf 87' lang='lat' dir='ltr'>s.,</span> 
     </span>
     <span class='ocr_line' id='line_1_9' title="bbox 170 721 1689 775; baseline -0.002 -14"><span class='ocrx_word' id='word_1_68' title='bbox 170 723 218 761; x_wconf 89' lang='lat' dir='ltr'>ab</span> <span class='ocrx_word' id='word_1_69' title='bbox 248 724 478 775; x_wconf 83' lang='lat' dir='ltr'>Eurypylo,</span> <span class='ocrx_word' id='word_1_70' title='bbox 510 725 732 775; x_wconf 82' lang='lat' dir='ltr'>Agenorem</span> <span class='ocrx_word' id='word_1_71' title='bbox 753 736 774 759; x_wconf 88' lang='lat' dir='ltr'>a</span> <span class='ocrx_word' id='word_1_72' title='bbox 797 722 1071 774; x_wconf 83' lang='lat' dir='ltr'>Neoptolemo.</span> <span class='ocrx_word' id='word_1_73' title='bbox 1133 722 1256 769; x_wconf 82' lang='lat' dir='ltr'>Quod</span> <span class='ocrx_word' id='word_1_74' title='bbox 1276 722 1306 758; x_wconf 93' lang='lat' dir='ltr'>si</span> <span class='ocrx_word' id='word_1_75' title='bbox 1337 721 1442 758; x_wconf 90' lang='lat' dir='ltr'>idem</span> <span class='ocrx_word' id='word_1_76' title='bbox 1474 721 1689 759; x_wconf 78' lang='lat' dir='ltr'>Pausanias</span> 
     </span>
     <span class='ocr_line' id='line_1_10' title="bbox 169 781 1689 834; baseline 0.002 -16"><span class='ocrx_word' id='word_1_77' title='bbox 169 781 331 819; x_wconf 83' lang='lat' dir='ltr'>Leschei</span> <span class='ocrx_word' id='word_1_78' title='bbox 351 782 513 820; x_wconf 84' lang='lat' dir='ltr'>Iliadem</span> <span class='ocrx_word' id='word_1_79' title='bbox 537 794 705 834; x_wconf 88' lang='lat' dir='ltr'>parvam</span> <span class='ocrx_word' id='word_1_80' title='bbox 730 793 909 817; x_wconf 88' lang='lat' dir='ltr'>seorsum</span> <span class='ocrx_word' id='word_1_81' title='bbox 939 786 1159 829; x_wconf 88' lang='lat' dir='ltr'>memorat,</span> <span class='ocrx_word' id='word_1_82' title='bbox 1198 785 1242 817; x_wconf 90' lang='lat' dir='ltr'>ut</span> <span class='ocrx_word' id='word_1_83' title='bbox 1276 792 1308 816; x_wconf 89' lang='lat' dir='ltr'>c.</span> <span class='ocrx_word' id='word_1_84' title='bbox 1337 782 1392 821; x_wconf 78' lang='lat'>26</span> <span class='ocrx_word' id='word_1_85' title='bbox 1423 792 1485 830; x_wconf 86' lang='lat' dir='ltr'>pr.</span> <span class='ocrx_word' id='word_1_86' title='bbox 1519 793 1557 831; x_wconf 87' lang='lat' dir='ltr'>p.</span> <span class='ocrx_word' id='word_1_87' title='bbox 1590 781 1689 828; x_wconf 80' lang='lat'>862,</span> 
     </span>
     <span class='ocr_line' id='line_1_11' title="bbox 170 836 1688 892; baseline -0.001 -16"><span class='ocrx_word' id='word_1_88' title='bbox 170 839 389 877; x_wconf 89' lang='lat' dir='ltr'>seiunctam</span> <span class='ocrx_word' id='word_1_89' title='bbox 413 838 520 878; x_wconf 86' lang='lat' dir='ltr'>hanc</span> <span class='ocrx_word' id='word_1_90' title='bbox 545 845 704 892; x_wconf 87' lang='lat' dir='ltr'>partem</span> <span class='ocrx_word' id='word_1_91' title='bbox 738 838 923 876; x_wconf 81' lang='lat' dir='ltr'>carminis</span> <span class='ocrx_word' id='word_1_92' title='bbox 953 852 976 876; x_wconf 87' lang='lat' dir='ltr'>a</span> <span class='ocrx_word' id='word_1_93' title='bbox 1007 838 1163 889; x_wconf 86' lang='lat' dir='ltr'>reliquo</span> <span class='ocrx_word' id='word_1_94' title='bbox 1201 850 1369 889; x_wconf 88' lang='lat' dir='ltr'>corpore</span> <span class='ocrx_word' id='word_1_95' title='bbox 1401 849 1491 875; x_wconf 85' lang='lat' dir='ltr'>eum</span> <span class='ocrx_word' id='word_1_96' title='bbox 1520 836 1688 875; x_wconf 86' lang='lat' dir='ltr'>habuis-</span> 
     </span>
     <span class='ocr_line' id='line_1_12' title="bbox 169 904 417 950; baseline 0.008 -16"><span class='ocrx_word' id='word_1_97' title='bbox 169 910 209 934; x_wconf 87' lang='lat' dir='ltr'>se</span> <span class='ocrx_word' id='word_1_98' title='bbox 241 904 417 950; x_wconf 87' lang='lat' dir='ltr'>apparet.</span> 
     </span>
    </p>

    <p class='ocr_par' dir='ltr' id='par_1_3' title="bbox 170 952 1691 2107">
     <span class='ocr_line' id='line_1_13' title="bbox 286 952 1689 1007; baseline -0.002 -14"><span class='ocrx_word' id='word_1_99' title='bbox 286 955 406 1007; x_wconf 86' lang='lat' dir='ltr'>Apud</span> <span class='ocrx_word' id='word_1_100' title='bbox 436 956 578 995; x_wconf 90' lang='lat' dir='ltr'>Euseb.</span> <span class='ocrx_word' id='word_1_101' title='bbox 605 954 841 1006; x_wconf 79' lang='lat' dir='ltr'>Hieronymi</span> <span class='ocrx_word' id='word_1_102' title='bbox 870 953 1059 992; x_wconf 83' lang='lat' dir='ltr'>MCCLIV</span> <span class='ocrx_word' id='word_1_103' title='bbox 1090 952 1256 990; x_wconf 76' lang='lat' dir='ltr'>Arclino</span> <span class='ocrx_word' id='word_1_104' title='bbox 1289 953 1483 1000; x_wconf 70' lang='lat' dir='ltr'>Milesio,</span> <span class='ocrx_word' id='word_1_105' title='bbox 1528 958 1689 1004; x_wconf 87' lang='lat' dir='ltr'>praeter</span> 
     </span>
     <span class='ocr_line' id='line_1_14' title="bbox 170 1009 1691 1065; baseline -0.003 -13"><span class='ocrx_word' id='word_1_106' title='bbox 170 1013 477 1064; x_wconf 72' lang='lat' dir='ltr'>Aethiopidem,</span> <span class='ocrx_word' id='word_1_107' title='bbox 524 1014 573 1053; x_wconf 89' lang='lat' dir='ltr'>de</span> <span class='ocrx_word' id='word_1_108' title='bbox 598 1028 677 1065; x_wconf 85' lang='lat' dir='ltr'>qua</span> <span class='ocrx_word' id='word_1_109' title='bbox 708 1027 745 1052; x_wconf 88' lang='lat' dir='ltr'>v.</span> <span class='ocrx_word' id='word_1_110' title='bbox 772 1013 940 1050; x_wconf 78' lang='lat' dir='ltr'>Excurs.</span> <span class='ocrx_word' id='word_1_111' title='bbox 968 1011 1066 1049; x_wconf 85' lang='lat' dir='ltr'>XIX</span> <span class='ocrx_word' id='word_1_112' title='bbox 1099 1009 1149 1047; x_wconf 83' lang='lat' dir='ltr'>ad</span> <span class='ocrx_word' id='word_1_113' title='bbox 1181 1010 1211 1058; x_wconf 88' lang='lat' dir='ltr'>I,</span> <span class='ocrx_word' id='word_1_114' title='bbox 1252 1009 1351 1059; x_wconf 84' lang='lat'>489,</span> <span class='ocrx_word' id='word_1_115' title='bbox 1376 1009 1574 1048; x_wconf 76' lang='lat' dir='ltr'>tribuitur</span> <span class='ocrx_word' id='word_1_116' title='bbox 1614 1011 1691 1048; x_wconf 69' lang='lat' dir='ltr'>Ilii</span> 
     </span>
     <span class='ocr_line' id='line_1_15' title="bbox 171 1067 1687 1125; baseline -0.002 -17"><span class='ocrx_word' id='word_1_117' title='bbox 171 1075 345 1109; x_wconf 60' lang='lat' dir='ltr'>vastatio</span> <span class='ocrx_word' id='word_1_118' title='bbox 374 1068 514 1124; x_wconf 75' lang='grc' dir='ltr'>(Ἰλίου</span> <span class='ocrx_word' id='word_1_119' title='bbox 538 1070 707 1125; x_wconf 75' lang='grc' dir='ltr'>πέρσις).</span> <span class='ocrx_word' id='word_1_120' title='bbox 768 1071 867 1108; x_wconf 88' lang='lat' dir='ltr'>Cum</span> <span class='ocrx_word' id='word_1_121' title='bbox 899 1083 1016 1108; x_wconf 90' lang='lat' dir='ltr'>nemo</span> <span class='ocrx_word' id='word_1_122' title='bbox 1049 1068 1147 1106; x_wconf 86' lang='lat' dir='ltr'>alius</span> <span class='ocrx_word' id='word_1_123' title='bbox 1176 1067 1297 1106; x_wconf 88' lang='lat' dir='ltr'>huius</span> <span class='ocrx_word' id='word_1_124' title='bbox 1327 1068 1514 1105; x_wconf 77' lang='lat' dir='ltr'>carminis</span> <span class='ocrx_word' id='word_1_125' title='bbox 1545 1068 1687 1105; x_wconf 86' lang='lat' dir='ltr'>memi-</span> 
     </span>
     <span class='ocr_line' id='line_1_16' title="bbox 172 1126 1688 1182; baseline -0.003 -16"><span class='ocrx_word' id='word_1_126' title='bbox 172 1129 295 1178; x_wconf 85' lang='lat' dir='ltr'>nerit,</span> <span class='ocrx_word' id='word_1_127' title='bbox 326 1130 557 1182; x_wconf 85' lang='lat' dir='ltr'>interpolati</span> <span class='ocrx_word' id='word_1_128' title='bbox 573 1129 810 1180; x_wconf 84' lang='lat' dir='ltr'>Hieronymi</span> <span class='ocrx_word' id='word_1_129' title='bbox 833 1129 931 1166; x_wconf 87' lang='lat' dir='ltr'>levis</span> <span class='ocrx_word' id='word_1_130' title='bbox 951 1126 1171 1165; x_wconf 86' lang='lat' dir='ltr'>auctoritas</span> <span class='ocrx_word' id='word_1_131' title='bbox 1204 1139 1285 1163; x_wconf 87' lang='lat' dir='ltr'>esse</span> <span class='ocrx_word' id='word_1_132' title='bbox 1307 1126 1449 1177; x_wconf 86' lang='lat' dir='ltr'>possit:</span> <span class='ocrx_word' id='word_1_133' title='bbox 1482 1140 1572 1163; x_wconf 87' lang='lat' dir='ltr'>nam</span> <span class='ocrx_word' id='word_1_134' title='bbox 1604 1127 1688 1163; x_wconf 90' lang='lat' dir='ltr'>sive</span> 
     </span>
     <span class='ocr_line' id='line_1_17' title="bbox 173 1183 1687 1239; baseline -0.002 -16"><span class='ocrx_word' id='word_1_135' title='bbox 173 1201 222 1224; x_wconf 81' lang='lat' dir='ltr'>ex</span> <span class='ocrx_word' id='word_1_136' title='bbox 249 1188 446 1239; x_wconf 79' lang='lat' dir='ltr'>margine,</span> <span class='ocrx_word' id='word_1_137' title='bbox 497 1202 575 1239; x_wconf 80' lang='lat' dir='ltr'>quo</span> <span class='ocrx_word' id='word_1_138' title='bbox 606 1187 694 1238; x_wconf 87' lang='lat' dir='ltr'>quis</span> <span class='ocrx_word' id='word_1_139' title='bbox 730 1186 864 1224; x_wconf 86' lang='lat' dir='ltr'>similis</span> <span class='ocrx_word' id='word_1_140' title='bbox 892 1186 1078 1223; x_wconf 84' lang='lat' dir='ltr'>carminis</span> <span class='ocrx_word' id='word_1_141' title='bbox 1110 1190 1196 1221; x_wconf 83' lang='lat' dir='ltr'>erat</span> <span class='ocrx_word' id='word_1_142' title='bbox 1225 1183 1483 1230; x_wconf 86' lang='lat' dir='ltr'>recordatus,</span> <span class='ocrx_word' id='word_1_143' title='bbox 1526 1185 1607 1222; x_wconf 84' lang='lat' dir='ltr'>sive</span> <span class='ocrx_word' id='word_1_144' title='bbox 1639 1197 1687 1220; x_wconf 89' lang='lat' dir='ltr'>ex</span> 
     </span>
     <span class='ocr_line' id='line_1_18' title="bbox 172 1241 1688 1297; baseline -0.002 -16"><span class='ocrx_word' id='word_1_145' title='bbox 172 1246 503 1297; x_wconf 81' lang='lat' dir='ltr'>interpretatione</span> <span class='ocrx_word' id='word_1_146' title='bbox 541 1244 814 1296; x_wconf 85' lang='lat' dir='ltr'>Aethiopidis,</span> <span class='ocrx_word' id='word_1_147' title='bbox 862 1243 1067 1295; x_wconf 80' lang='lat' dir='ltr'>irrepsisse</span> <span class='ocrx_word' id='word_1_148' title='bbox 1108 1241 1238 1280; x_wconf 83' lang='lat' dir='ltr'>videri</span> <span class='ocrx_word' id='word_1_149' title='bbox 1269 1248 1413 1293; x_wconf 83' lang='lat' dir='ltr'>potest.</span> <span class='ocrx_word' id='word_1_150' title='bbox 1476 1241 1688 1279; x_wconf 84' lang='lat' dir='ltr'>Enimvero</span> 
     </span>
     <span class='ocr_line' id='line_1_19' title="bbox 174 1298 1689 1351; baseline -0.002 -12"><span class='ocrx_word' id='word_1_151' title='bbox 174 1316 331 1340; x_wconf 87' lang='lat' dir='ltr'>omnem</span> <span class='ocrx_word' id='word_1_152' title='bbox 353 1304 643 1342; x_wconf 80' lang='lat' dir='ltr'>dubitationem</span> <span class='ocrx_word' id='word_1_153' title='bbox 665 1302 774 1340; x_wconf 88' lang='lat' dir='ltr'>tollit</span> <span class='ocrx_word' id='word_1_154' title='bbox 804 1301 932 1340; x_wconf 87' lang='lat' dir='ltr'>Procli</span> <span class='ocrx_word' id='word_1_155' title='bbox 964 1302 1232 1351; x_wconf 81' lang='lat' dir='ltr'>fragmentum</span> <span class='ocrx_word' id='word_1_156' title='bbox 1267 1313 1286 1336; x_wconf 90' lang='lat' dir='ltr'>e</span> <span class='ocrx_word' id='word_1_157' title='bbox 1314 1298 1556 1337; x_wconf 83' lang='lat' dir='ltr'>bibliotheca</span> <span class='ocrx_word' id='word_1_158' title='bbox 1589 1301 1689 1337; x_wconf 81' lang='lat' dir='ltr'>Sco-</span> 
     </span>
     <span class='ocr_line' id='line_1_20' title="bbox 173 1353 1689 1413; baseline -0.002 -16"><span class='ocrx_word' id='word_1_159' title='bbox 173 1361 354 1411; x_wconf 83' lang='lat' dir='ltr'>rialensi,</span> <span class='ocrx_word' id='word_1_160' title='bbox 386 1362 426 1399; x_wconf 89' lang='lat' dir='ltr'>in</span> <span class='ocrx_word' id='word_1_161' title='bbox 449 1375 528 1412; x_wconf 82' lang='lat' dir='ltr'>quo</span> <span class='ocrx_word' id='word_1_162' title='bbox 554 1366 831 1413; x_wconf 83' lang='lat' dir='ltr'>argumentum</span> <span class='ocrx_word' id='word_1_163' title='bbox 850 1355 976 1399; x_wconf 77' lang='grc' dir='ltr'>Ἰλίου</span> <span class='ocrx_word' id='word_1_164' title='bbox 996 1358 1188 1409; x_wconf 76' lang='grc' dir='ltr'><em>πέρσιόος</em></span> <span class='ocrx_word' id='word_1_165' title='bbox 1209 1353 1251 1409; x_wconf 80' lang='grc' dir='ltr'>β’</span> <span class='ocrx_word' id='word_1_166' title='bbox 1278 1353 1486 1409; x_wconf 76' lang='grc' dir='ltr'><strong><em>Ἀρκτίνου</em></strong></span> <span class='ocrx_word' id='word_1_167' title='bbox 1510 1357 1689 1395; x_wconf 85' lang='lat' dir='ltr'>breviter</span> 
     </span>
     <span class='ocr_line' id='line_1_21' title="bbox 174 1415 1688 1471; baseline -0.002 -16"><span class='ocrx_word' id='word_1_168' title='bbox 174 1419 403 1470; x_wconf 78' lang='lat' dir='ltr'>exponitur.</span> <span class='ocrx_word' id='word_1_169' title='bbox 463 1420 725 1471; x_wconf 87' lang='lat' dir='ltr'>Complexum</span> <span class='ocrx_word' id='word_1_170' title='bbox 745 1417 847 1455; x_wconf 87' lang='lat' dir='ltr'>illud</span> <span class='ocrx_word' id='word_1_171' title='bbox 873 1423 958 1455; x_wconf 84' lang='lat' dir='ltr'>erat</span> <span class='ocrx_word' id='word_1_172' title='bbox 976 1416 1089 1454; x_wconf 88' lang='lat' dir='ltr'>libris</span> <span class='ocrx_word' id='word_1_173' title='bbox 1114 1415 1149 1452; x_wconf 92' lang='lat' dir='ltr'>II</span> <span class='ocrx_word' id='word_1_174' title='bbox 1176 1415 1388 1453; x_wconf 88' lang='lat' dir='ltr'>novissima</span> <span class='ocrx_word' id='word_1_175' title='bbox 1411 1415 1573 1463; x_wconf 80' lang='lat' dir='ltr'>Troiae,</span> <span class='ocrx_word' id='word_1_176' title='bbox 1595 1415 1688 1452; x_wconf 85' lang='lat' dir='ltr'>inde</span> 
     </span>
     <span class='ocr_line' id='line_1_22' title="bbox 175 1472 1688 1527; baseline -0.002 -14"><span class='ocrx_word' id='word_1_177' title='bbox 175 1476 224 1513; x_wconf 88' lang='lat' dir='ltr'>ab</span> <span class='ocrx_word' id='word_1_178' title='bbox 247 1490 348 1527; x_wconf 89' lang='lat' dir='ltr'>equo</span> <span class='ocrx_word' id='word_1_179' title='bbox 370 1478 544 1515; x_wconf 87' lang='lat' dir='ltr'>Troiano</span> <span class='ocrx_word' id='word_1_180' title='bbox 569 1477 618 1514; x_wconf 84' lang='lat' dir='ltr'>ab</span> <span class='ocrx_word' id='word_1_181' title='bbox 636 1476 795 1514; x_wconf 82' lang='lat' dir='ltr'>Achivis</span> <span class='ocrx_word' id='word_1_182' title='bbox 816 1476 978 1522; x_wconf 86' lang='lat' dir='ltr'>relicto,</span> <span class='ocrx_word' id='word_1_183' title='bbox 1011 1479 1051 1510; x_wconf 91' lang='lat' dir='ltr'>et</span> <span class='ocrx_word' id='word_1_184' title='bbox 1075 1473 1253 1511; x_wconf 84' lang='lat' dir='ltr'>substitit</span> <span class='ocrx_word' id='word_1_185' title='bbox 1272 1473 1345 1510; x_wconf 83' lang='lat' dir='ltr'>sub</span> <span class='ocrx_word' id='word_1_186' title='bbox 1367 1473 1542 1511; x_wconf 85' lang='lat' dir='ltr'>reditum</span> <span class='ocrx_word' id='word_1_187' title='bbox 1563 1472 1688 1510; x_wconf 82' lang='lat' dir='ltr'>Achi-</span> 
     </span>
     <span class='ocr_line' id='line_1_23' title="bbox 175 1531 1689 1586; baseline -0.001 -15"><span class='ocrx_word' id='word_1_188' title='bbox 175 1548 332 1572; x_wconf 81' lang='lat' dir='ltr'>vorum.</span> <span class='ocrx_word' id='word_1_189' title='bbox 393 1535 650 1574; x_wconf 83' lang='lat' dir='ltr'>Conveniunt</span> <span class='ocrx_word' id='word_1_190' title='bbox 679 1534 868 1586; x_wconf 82' lang='lat' dir='ltr'>pleraque</span> <span class='ocrx_word' id='word_1_191' title='bbox 896 1547 987 1570; x_wconf 79' lang='lat' dir='ltr'>cuin</span> <span class='ocrx_word' id='word_1_192' title='bbox 1014 1531 1231 1582; x_wconf 78' lang='lat' dir='ltr'>virgiliana</span> <span class='ocrx_word' id='word_1_193' title='bbox 1263 1531 1513 1580; x_wconf 69' lang='lat' dir='ltr'>narratione,</span> <span class='ocrx_word' id='word_1_194' title='bbox 1552 1531 1608 1568; x_wconf 88' lang='lat' dir='ltr'>ita</span> <span class='ocrx_word' id='word_1_195' title='bbox 1642 1537 1689 1569; x_wconf 89' lang='lat' dir='ltr'>ut</span> 
     </span>
     <span class='ocr_line' id='line_1_24' title="bbox 175 1586 1689 1642; baseline -0.001 -14"><span class='ocrx_word' id='word_1_196' title='bbox 175 1598 351 1630; x_wconf 82' lang='lat' dir='ltr'>statuere</span> <span class='ocrx_word' id='word_1_197' title='bbox 368 1593 508 1642; x_wconf 82' lang='lat' dir='ltr'>liceat,</span> <span class='ocrx_word' id='word_1_198' title='bbox 541 1606 626 1630; x_wconf 88' lang='lat' dir='ltr'>eam</span> <span class='ocrx_word' id='word_1_199' title='bbox 648 1592 698 1629; x_wconf 87' lang='lat' dir='ltr'>ad</span> <span class='ocrx_word' id='word_1_200' title='bbox 720 1591 872 1628; x_wconf 86' lang='lat' dir='ltr'>Arctini</span> <span class='ocrx_word' id='word_1_201' title='bbox 896 1586 1021 1629; x_wconf 77' lang='grc' dir='ltr'><em>Ἰλίου</em></span> <span class='ocrx_word' id='word_1_202' title='bbox 1044 1589 1213 1641; x_wconf 76' lang='grc' dir='ltr'><em>πέρσιδα</em></span> <span class='ocrx_word' id='word_1_203' title='bbox 1232 1589 1403 1626; x_wconf 81' lang='lat' dir='ltr'>maxime</span> <span class='ocrx_word' id='word_1_204' title='bbox 1425 1602 1508 1626; x_wconf 85' lang='lat' dir='ltr'>esse</span> <span class='ocrx_word' id='word_1_205' title='bbox 1542 1589 1689 1626; x_wconf 87' lang='lat' dir='ltr'>adum-</span> 
     </span>
     <span class='ocr_line' id='line_1_25' title="bbox 174 1646 1689 1699; baseline -0.003 -11"><span class='ocrx_word' id='word_1_206' title='bbox 174 1650 344 1688; x_wconf 87' lang='lat' dir='ltr'>bratam.</span> <span class='ocrx_word' id='word_1_207' title='bbox 406 1652 464 1688; x_wconf 88' lang='lat' dir='ltr'>Ex</span> <span class='ocrx_word' id='word_1_208' title='bbox 493 1664 533 1687; x_wconf 89' lang='lat' dir='ltr'>ea</span> <span class='ocrx_word' id='word_1_209' title='bbox 556 1651 675 1687; x_wconf 86' lang='lat' dir='ltr'>etiam</span> <span class='ocrx_word' id='word_1_210' title='bbox 694 1650 759 1686; x_wconf 90' lang='lat' dir='ltr'>illa</span> <span class='ocrx_word' id='word_1_211' title='bbox 777 1679 786 1697; x_wconf 98' lang='lat'>,</span> <span class='ocrx_word' id='word_1_212' title='bbox 819 1662 919 1699; x_wconf 83' lang='lat' dir='ltr'>quae</span> <span class='ocrx_word' id='word_1_213' title='bbox 948 1661 998 1685; x_wconf 84' lang='lat' dir='ltr'>ex</span> <span class='ocrx_word' id='word_1_214' title='bbox 1020 1646 1185 1684; x_wconf 82' lang='lat' dir='ltr'>Arctino</span> <span class='ocrx_word' id='word_1_215' title='bbox 1213 1647 1373 1698; x_wconf 78' lang='lat' dir='ltr'>Dionys.</span> <span class='ocrx_word' id='word_1_216' title='bbox 1407 1646 1533 1684; x_wconf 87' lang='lat' dir='ltr'>Halic.</span> <span class='ocrx_word' id='word_1_217' title='bbox 1564 1646 1632 1684; x_wconf 89' lang='lat' dir='ltr'>lib.</span> <span class='ocrx_word' id='word_1_218' title='bbox 1660 1647 1689 1695; x_wconf 84' lang='lat' dir='ltr'>I,</span> 
     </span>
     <span class='ocr_line' id='line_1_26' title="bbox 175 1700 1690 1758; baseline -0.003 -13"><span class='ocrx_word' id='word_1_219' title='bbox 175 1722 207 1745; x_wconf 79' lang='lat' dir='ltr'>c,</span> <span class='ocrx_word' id='word_1_220' title='bbox 231 1710 296 1748; x_wconf 84' lang='lat'>68.</span> <span class='ocrx_word' id='word_1_221' title='bbox 320 1700 387 1758; x_wconf 66' lang='lat'>69,</span> <span class='ocrx_word' id='word_1_222' title='bbox 412 1708 460 1745; x_wconf 89' lang='lat' dir='ltr'>de</span> <span class='ocrx_word' id='word_1_223' title='bbox 481 1708 657 1746; x_wconf 83' lang='lat' dir='ltr'>Palladio</span> <span class='ocrx_word' id='word_1_224' title='bbox 680 1713 918 1754; x_wconf 85' lang='lat' dir='ltr'>narrantur,</span> <span class='ocrx_word' id='word_1_225' title='bbox 950 1706 992 1743; x_wconf 90' lang='lat' dir='ltr'>in</span> <span class='ocrx_word' id='word_1_226' title='bbox 1012 1704 1090 1742; x_wconf 90' lang='lat' dir='ltr'>hoc</span> <span class='ocrx_word' id='word_1_227' title='bbox 1111 1704 1285 1742; x_wconf 84' lang='lat' dir='ltr'>carmine</span> <span class='ocrx_word' id='word_1_228' title='bbox 1304 1705 1436 1742; x_wconf 80' lang='lat' dir='ltr'>locum</span> <span class='ocrx_word' id='word_1_229' title='bbox 1456 1719 1572 1743; x_wconf 87' lang='lat' dir='ltr'>suum</span> <span class='ocrx_word' id='word_1_230' title='bbox 1589 1704 1690 1742; x_wconf 86' lang='lat' dir='ltr'>bene</span> 
     </span>
     <span class='ocr_line' id='line_1_27' title="bbox 174 1762 1691 1818; baseline -0.002 -16"><span class='ocrx_word' id='word_1_231' title='bbox 174 1765 322 1803; x_wconf 88' lang='lat' dir='ltr'>habere</span> <span class='ocrx_word' id='word_1_232' title='bbox 351 1772 530 1818; x_wconf 87' lang='lat' dir='ltr'>potuere.</span> <span class='ocrx_word' id='word_1_233' title='bbox 591 1765 808 1803; x_wconf 84' lang='lat' dir='ltr'>Suboritur</span> <span class='ocrx_word' id='word_1_234' title='bbox 834 1764 940 1801; x_wconf 87' lang='lat' dir='ltr'>inter</span> <span class='ocrx_word' id='word_1_235' title='bbox 968 1763 1069 1800; x_wconf 88' lang='lat' dir='ltr'>haec</span> <span class='ocrx_word' id='word_1_236' title='bbox 1095 1762 1285 1814; x_wconf 78' lang='lat' dir='ltr'>suspicio,</span> <span class='ocrx_word' id='word_1_237' title='bbox 1329 1777 1409 1800; x_wconf 79' lang='lat' dir='ltr'>non</span> <span class='ocrx_word' id='word_1_238' title='bbox 1439 1763 1553 1800; x_wconf 85' lang='lat' dir='ltr'>aliam</span> <span class='ocrx_word' id='word_1_239' title='bbox 1586 1763 1691 1800; x_wconf 82' lang='lat' dir='ltr'>forte</span> 
     </span>
     <span class='ocr_line' id='line_1_28' title="bbox 174 1819 1690 1877; baseline -0.003 -16"><span class='ocrx_word' id='word_1_240' title='bbox 174 1824 293 1861; x_wconf 85' lang='lat' dir='ltr'>fuisse</span> <span class='ocrx_word' id='word_1_241' title='bbox 313 1819 437 1864; x_wconf 82' lang='grc' dir='ltr'><strong><em>Ἰλίου</em></strong></span> <span class='ocrx_word' id='word_1_242' title='bbox 458 1823 600 1877; x_wconf 76' lang='grc' dir='ltr'><em>πέρσιν</em></span> <span class='ocrx_word' id='word_1_243' title='bbox 624 1822 840 1862; x_wconf 84' lang='lat' dir='ltr'>Pausaniae</span> <span class='ocrx_word' id='word_1_244' title='bbox 864 1822 937 1859; x_wconf 88' lang='lat' dir='ltr'>sub</span> <span class='ocrx_word' id='word_1_245' title='bbox 954 1820 1115 1858; x_wconf 87' lang='lat' dir='ltr'>Leschei</span> <span class='ocrx_word' id='word_1_246' title='bbox 1134 1820 1294 1858; x_wconf 82' lang='lat' dir='ltr'>nomine</span> <span class='ocrx_word' id='word_1_247' title='bbox 1313 1820 1539 1869; x_wconf 87' lang='lat' dir='ltr'>laudatam,</span> <span class='ocrx_word' id='word_1_248' title='bbox 1571 1834 1690 1871; x_wconf 87' lang='lat' dir='ltr'>quam</span> 
     </span>
     <span class='ocr_line' id='line_1_29' title="bbox 175 1878 1688 1933; baseline -0.002 -15"><span class='ocrx_word' id='word_1_249' title='bbox 175 1880 281 1919; x_wconf 88' lang='lat' dir='ltr'>hanc</span> <span class='ocrx_word' id='word_1_250' title='bbox 304 1882 429 1933; x_wconf 82' lang='lat' dir='ltr'>ipsam</span> <span class='ocrx_word' id='word_1_251' title='bbox 456 1883 607 1920; x_wconf 83' lang='lat' dir='ltr'>Arctini</span> <span class='ocrx_word' id='word_1_252' title='bbox 631 1882 790 1919; x_wconf 83' lang='lat' dir='ltr'>nomine</span> <span class='ocrx_word' id='word_1_253' title='bbox 823 1879 931 1932; x_wconf 82' lang='lat' dir='ltr'>apud</span> <span class='ocrx_word' id='word_1_254' title='bbox 958 1879 1145 1917; x_wconf 85' lang='lat' dir='ltr'>Proclum</span> <span class='ocrx_word' id='word_1_255' title='bbox 1173 1878 1429 1930; x_wconf 84' lang='lat' dir='ltr'>inscriptam:</span> <span class='ocrx_word' id='word_1_256' title='bbox 1469 1892 1561 1916; x_wconf 88' lang='lat' dir='ltr'>nam</span> <span class='ocrx_word' id='word_1_257' title='bbox 1592 1892 1688 1916; x_wconf 91' lang='lat' dir='ltr'>con-</span> 
     </span>
     <span class='ocr_line' id='line_1_30' title="bbox 174 1936 1689 1989; baseline -0.002 -13"><span class='ocrx_word' id='word_1_258' title='bbox 174 1939 361 1977; x_wconf 85' lang='lat' dir='ltr'>tinuatur</span> <span class='ocrx_word' id='word_1_259' title='bbox 381 1941 421 1977; x_wconf 91' lang='lat' dir='ltr'>in</span> <span class='ocrx_word' id='word_1_260' title='bbox 449 1953 492 1977; x_wconf 90' lang='lat' dir='ltr'>ea</span> <span class='ocrx_word' id='word_1_261' title='bbox 514 1940 693 1978; x_wconf 86' lang='lat' dir='ltr'>narratio</span> <span class='ocrx_word' id='word_1_262' title='bbox 715 1938 849 1976; x_wconf 83' lang='lat' dir='ltr'>Iliadis</span> <span class='ocrx_word' id='word_1_263' title='bbox 867 1949 1016 1989; x_wconf 86' lang='lat' dir='ltr'>parvae</span> <span class='ocrx_word' id='word_1_264' title='bbox 1034 1949 1160 1987; x_wconf 87' lang='lat' dir='ltr'>usque</span> <span class='ocrx_word' id='word_1_265' title='bbox 1179 1937 1230 1974; x_wconf 89' lang='lat' dir='ltr'>ad</span> <span class='ocrx_word' id='word_1_266' title='bbox 1251 1937 1353 1987; x_wconf 89' lang='lat' dir='ltr'>Equi</span> <span class='ocrx_word' id='word_1_267' title='bbox 1374 1936 1414 1973; x_wconf 90' lang='lat' dir='ltr'>in</span> <span class='ocrx_word' id='word_1_268' title='bbox 1444 1937 1586 1974; x_wconf 89' lang='lat' dir='ltr'>urbem</span> <span class='ocrx_word' id='word_1_269' title='bbox 1618 1936 1689 1973; x_wconf 85' lang='lat' dir='ltr'>(le-</span> 
     </span>
     <span class='ocr_line' id='line_1_31' title="bbox 178 1993 1691 2050; baseline -0.003 -15"><span class='ocrx_word' id='word_1_270' title='bbox 178 1997 408 2035; x_wconf 83' lang='lat' dir='ltr'>ductionem</span> <span class='ocrx_word' id='word_1_271' title='bbox 430 1998 672 2050; x_wconf 67' lang='lat' dir='ltr'>perductae,</span> <span class='ocrx_word' id='word_1_272' title='bbox 703 2004 743 2034; x_wconf 87' lang='lat' dir='ltr'>et</span> <span class='ocrx_word' id='word_1_273' title='bbox 764 1997 804 2034; x_wconf 88' lang='lat' dir='ltr'>in</span> <span class='ocrx_word' id='word_1_274' title='bbox 825 1995 976 2033; x_wconf 87' lang='lat' dir='ltr'>Tabula</span> <span class='ocrx_word' id='word_1_275' title='bbox 1000 1995 1117 2032; x_wconf 80' lang='lat' dir='ltr'>Iliaca</span> <span class='ocrx_word' id='word_1_276' title='bbox 1135 1995 1254 2032; x_wconf 87' lang='lat' dir='ltr'>solius</span> <span class='ocrx_word' id='word_1_277' title='bbox 1270 1993 1433 2031; x_wconf 86' lang='lat' dir='ltr'>Leschei</span> <span class='ocrx_word' id='word_1_278' title='bbox 1457 2007 1602 2032; x_wconf 87' lang='lat' dir='ltr'>nomen</span> <span class='ocrx_word' id='word_1_279' title='bbox 1635 2000 1691 2031; x_wconf 84' lang='lat' dir='ltr'>est</span> 
     </span>
     <span class='ocr_line' id='line_1_32' title="bbox 178 2052 1541 2107; baseline -0.001 -16"><span class='ocrx_word' id='word_1_280' title='bbox 178 2055 427 2107; x_wconf 85' lang='lat' dir='ltr'>appositum,</span> <span class='ocrx_word' id='word_1_281' title='bbox 461 2070 551 2094; x_wconf 89' lang='lat' dir='ltr'>cum</span> <span class='ocrx_word' id='word_1_282' title='bbox 573 2055 850 2094; x_wconf 68' lang='lat' dir='ltr'>tamen’ssi‘ov</span> <span class='ocrx_word' id='word_1_283' title='bbox 872 2052 1010 2101; x_wconf 79' lang='grc' dir='ltr'><em>πέρσις</em></span> <span class='ocrx_word' id='word_1_284' title='bbox 1030 2065 1216 2104; x_wconf 80' lang='lat' dir='ltr'>expressa</span> <span class='ocrx_word' id='word_1_285' title='bbox 1236 2066 1317 2090; x_wconf 85' lang='lat' dir='ltr'>esse</span> <span class='ocrx_word' id='word_1_286' title='bbox 1340 2052 1541 2090; x_wconf 85' lang='lat' dir='ltr'>videatur.</span> 
     </span>
    </p>

    <p class='ocr_par' dir='ltr' id='par_1_4' title="bbox 178 2105 1695 2799">
     <span class='ocr_line' id='line_1_33' title="bbox 296 2105 1691 2162; baseline -0.001 -12"><span class='ocrx_word' id='word_1_287' title='bbox 296 2114 503 2162; x_wconf 75' lang='lat' dir='ltr'>Saeadae,</span> <span class='ocrx_word' id='word_1_288' title='bbox 538 2127 642 2159; x_wconf 82' lang='lat' dir='ltr'>non,</span> <span class='ocrx_word' id='word_1_289' title='bbox 674 2118 720 2150; x_wconf 89' lang='lat' dir='ltr'>ut</span> <span class='ocrx_word' id='word_1_290' title='bbox 739 2112 858 2162; x_wconf 87' lang='lat' dir='ltr'>vulgo</span> <span class='ocrx_word' id='word_1_291' title='bbox 884 2111 1047 2160; x_wconf 87' lang='lat' dir='ltr'>legitur,</span> <span class='ocrx_word' id='word_1_292' title='bbox 1078 2111 1224 2158; x_wconf 72' lang='lat' dir='ltr'>Acati,</span> <span class='ocrx_word' id='word_1_293' title='bbox 1258 2110 1416 2160; x_wconf 84' lang='lat' dir='ltr'>Argivi,</span> <span class='ocrx_word' id='word_1_294' title='bbox 1447 2105 1574 2149; x_wconf 77' lang='grc' dir='ltr'><strong>Ἰλίου</strong></span> <span class='ocrx_word' id='word_1_295' title='bbox 1595 2108 1691 2161; x_wconf 76' lang='grc' dir='ltr'>πέρ-</span> 
     </span>
     <span class='ocr_line' id='line_1_34' title="bbox 181 2167 1689 2222; baseline -0.004 -13"><span class='ocrx_word' id='word_1_296' title='bbox 181 2184 245 2209; x_wconf 77' lang='grc' dir='ltr'>σιν</span> <span class='ocrx_word' id='word_1_297' title='bbox 276 2182 324 2207; x_wconf 81' lang='lat' dir='ltr'>ex</span> <span class='ocrx_word' id='word_1_298' title='bbox 356 2170 560 2208; x_wconf 80' lang='lat' dir='ltr'>Athenaeo</span> <span class='ocrx_word' id='word_1_299' title='bbox 588 2170 694 2217; x_wconf 88' lang='lat' dir='ltr'>XIII,</span> <span class='ocrx_word' id='word_1_300' title='bbox 725 2183 762 2222; x_wconf 86' lang='lat' dir='ltr'>p.</span> <span class='ocrx_word' id='word_1_301' title='bbox 795 2172 877 2210; x_wconf 84' lang='lat'>610</span> <span class='ocrx_word' id='word_1_302' title='bbox 910 2169 949 2206; x_wconf 88' lang='lat' dir='ltr'>C.</span> <span class='ocrx_word' id='word_1_303' title='bbox 977 2167 1046 2219; x_wconf 79' lang='lat' dir='ltr'>(cf.</span> <span class='ocrx_word' id='word_1_304' title='bbox 1074 2167 1266 2206; x_wconf 87' lang='lat' dir='ltr'>Maussac.</span> <span class='ocrx_word' id='word_1_305' title='bbox 1303 2168 1354 2204; x_wconf 88' lang='lat' dir='ltr'>ad</span> <span class='ocrx_word' id='word_1_306' title='bbox 1384 2167 1622 2218; x_wconf 82' lang='lat' dir='ltr'>Harpocrat.</span> <span class='ocrx_word' id='word_1_307' title='bbox 1651 2168 1689 2204; x_wconf 89' lang='lat' dir='ltr'>in</span> 
     </span>
     <span class='ocr_line' id='line_1_35' title="bbox 178 2225 1692 2280; baseline -0.003 -15"><span class='ocrx_word' id='word_1_308' title='bbox 178 2225 385 2280; x_wconf 67' lang='grc' dir='ltr'>καθελών)</span> <span class='ocrx_word' id='word_1_309' title='bbox 420 2229 637 2266; x_wconf 83' lang='lat' dir='ltr'>laudarunt</span> <span class='ocrx_word' id='word_1_310' title='bbox 666 2227 745 2264; x_wconf 80' lang='lat' dir='ltr'>iam</span> <span class='ocrx_word' id='word_1_311' title='bbox 782 2226 868 2273; x_wconf 86' lang='lat' dir='ltr'>alii,</span> <span class='ocrx_word' id='word_1_312' title='bbox 909 2226 1028 2263; x_wconf 86' lang='lat' dir='ltr'>etiam</span> <span class='ocrx_word' id='word_1_313' title='bbox 1058 2226 1225 2263; x_wconf 85' lang='lat' dir='ltr'>Ursinus</span> <span class='ocrx_word' id='word_1_314' title='bbox 1255 2225 1307 2262; x_wconf 85' lang='lat' dir='ltr'>ad</span> <span class='ocrx_word' id='word_1_315' title='bbox 1337 2225 1473 2275; x_wconf 83' lang='lat' dir='ltr'>Virgil.</span> <span class='ocrx_word' id='word_1_316' title='bbox 1522 2225 1692 2262; x_wconf 86' lang='lat' dir='ltr'>Carmen</span> 
     </span>
     <span class='ocr_line' id='line_1_36' title="bbox 179 2279 1688 2337; baseline -0.003 -15"><span class='ocrx_word' id='word_1_317' title='bbox 179 2285 280 2322; x_wconf 86' lang='lat' dir='ltr'>illud</span> <span class='ocrx_word' id='word_1_318' title='bbox 299 2286 472 2337; x_wconf 68' lang='lat' dir='ltr'>lyricum</span> <span class='ocrx_word' id='word_1_319' title='bbox 493 2286 610 2323; x_wconf 82' lang='lat' dir='ltr'>fuisse</span> <span class='ocrx_word' id='word_1_320' title='bbox 632 2285 771 2322; x_wconf 83' lang='lat' dir='ltr'>credo:</span> <span class='ocrx_word' id='word_1_321' title='bbox 807 2298 898 2321; x_wconf 87' lang='lat' dir='ltr'>nam</span> <span class='ocrx_word' id='word_1_322' title='bbox 920 2283 996 2320; x_wconf 85' lang='lat' dir='ltr'>fuit</span> <span class='ocrx_word' id='word_1_323' title='bbox 1018 2283 1082 2320; x_wconf 89' lang='lat' dir='ltr'>illc</span> <span class='ocrx_word' id='word_1_324' title='bbox 1106 2283 1290 2320; x_wconf 84' lang='lat' dir='ltr'>musicus.</span> <span class='ocrx_word' id='word_1_325' title='bbox 1350 2283 1507 2320; x_wconf 87' lang='lat' dir='ltr'>Primus</span> <span class='ocrx_word' id='word_1_326' title='bbox 1534 2279 1580 2322; x_wconf 64' lang='lat'><strong>‘1:0¹</strong></span> <span class='ocrx_word' id='word_1_327' title='bbox 1613 2299 1688 2320; x_wconf 79' lang='grc' dir='ltr'>πυ-</span> 
     </span>
     <span class='ocr_line' id='line_1_37' title="bbox 182 2340 1692 2394; baseline -0.005 -10"><span class='ocrx_word' id='word_1_328' title='bbox 182 2341 305 2382; x_wconf 78' lang='grc' dir='ltr'><em>θικόν</em></span> <span class='ocrx_word' id='word_1_329' title='bbox 328 2342 487 2392; x_wconf 65' lang='grc' dir='ltr'><strong><em>αὔλημα</em></strong></span> <span class='ocrx_word' id='word_1_330' title='bbox 515 2341 666 2394; x_wconf 76' lang='grc' dir='ltr'><em>ηὔλησε</em></span> <span class='ocrx_word' id='word_1_331' title='bbox 704 2341 884 2392; x_wconf 80' lang='lat' dir='ltr'>Delphis:</span> <span class='ocrx_word' id='word_1_332' title='bbox 914 2342 1027 2378; x_wconf 87' lang='lat' dir='ltr'>Paus.</span> <span class='ocrx_word' id='word_1_333' title='bbox 1057 2341 1105 2389; x_wconf 88' lang='lat' dir='ltr'>II,</span> <span class='ocrx_word' id='word_1_334' title='bbox 1138 2343 1206 2387; x_wconf 78' lang='lat'>22,</span> <span class='ocrx_word' id='word_1_335' title='bbox 1237 2340 1346 2391; x_wconf 88' lang='lat' dir='ltr'>quod</span> <span class='ocrx_word' id='word_1_336' title='bbox 1370 2341 1521 2378; x_wconf 84' lang='lat' dir='ltr'>factum</span> <span class='ocrx_word' id='word_1_337' title='bbox 1555 2340 1692 2392; x_wconf 85' lang='lat' dir='ltr'>primis</span> 
     </span>
     <span class='ocr_line' id='line_1_38' title="bbox 180 2398 1691 2453; baseline -0.001 -16"><span class='ocrx_word' id='word_1_338' title='bbox 180 2402 314 2438; x_wconf 88' lang='lat' dir='ltr'>statim</span> <span class='ocrx_word' id='word_1_339' title='bbox 325 2401 479 2453; x_wconf 85' lang='lat' dir='ltr'>Pythiis</span> <span class='ocrx_word' id='word_1_340' title='bbox 498 2402 559 2440; x_wconf 88' lang='lat' dir='ltr'>Ol.</span> <span class='ocrx_word' id='word_1_341' title='bbox 579 2400 751 2447; x_wconf 85' lang='lat' dir='ltr'>XLVIII,</span> <span class='ocrx_word' id='word_1_342' title='bbox 767 2402 790 2440; x_wconf 81' lang='lat'><strong>3</strong></span> <span class='ocrx_word' id='word_1_343' title='bbox 816 2406 855 2436; x_wconf 79' lang='lat' dir='ltr'>et</span> <span class='ocrx_word' id='word_1_344' title='bbox 876 2399 1009 2436; x_wconf 83' lang='lat' dir='ltr'>alteris</span> <span class='ocrx_word' id='word_1_345' title='bbox 1031 2399 1092 2436; x_wconf 93' lang='lat' dir='ltr'>Ol.</span> <span class='ocrx_word' id='word_1_346' title='bbox 1114 2400 1155 2447; x_wconf 90' lang='lat' dir='ltr'>L,</span> <span class='ocrx_word' id='word_1_347' title='bbox 1175 2402 1222 2440; x_wconf 80' lang='lat'>3:</span> <span class='ocrx_word' id='word_1_348' title='bbox 1245 2413 1280 2437; x_wconf 90' lang='lat' dir='ltr'>v.</span> <span class='ocrx_word' id='word_1_349' title='bbox 1299 2398 1412 2436; x_wconf 89' lang='lat' dir='ltr'>Paus.</span> <span class='ocrx_word' id='word_1_350' title='bbox 1426 2399 1578 2449; x_wconf 88' lang='lat' dir='ltr'>X,7,p.</span> <span class='ocrx_word' id='word_1_351' title='bbox 1597 2398 1691 2439; x_wconf 80' lang='grc'>814.</span> 
     </span>
     <span class='ocr_line' id='line_1_39' title="bbox 181 2456 1692 2510; baseline -0.002 -15"><span class='ocrx_word' id='word_1_352' title='bbox 181 2460 322 2497; x_wconf 91' lang='lat' dir='ltr'>Statua</span> <span class='ocrx_word' id='word_1_353' title='bbox 345 2460 426 2497; x_wconf 88' lang='lat' dir='ltr'>eius</span> <span class='ocrx_word' id='word_1_354' title='bbox 446 2459 671 2510; x_wconf 73' lang='lat' dir='ltr'>ingentibus</span> <span class='ocrx_word' id='word_1_355' title='bbox 691 2472 780 2495; x_wconf 82' lang='lat' dir='ltr'>cum</span> <span class='ocrx_word' id='word_1_356' title='bbox 800 2457 907 2494; x_wconf 87' lang='lat' dir='ltr'>tibiis</span> <span class='ocrx_word' id='word_1_357' title='bbox 927 2456 970 2494; x_wconf 90' lang='lat' dir='ltr'>in</span> <span class='ocrx_word' id='word_1_358' title='bbox 998 2456 1188 2494; x_wconf 90' lang='lat' dir='ltr'>Helicone</span> <span class='ocrx_word' id='word_1_359' title='bbox 1207 2457 1359 2494; x_wconf 86' lang='lat' dir='ltr'>stabat:</span> <span class='ocrx_word' id='word_1_360' title='bbox 1390 2456 1507 2496; x_wconf 78' lang='lat' dir='ltr'>Paus.</span> <span class='ocrx_word' id='word_1_361' title='bbox 1535 2456 1603 2505; x_wconf 88' lang='lat' dir='ltr'>IX,</span> <span class='ocrx_word' id='word_1_362' title='bbox 1626 2458 1692 2503; x_wconf 86' lang='lat'>30,</span> 
     </span>
     <span class='ocr_line' id='line_1_40' title="bbox 180 2511 1693 2567; baseline -0.002 -13"><span class='ocrx_word' id='word_1_363' title='bbox 180 2529 219 2567; x_wconf 89' lang='lat' dir='ltr'>p.</span> <span class='ocrx_word' id='word_1_364' title='bbox 251 2519 347 2558; x_wconf 84' lang='lat'>768.</span> <span class='ocrx_word' id='word_1_365' title='bbox 408 2517 619 2555; x_wconf 85' lang='lat' dir='ltr'>Excidium</span> <span class='ocrx_word' id='word_1_366' title='bbox 654 2516 711 2554; x_wconf 86' lang='lat' dir='ltr'>Ilii</span> <span class='ocrx_word' id='word_1_367' title='bbox 740 2529 822 2553; x_wconf 86' lang='lat' dir='ltr'>non</span> <span class='ocrx_word' id='word_1_368' title='bbox 850 2515 981 2553; x_wconf 85' lang='lat' dir='ltr'>minus</span> <span class='ocrx_word' id='word_1_369' title='bbox 1009 2515 1238 2566; x_wconf 88' lang='lat' dir='ltr'>persequuti</span> <span class='ocrx_word' id='word_1_370' title='bbox 1269 2514 1482 2561; x_wconf 87' lang='lat' dir='ltr'>videntur,</span> <span class='ocrx_word' id='word_1_371' title='bbox 1537 2514 1606 2563; x_wconf 81' lang='lat' dir='ltr'>qui</span> <span class='ocrx_word' id='word_1_372' title='bbox 1645 2511 1693 2552; x_wconf 74' lang='grc' dir='ltr'>τὰ</span> 
     </span>
     <span class='ocr_line' id='line_1_41' title="bbox 188 2571 1693 2625; baseline -0.003 -13"><span class='ocrx_word' id='word_1_373' title='bbox 188 2572 346 2625; x_wconf 77' lang='grc' dir='ltr'><em>Τρωϊκοὲ</em></span> <span class='ocrx_word' id='word_1_374' title='bbox 381 2575 605 2613; x_wconf 86' lang='lat' dir='ltr'>condidisse</span> <span class='ocrx_word' id='word_1_375' title='bbox 638 2580 877 2621; x_wconf 86' lang='lat' dir='ltr'>narrantur,</span> <span class='ocrx_word' id='word_1_376' title='bbox 922 2573 1029 2610; x_wconf 85' lang='lat' dir='ltr'>inter</span> <span class='ocrx_word' id='word_1_377' title='bbox 1061 2586 1160 2623; x_wconf 89' lang='lat' dir='ltr'>quos</span> <span class='ocrx_word' id='word_1_378' title='bbox 1190 2574 1391 2624; x_wconf 55' lang='lat' dir='ltr'>›Syagra-s,</span> <span class='ocrx_word' id='word_1_379' title='bbox 1431 2572 1501 2610; x_wconf 85' lang='lat' dir='ltr'>vix</span> <span class='ocrx_word' id='word_1_380' title='bbox 1532 2571 1693 2617; x_wconf 82' lang='lat' dir='ltr'>dixeris,</span> 
     </span>
     <span class='ocr_line' id='line_1_42' title="bbox 183 2628 1695 2684; baseline -0.001 -16"><span class='ocrx_word' id='word_1_381' title='bbox 183 2644 259 2680; x_wconf 89' lang='lat' dir='ltr'>qua</span> <span class='ocrx_word' id='word_1_382' title='bbox 288 2632 388 2680; x_wconf 84' lang='lat' dir='ltr'>fide,</span> <span class='ocrx_word' id='word_1_383' title='bbox 432 2633 609 2670; x_wconf 88' lang='lat' dir='ltr'>omnium</span> <span class='ocrx_word' id='word_1_384' title='bbox 639 2632 791 2684; x_wconf 86' lang='lat' dir='ltr'>primus</span> <span class='ocrx_word' id='word_1_385' title='bbox 822 2631 900 2668; x_wconf 89' lang='lat' dir='ltr'>iam</span> <span class='ocrx_word' id='word_1_386' title='bbox 933 2636 1025 2668; x_wconf 90' lang='lat' dir='ltr'>ante</span> <span class='ocrx_word' id='word_1_387' title='bbox 1055 2631 1276 2668; x_wconf 85' lang='lat' dir='ltr'>Homerum</span> <span class='ocrx_word' id='word_1_388' title='bbox 1307 2635 1587 2681; x_wconf 88' lang='lat' dir='ltr'>argumentum</span> <span class='ocrx_word' id='word_1_389' title='bbox 1617 2628 1695 2666; x_wconf 80' lang='lat' dir='ltr'>hoe</span> 
     </span>
     <span class='ocr_line' id='line_1_43' title="bbox 183 2687 1694 2741; baseline 0.002 -18"><span class='ocrx_word' id='word_1_390' title='bbox 183 2693 371 2726; x_wconf 75' lang='lat' dir='ltr'>tractasse</span> <span class='ocrx_word' id='word_1_391' title='bbox 392 2691 596 2728; x_wconf 83' lang='lat' dir='ltr'>serebatur</span> <span class='ocrx_word' id='word_1_392' title='bbox 612 2721 621 2738; x_wconf 95' lang='lat'>,</span> <span class='ocrx_word' id='word_1_393' title='bbox 653 2704 728 2727; x_wconf 72' lang='lat' dir='ltr'>scr.</span> <span class='ocrx_word' id='word_1_394' title='bbox 752 2689 900 2726; x_wconf 80' lang='lat' dir='ltr'>Aelian.</span> <span class='ocrx_word' id='word_1_395' title='bbox 922 2689 968 2726; x_wconf 90' lang='lat' dir='ltr'>V.</span> <span class='ocrx_word' id='word_1_396' title='bbox 986 2688 1037 2726; x_wconf 88' lang='lat' dir='ltr'>H.</span> <span class='ocrx_word' id='word_1_397' title='bbox 1057 2689 1163 2738; x_wconf 71' lang='lat' dir='ltr'>XIV,</span> <span class='ocrx_word' id='word_1_398' title='bbox 1193 2691 1269 2737; x_wconf 77' lang='lat'>213</span> <span class='ocrx_word' id='word_1_399' title='bbox 1298 2688 1346 2725; x_wconf 88' lang='lat' dir='ltr'>de</span> <span class='ocrx_word' id='word_1_400' title='bbox 1375 2687 1538 2738; x_wconf 84' lang='lat' dir='ltr'>reliquis</span> <span class='ocrx_word' id='word_1_401' title='bbox 1573 2690 1694 2741; x_wconf 81' lang='grc' dir='ltr'><em>Τρωϊ-</em></span> 
     </span>
     <span class='ocr_line' id='line_1_44' title="bbox 184 2747 932 2799; baseline 0.001 -16"><span class='ocrx_word' id='word_1_402' title='bbox 184 2747 267 2784; x_wconf 78' lang='grc' dir='ltr'>κῶν</span> <span class='ocrx_word' id='word_1_403' title='bbox 293 2748 524 2785; x_wconf 75' lang='lat' dir='ltr'>auctoribus</span> <span class='ocrx_word' id='word_1_404' title='bbox 547 2762 664 2799; x_wconf 87' lang='lat' dir='ltr'>supra</span> <span class='ocrx_word' id='word_1_405' title='bbox 687 2747 837 2785; x_wconf 85' lang='lat' dir='ltr'>dictum</span> <span class='ocrx_word' id='word_1_406' title='bbox 862 2752 932 2784; x_wconf 88' lang='lat' dir='ltr'>est.</span> 
     </span>
    </p>

    <p class='ocr_par' dir='ltr' id='par_1_5' title="bbox 185 2802 1695 2971">
     <span class='ocr_line' id='line_1_45' title="bbox 296 2802 1693 2855; baseline -0.001 -16"><span class='ocrx_word' id='word_1_407' title='bbox 296 2803 422 2841; x_wconf 85' lang='lat' dir='ltr'>Fuere</span> <span class='ocrx_word' id='word_1_408' title='bbox 463 2813 502 2843; x_wconf 81' lang='lat' dir='ltr'>et</span> <span class='ocrx_word' id='word_1_409' title='bbox 542 2805 782 2855; x_wconf 79' lang='lat' dir='ltr'>Tragoediae</span> <span class='ocrx_word' id='word_1_410' title='bbox 824 2804 966 2841; x_wconf 87' lang='lat' dir='ltr'>Troiae</span> <span class='ocrx_word' id='word_1_411' title='bbox 1004 2803 1203 2841; x_wconf 76' lang='lat' dir='ltr'>excidium</span> <span class='ocrx_word' id='word_1_412' title='bbox 1249 2802 1368 2840; x_wconf 86' lang='lat' dir='ltr'>titulo</span> <span class='ocrx_word' id='word_1_413' title='bbox 1401 2802 1693 2853; x_wconf 87' lang='lat' dir='ltr'>praeferentes:</span> 
     </span>
     <span class='ocr_line' id='line_1_46' title="bbox 185 2855 1694 2915; baseline 0.001 -21"><span class='ocrx_word' id='word_1_414' title='bbox 185 2859 245 2895; x_wconf 87' lang='lat' dir='ltr'>uti</span> <span class='ocrx_word' id='word_1_415' title='bbox 269 2859 474 2911; x_wconf 85' lang='lat' dir='ltr'>Iophontis</span> <span class='ocrx_word' id='word_1_416' title='bbox 495 2855 780 2915; x_wconf 15' lang='lat' dir='ltr'>’IMovas&#39;ootg</span> <span class='ocrx_word' id='word_1_417' title='bbox 799 2861 904 2914; x_wconf 79' lang='lat' dir='ltr'>apud</span> <span class='ocrx_word' id='word_1_418' title='bbox 929 2861 1038 2899; x_wconf 88' lang='lat' dir='ltr'>Suid.</span> <span class='ocrx_word' id='word_1_419' title='bbox 1061 2860 1100 2898; x_wconf 90' lang='lat' dir='ltr'>h.</span> <span class='ocrx_word' id='word_1_420' title='bbox 1125 2875 1162 2899; x_wconf 83' lang='lat' dir='ltr'>v.</span> <span class='ocrx_word' id='word_1_421' title='bbox 1184 2873 1233 2897; x_wconf 84' lang='lat' dir='ltr'>ex</span> <span class='ocrx_word' id='word_1_422' title='bbox 1264 2866 1373 2899; x_wconf 78' lang='lat' dir='ltr'>certa</span> <span class='ocrx_word' id='word_1_423' title='bbox 1403 2860 1584 2898; x_wconf 86' lang='lat' dir='ltr'>virorum</span> <span class='ocrx_word' id='word_1_424' title='bbox 1619 2858 1694 2895; x_wconf 85' lang='lat' dir='ltr'>do-</span> 
     </span>
     <span class='ocr_line' id='line_1_47' title="bbox 186 2915 1695 2971; baseline 0.002 -18"><span class='ocrx_word' id='word_1_425' title='bbox 186 2922 341 2954; x_wconf 70' lang='lat' dir='ltr'>ctorum</span> <span class='ocrx_word' id='word_1_426' title='bbox 363 2920 652 2959; x_wconf 79' lang='lat' dir='ltr'>emendatione.</span> <span class='ocrx_word' id='word_1_427' title='bbox 714 2920 847 2970; x_wconf 82' lang='lat' dir='ltr'>Neque</span> <span class='ocrx_word' id='word_1_428' title='bbox 877 2918 1109 2957; x_wconf 83' lang='lat' dir='ltr'>Nicomachi</span> <span class='ocrx_word' id='word_1_429' title='bbox 1141 2918 1290 2971; x_wconf 75' lang='grc' dir='ltr'><em>Πέρσις</em></span> <span class='ocrx_word' id='word_1_430' title='bbox 1320 2915 1347 2969; x_wconf 75' lang='grc' dir='ltr'><em>ἢ</em></span> <span class='ocrx_word' id='word_1_431' title='bbox 1379 2916 1587 2967; x_wconf 75' lang='grc' dir='ltr'><em>Πολυξένη</em></span> <span class='ocrx_word' id='word_1_432' title='bbox 1618 2915 1695 2952; x_wconf 71' lang='lat' dir='ltr'>alio</span> 
     </span>
    </p>
   </div>
  </div>
 </body>
</html>
