<?xml version="1.0" encoding="UTF-8"?>
<!DOCTYPE html PUBLIC "-//W3C//DTD XHTML 1.0 Transitional//EN"
    "http://www.w3.org/TR/xhtml1/DTD/xhtml1-transitional.dtd">
<html xmlns="http://www.w3.org/1999/xhtml" xml:lang="en" lang="en">
 <head>
  <title>
</title>
<meta http-equiv="Content-Type" content="text/html;charset=utf-8" />
  <meta name='ocr-system' content='tesseract 3.04.00' />
  <meta name='ocr-capabilities' content='ocr_page ocr_carea ocr_par ocr_line ocrx_word'/>
</head>
<body>
  <div class='ocr_page' id='page_1' title='image "./publiusvirgilius02virguoft/publiusvirgilius02virguoft_0304.png"; bbox 0 0 1779 3420; ppageno 0'>
   <div class='ocr_carea' id='block_1_1' title="bbox 94 181 1301 249">
    <p class='ocr_par' dir='ltr' id='par_1_1' title="bbox 94 181 1301 249">
     <span class='ocr_line' id='line_1_1' title="bbox 94 181 1301 249; baseline -0.017 0"><span class='ocrx_word' id='word_1_1' title='bbox 94 201 197 249; x_wconf 77' lang='lat'>296</span> <span class='ocrx_word' id='word_1_2' title='bbox 424 193 480 241; x_wconf 88' lang='lat' dir='ltr'>P.</span> <span class='ocrx_word' id='word_1_3' title='bbox 523 186 882 241; x_wconf 88' lang='lat' dir='ltr'>VIRGILII</span> <span class='ocrx_word' id='word_1_4' title='bbox 918 181 1301 234; x_wconf 82' lang='lat' dir='ltr'>MAROle</span> 
     </span>
    </p>
   </div>
   <div class='ocr_carea' id='block_1_2' title="bbox 168 307 1626 383">
    <p class='ocr_par' dir='ltr' id='par_1_2' title="bbox 168 307 1626 383">
     <span class='ocr_line' id='line_1_2' title="bbox 168 307 1626 383; baseline -0.01 -12"><span class='ocrx_word' id='word_1_5' title='bbox 168 319 390 372; x_wconf 81' lang='lat' dir='ltr'>Talibus</span> <span class='ocrx_word' id='word_1_6' title='bbox 414 317 617 368; x_wconf 81' lang='lat' dir='ltr'>insidiis</span> <span class='ocrx_word' id='word_1_7' title='bbox 639 313 955 383; x_wconf 87' lang='lat' dir='ltr'>periurique</span> <span class='ocrx_word' id='word_1_8' title='bbox 985 317 1096 359; x_wconf 89' lang='lat' dir='ltr'>arte</span> <span class='ocrx_word' id='word_1_9' title='bbox 1119 307 1333 357; x_wconf 89' lang='lat' dir='ltr'>Sinonis</span> <span class='ocrx_word' id='word_1_10' title='bbox 1528 307 1626 357; x_wconf 88' lang='grc'>195</span> 
     </span>
    </p>
   </div>
   <div class='ocr_carea' id='block_1_3' title="bbox 98 378 1632 783">
    <p class='ocr_par' dir='ltr' id='par_1_3' title="bbox 98 378 1632 783">
     <span class='ocr_line' id='line_1_3' title="bbox 100 378 1501 455; baseline -0.014 -12"><span class='ocrx_word' id='word_1_11' title='bbox 100 392 318 446; x_wconf 80' lang='lat' dir='ltr'>Credita</span> <span class='ocrx_word' id='word_1_12' title='bbox 338 407 451 453; x_wconf 80' lang='lat' dir='ltr'>reS‚</span> <span class='ocrx_word' id='word_1_13' title='bbox 493 387 739 455; x_wconf 80' lang='lat' dir='ltr'>captique</span> <span class='ocrx_word' id='word_1_14' title='bbox 765 383 902 434; x_wconf 88' lang='lat' dir='ltr'>dolis</span> <span class='ocrx_word' id='word_1_15' title='bbox 924 379 1266 445; x_wconf 80' lang='lat' dir='ltr'>lacrimisque</span> <span class='ocrx_word' id='word_1_16' title='bbox 1291 378 1501 440; x_wconf 87' lang='lat' dir='ltr'>coactis,</span> 
     </span>
     <span class='ocr_line' id='line_1_4' title="bbox 102 448 1477 527; baseline -0.012 -14"><span class='ocrx_word' id='word_1_17' title='bbox 102 467 252 527; x_wconf 86' lang='lat' dir='ltr'>Quos</span> <span class='ocrx_word' id='word_1_18' title='bbox 279 477 461 527; x_wconf 89' lang='lat' dir='ltr'>neque</span> <span class='ocrx_word' id='word_1_19' title='bbox 480 456 739 523; x_wconf 77' lang='lat' dir='ltr'>Tydides,</span> <span class='ocrx_word' id='word_1_20' title='bbox 782 469 883 503; x_wconf 89' lang='lat' dir='ltr'>nec</span> <span class='ocrx_word' id='word_1_21' title='bbox 902 452 1202 501; x_wconf 79' lang='lat' dir='ltr'>Larissaeus</span> <span class='ocrx_word' id='word_1_22' title='bbox 1230 448 1477 511; x_wconf 85' lang='lat' dir='ltr'>Achilles,</span> 
     </span>
     <span class='ocr_line' id='line_1_5' title="bbox 98 519 1466 587; baseline -0.012 -2"><span class='ocrx_word' id='word_1_23' title='bbox 98 538 224 587; x_wconf 87' lang='lat' dir='ltr'>Non</span> <span class='ocrx_word' id='word_1_24' title='bbox 248 531 371 582; x_wconf 89' lang='lat' dir='ltr'>anni</span> <span class='ocrx_word' id='word_1_25' title='bbox 393 530 657 580; x_wconf 83' lang='lat' dir='ltr'>domuere</span> <span class='ocrx_word' id='word_1_26' title='bbox 682 525 901 585; x_wconf 80' lang='lat' dir='ltr'>decem,</span> <span class='ocrx_word' id='word_1_27' title='bbox 935 537 1048 569; x_wconf 90' lang='lat' dir='ltr'>non</span> <span class='ocrx_word' id='word_1_28' title='bbox 1067 519 1220 569; x_wconf 90' lang='lat' dir='ltr'>mille</span> <span class='ocrx_word' id='word_1_29' title='bbox 1244 519 1466 569; x_wconf 89' lang='lat' dir='ltr'>carinae.</span> 
     </span>
     <span class='ocr_line' id='line_1_6' title="bbox 170 588 1544 657; baseline -0.013 -3"><span class='ocrx_word' id='word_1_30' title='bbox 170 604 271 653; x_wconf 88' lang='lat' dir='ltr'>Hic</span> <span class='ocrx_word' id='word_1_31' title='bbox 295 600 441 652; x_wconf 88' lang='lat' dir='ltr'>aliud</span> <span class='ocrx_word' id='word_1_32' title='bbox 462 599 634 649; x_wconf 90' lang='lat' dir='ltr'>maius</span> <span class='ocrx_word' id='word_1_33' title='bbox 654 594 863 646; x_wconf 88' lang='lat' dir='ltr'>miseris</span> <span class='ocrx_word' id='word_1_34' title='bbox 884 591 1173 657; x_wconf 87' lang='lat' dir='ltr'>multoque</span> <span class='ocrx_word' id='word_1_35' title='bbox 1192 588 1544 639; x_wconf 88' lang='lat' dir='ltr'>tremendum</span> 
     </span>
     <span class='ocr_line' id='line_1_7' title="bbox 104 659 1631 734; baseline -0.012 -9"><span class='ocrx_word' id='word_1_36' title='bbox 104 673 371 726; x_wconf 79' lang='lat' dir='ltr'>obiicitur</span> <span class='ocrx_word' id='word_1_37' title='bbox 425 669 593 734; x_wconf 84' lang='lat' dir='ltr'>magis</span> <span class='ocrx_word' id='word_1_38' title='bbox 609 709 622 732; x_wconf 90' lang='lat'>‚</span> <span class='ocrx_word' id='word_1_39' title='bbox 689 675 848 732; x_wconf 89' lang='lat' dir='ltr'>atque</span> <span class='ocrx_word' id='word_1_40' title='bbox 906 659 1191 729; x_wconf 85' lang='lat' dir='ltr'>inprovida</span> <span class='ocrx_word' id='word_1_41' title='bbox 1248 668 1468 727; x_wconf 84' lang='lat' dir='ltr'>pectora</span> <span class='ocrx_word' id='word_1_42' title='bbox 1516 667 1631 707; x_wconf 92' lang='lat' dir='ltr'>tur-</span> 
     </span>
     <span class='ocr_line' id='line_1_8' title="bbox 899 732 1632 783; baseline -0.004 -1"><span class='ocrx_word' id='word_1_43' title='bbox 899 732 1004 783; x_wconf 89' lang='lat' dir='ltr'>bat.</span> <span class='ocrx_word' id='word_1_44' title='bbox 1528 734 1632 782; x_wconf 77' lang='lat'>200</span> 
     </span>
    </p>
   </div>
   <div class='ocr_carea' id='block_1_4' title="bbox 105 857 1639 1336">
    <p class='ocr_par' dir='ltr' id='par_1_4' title="bbox 105 857 1639 1336">
     <span class='ocr_line' id='line_1_9' title="bbox 200 857 1634 911; baseline -0.011 -6"><span class='ocrx_word' id='word_1_45' title='bbox 200 872 269 907; x_wconf 87' lang='grc'>196</span> <span class='ocrx_word' id='word_1_46' title='bbox 292 869 429 903; x_wconf 76' lang='lat' dir='ltr'>coactis</span> <span class='ocrx_word' id='word_1_47' title='bbox 460 866 607 901; x_wconf 83' lang='lat' dir='ltr'>Heinsio</span> <span class='ocrx_word' id='word_1_48' title='bbox 628 870 809 911; x_wconf 86' lang='lat' dir='ltr'>acceptum</span> <span class='ocrx_word' id='word_1_49' title='bbox 835 860 1042 902; x_wconf 83' lang='lat' dir='ltr'>ferendum,</span> <span class='ocrx_word' id='word_1_50' title='bbox 1077 859 1137 905; x_wconf 90' lang='lat' dir='ltr'>qui</span> <span class='ocrx_word' id='word_1_51' title='bbox 1167 858 1321 892; x_wconf 88' lang='lat' dir='ltr'>Medicei</span> <span class='ocrx_word' id='word_1_52' title='bbox 1349 857 1634 903; x_wconf 84' lang='lat' dir='ltr'>optimorumque</span> 
     </span>
     <span class='ocr_line' id='line_1_10' title="bbox 105 905 1635 956; baseline -0.011 -3"><span class='ocrx_word' id='word_1_53' title='bbox 105 918 210 953; x_wconf 86' lang='lat' dir='ltr'>codd.</span> <span class='ocrx_word' id='word_1_54' title='bbox 231 924 267 950; x_wconf 78' lang='lat' dir='ltr'>et</span> <span class='ocrx_word' id='word_1_55' title='bbox 287 916 622 955; x_wconf 82' lang='lat' dir='ltr'>Grammaticorum,</span> <span class='ocrx_word' id='word_1_56' title='bbox 647 912 760 947; x_wconf 86' lang='lat' dir='ltr'>Servii</span> <span class='ocrx_word' id='word_1_57' title='bbox 776 909 958 956; x_wconf 79' lang='lat' dir='ltr'>inprimis,</span> <span class='ocrx_word' id='word_1_58' title='bbox 985 909 1080 941; x_wconf 83' lang='lat' dir='ltr'>forte</span> <span class='ocrx_word' id='word_1_59' title='bbox 1098 915 1134 940; x_wconf 83' lang='lat' dir='ltr'>et</span> <span class='ocrx_word' id='word_1_60' title='bbox 1152 906 1283 940; x_wconf 77' lang='lat' dir='ltr'>Donati</span> <span class='ocrx_word' id='word_1_61' title='bbox 1307 905 1552 939; x_wconf 83' lang='lat' dir='ltr'>auctoritatem</span> <span class='ocrx_word' id='word_1_62' title='bbox 1573 916 1635 937; x_wconf 83' lang='lat' dir='ltr'>re-</span> 
     </span>
     <span class='ocr_line' id='line_1_11' title="bbox 106 952 1636 1010; baseline -0.01 -11"><span class='ocrx_word' id='word_1_63' title='bbox 106 974 161 999; x_wconf 84' lang='lat' dir='ltr'>cte</span> <span class='ocrx_word' id='word_1_64' title='bbox 181 971 348 1010; x_wconf 87' lang='lat' dir='ltr'>sequutus</span> <span class='ocrx_word' id='word_1_65' title='bbox 379 969 445 996; x_wconf 83' lang='lat' dir='ltr'>est.</span> <span class='ocrx_word' id='word_1_66' title='bbox 493 963 626 995; x_wconf 79' lang='lat' dir='ltr'>Probat</span> <span class='ocrx_word' id='word_1_67' title='bbox 658 972 797 1006; x_wconf 87' lang='lat' dir='ltr'>quoque</span> <span class='ocrx_word' id='word_1_68' title='bbox 825 956 1016 1002; x_wconf 85' lang='lat' dir='ltr'>Tyrwhitt.</span> <span class='ocrx_word' id='word_1_69' title='bbox 1046 955 1141 999; x_wconf 84' lang='lat' dir='ltr'>apud</span> <span class='ocrx_word' id='word_1_70' title='bbox 1171 956 1294 987; x_wconf 69' lang='lat' dir='ltr'>Dawes</span> <span class='ocrx_word' id='word_1_71' title='bbox 1325 953 1425 986; x_wconf 83' lang='lat' dir='ltr'>Misc.</span> <span class='ocrx_word' id='word_1_72' title='bbox 1451 952 1531 986; x_wconf 91' lang='lat' dir='ltr'>crit.</span> <span class='ocrx_word' id='word_1_73' title='bbox 1560 964 1636 985; x_wconf 88' lang='lat' dir='ltr'>cum</span> 
     </span>
     <span class='ocr_line' id='line_1_12' title="bbox 106 999 1637 1058; baseline -0.01 -12"><span class='ocrx_word' id='word_1_74' title='bbox 106 1015 267 1058; x_wconf 85' lang='lat' dir='ltr'>Burgess.</span> <span class='ocrx_word' id='word_1_75' title='bbox 286 1012 331 1045; x_wconf 85' lang='lat' dir='ltr'>V.</span> <span class='ocrx_word' id='word_1_76' title='bbox 351 1011 387 1044; x_wconf 91' lang='lat' dir='ltr'>C.</span> <span class='ocrx_word' id='word_1_77' title='bbox 410 1023 446 1056; x_wconf 84' lang='lat' dir='ltr'>p.</span> <span class='ocrx_word' id='word_1_78' title='bbox 466 1010 551 1046; x_wconf 87' lang='lat'>386.</span> <span class='ocrx_word' id='word_1_79' title='bbox 598 1007 655 1042; x_wconf 87' lang='lat' dir='ltr'>sic</span> <span class='ocrx_word' id='word_1_80' title='bbox 675 1015 708 1040; x_wconf 89' lang='lat' dir='ltr'>et</span> <span class='ocrx_word' id='word_1_81' title='bbox 726 1020 746 1040; x_wconf 89' lang='lat' dir='ltr'>a</span> <span class='ocrx_word' id='word_1_82' title='bbox 764 1003 962 1049; x_wconf 88' lang='lat' dir='ltr'>Pomponio</span> <span class='ocrx_word' id='word_1_83' title='bbox 980 1003 1109 1036; x_wconf 89' lang='lat' dir='ltr'>lectum</span> <span class='ocrx_word' id='word_1_84' title='bbox 1133 1008 1169 1034; x_wconf 83' lang='lat' dir='ltr'>et</span> <span class='ocrx_word' id='word_1_85' title='bbox 1193 1001 1229 1034; x_wconf 90' lang='lat' dir='ltr'>in</span> <span class='ocrx_word' id='word_1_86' title='bbox 1246 1002 1372 1046; x_wconf 78' lang='lat' dir='ltr'>fragm.</span> <span class='ocrx_word' id='word_1_87' title='bbox 1392 1000 1510 1034; x_wconf 85' lang='lat' dir='ltr'>Vatic.</span> <span class='ocrx_word' id='word_1_88' title='bbox 1548 999 1637 1032; x_wconf 86' lang='lat' dir='ltr'>Illu-</span> 
     </span>
     <span class='ocr_line' id='line_1_13' title="bbox 107 1047 1638 1094; baseline -0.01 0"><span class='ocrx_word' id='word_1_89' title='bbox 107 1068 194 1094; x_wconf 82' lang='lat' dir='ltr'>strat</span> <span class='ocrx_word' id='word_1_90' title='bbox 214 1059 389 1092; x_wconf 78' lang='lat' dir='ltr'>lacrimas</span> <span class='ocrx_word' id='word_1_91' title='bbox 417 1065 565 1090; x_wconf 81' lang='lat' dir='ltr'>coactas</span> <span class='ocrx_word' id='word_1_92' title='bbox 583 1054 706 1088; x_wconf 84' lang='lat' dir='ltr'>Heius.</span> <span class='ocrx_word' id='word_1_93' title='bbox 727 1060 763 1086; x_wconf 87' lang='lat' dir='ltr'>et</span> <span class='ocrx_word' id='word_1_94' title='bbox 783 1053 819 1086; x_wconf 88' lang='lat' dir='ltr'>h.</span> <span class='ocrx_word' id='word_1_95' title='bbox 848 1052 872 1085; x_wconf 91' lang='lat' dir='ltr'>l.</span> <span class='ocrx_word' id='word_1_96' title='bbox 895 1063 951 1084; x_wconf 78' lang='lat' dir='ltr'>eas</span> <span class='ocrx_word' id='word_1_97' title='bbox 971 1049 1132 1083; x_wconf 82' lang='lat' dir='ltr'>defendit</span> <span class='ocrx_word' id='word_1_98' title='bbox 1151 1049 1230 1094; x_wconf 83' lang='lat' dir='ltr'>ipsa</span> <span class='ocrx_word' id='word_1_99' title='bbox 1251 1061 1366 1081; x_wconf 89' lang='lat' dir='ltr'>rerum</span> <span class='ocrx_word' id='word_1_100' title='bbox 1397 1047 1490 1080; x_wconf 86' lang='lat' dir='ltr'>ratio</span> <span class='ocrx_word' id='word_1_101' title='bbox 1512 1060 1551 1080; x_wconf 84' lang='lat' dir='ltr'>ac</span> <span class='ocrx_word' id='word_1_102' title='bbox 1573 1058 1638 1079; x_wconf 88' lang='lat' dir='ltr'>ve·-</span> 
     </span>
     <span class='ocr_line' id='line_1_14' title="bbox 107 1094 1637 1149; baseline -0.01 -8"><span class='ocrx_word' id='word_1_103' title='bbox 107 1108 206 1141; x_wconf 86' lang='lat' dir='ltr'>ritas.</span> <span class='ocrx_word' id='word_1_104' title='bbox 254 1105 372 1149; x_wconf 80' lang='lat' dir='ltr'>Vulgo</span> <span class='ocrx_word' id='word_1_105' title='bbox 397 1105 526 1144; x_wconf 74' lang='lat' dir='ltr'>coacti,</span> <span class='ocrx_word' id='word_1_106' title='bbox 551 1102 670 1147; x_wconf 86' lang='lat' dir='ltr'>sicque</span> <span class='ocrx_word' id='word_1_107' title='bbox 692 1113 813 1134; x_wconf 89' lang='lat' dir='ltr'>omnes</span> <span class='ocrx_word' id='word_1_108' title='bbox 833 1098 954 1132; x_wconf 85' lang='lat' dir='ltr'>Pierii.</span> <span class='ocrx_word' id='word_1_109' title='bbox 980 1097 1101 1142; x_wconf 80' lang='lat' dir='ltr'>(etiam</span> <span class='ocrx_word' id='word_1_110' title='bbox 1125 1097 1234 1129; x_wconf 88' lang='lat' dir='ltr'>Paris.</span> <span class='ocrx_word' id='word_1_111' title='bbox 1255 1098 1290 1131; x_wconf 85' lang='lat'>7.</span> <span class='ocrx_word' id='word_1_112' title='bbox 1311 1095 1343 1129; x_wconf 89' lang='grc'>8.</span> <span class='ocrx_word' id='word_1_113' title='bbox 1362 1096 1395 1130; x_wconf 89' lang='grc'>9.</span> <span class='ocrx_word' id='word_1_114' title='bbox 1425 1098 1479 1129; x_wconf 86' lang='grc'>10.</span> <span class='ocrx_word' id='word_1_115' title='bbox 1503 1102 1537 1126; x_wconf 87' lang='lat' dir='ltr'>et</span> <span class='ocrx_word' id='word_1_116' title='bbox 1558 1094 1637 1126; x_wconf 88' lang='lat' dir='ltr'>Alb.</span> 
     </span>
     <span class='ocr_line' id='line_1_15' title="bbox 114 1141 1639 1197; baseline -0.01 -10"><span class='ocrx_word' id='word_1_117' title='bbox 114 1154 207 1197; x_wconf 80' lang='lat' dir='ltr'>Wr.)</span> <span class='ocrx_word' id='word_1_118' title='bbox 282 1153 349 1188; x_wconf 86' lang='lat'>199</span> <span class='ocrx_word' id='word_1_119' title='bbox 375 1153 459 1185; x_wconf 77' lang='lat' dir='ltr'>Huc</span> <span class='ocrx_word' id='word_1_120' title='bbox 479 1151 583 1183; x_wconf 76' lang='lat' dir='ltr'>aliud</span> <span class='ocrx_word' id='word_1_121' title='bbox 604 1151 732 1182; x_wconf 86' lang='lat' dir='ltr'>Donat.</span> <span class='ocrx_word' id='word_1_122' title='bbox 781 1148 924 1180; x_wconf 74' lang='lat' dir='ltr'>miseris</span> <span class='ocrx_word' id='word_1_123' title='bbox 942 1146 1062 1179; x_wconf 82' lang='lat' dir='ltr'>maius</span> <span class='ocrx_word' id='word_1_124' title='bbox 1081 1156 1134 1189; x_wconf 85' lang='lat' dir='ltr'>pr.</span> <span class='ocrx_word' id='word_1_125' title='bbox 1153 1144 1279 1177; x_wconf 88' lang='lat' dir='ltr'>Hamb.</span> <span class='ocrx_word' id='word_1_126' title='bbox 1316 1142 1515 1175; x_wconf 72' lang='lat' dir='ltr'>timendum</span> <span class='ocrx_word' id='word_1_127' title='bbox 1534 1141 1639 1174; x_wconf 84' lang='lat' dir='ltr'>idem.</span> 
     </span>
     <span class='ocr_line' id='line_1_16' title="bbox 109 1188 1639 1245; baseline -0.009 -11"><span class='ocrx_word' id='word_1_128' title='bbox 109 1201 250 1245; x_wconf 88' lang='lat' dir='ltr'>vulgata</span> <span class='ocrx_word' id='word_1_129' title='bbox 276 1206 330 1232; x_wconf 83' lang='lat' dir='ltr'>est</span> <span class='ocrx_word' id='word_1_130' title='bbox 353 1198 448 1244; x_wconf 85' lang='lat' dir='ltr'>apud</span> <span class='ocrx_word' id='word_1_131' title='bbox 474 1196 629 1231; x_wconf 84' lang='lat' dir='ltr'>Nonium</span> <span class='ocrx_word' id='word_1_132' title='bbox 659 1196 696 1229; x_wconf 87' lang='lat' dir='ltr'>in</span> <span class='ocrx_word' id='word_1_133' title='bbox 728 1204 894 1228; x_wconf 76' lang='lat' dir='ltr'>tremere.</span> <span class='ocrx_word' id='word_1_134' title='bbox 990 1193 1061 1227; x_wconf 72' lang='lat'>200</span> <span class='ocrx_word' id='word_1_135' title='bbox 1088 1190 1264 1224; x_wconf 72' lang='lat' dir='ltr'>obiicitur</span> <span class='ocrx_word' id='word_1_136' title='bbox 1291 1199 1495 1223; x_wconf 74' lang='lat' dir='ltr'>monstrum</span> <span class='ocrx_word' id='word_1_137' title='bbox 1525 1188 1639 1233; x_wconf 82' lang='lat' dir='ltr'>Bigot.</span> 
     </span>
     <span class='ocr_line' id='line_1_17' title="bbox 107 1237 1637 1291; baseline -0.008 -9"><span class='ocrx_word' id='word_1_138' title='bbox 107 1250 178 1283; x_wconf 87' lang='lat' dir='ltr'>Sed</span> <span class='ocrx_word' id='word_1_139' title='bbox 197 1248 234 1281; x_wconf 91' lang='lat' dir='ltr'>id</span> <span class='ocrx_word' id='word_1_140' title='bbox 252 1247 319 1280; x_wconf 85' lang='lat' dir='ltr'>iam</span> <span class='ocrx_word' id='word_1_141' title='bbox 343 1246 417 1291; x_wconf 88' lang='lat' dir='ltr'>peti</span> <span class='ocrx_word' id='word_1_142' title='bbox 444 1250 587 1290; x_wconf 83' lang='lat' dir='ltr'>poterat</span> <span class='ocrx_word' id='word_1_143' title='bbox 607 1256 647 1277; x_wconf 86' lang='lat' dir='ltr'>ex</span> <span class='ocrx_word' id='word_1_144' title='bbox 670 1244 747 1278; x_wconf 83' lang='lat'>171.</span> <span class='ocrx_word' id='word_1_145' title='bbox 783 1242 862 1276; x_wconf 80' lang='lat' dir='ltr'>Nec</span> <span class='ocrx_word' id='word_1_146' title='bbox 881 1237 1003 1274; x_wconf 60' lang='lat' dir='ltr'>dubiis</span> <span class='ocrx_word' id='word_1_147' title='bbox 1023 1251 1067 1272; x_wconf 84' lang='lat' dir='ltr'>ea</span> <span class='ocrx_word' id='word_1_148' title='bbox 1087 1240 1198 1285; x_wconf 81' lang='lat' dir='ltr'>signa</span> <span class='ocrx_word' id='word_1_149' title='bbox 1216 1238 1319 1271; x_wconf 65' lang='lat' dir='ltr'>dedic</span> <span class='ocrx_word' id='word_1_150' title='bbox 1343 1238 1513 1271; x_wconf 70' lang='lat' dir='ltr'>Tritonia</span> <span class='ocrx_word' id='word_1_151' title='bbox 1533 1248 1637 1270; x_wconf 88' lang='lat' dir='ltr'>mon—</span> 
     </span>
     <span class='ocr_line' id='line_1_18' title="bbox 109 1286 1107 1336; baseline -0.012 -6"><span class='ocrx_word' id='word_1_152' title='bbox 109 1297 208 1330; x_wconf 72' lang='lat' dir='ltr'>stris.</span> <span class='ocrx_word' id='word_1_153' title='bbox 255 1294 327 1328; x_wconf 76' lang='lat' dir='ltr'>Sed</span> <span class='ocrx_word' id='word_1_154' title='bbox 349 1293 455 1326; x_wconf 81' lang='lat' dir='ltr'>aliud</span> <span class='ocrx_word' id='word_1_155' title='bbox 478 1298 533 1325; x_wconf 85' lang='lat' dir='ltr'>est</span> <span class='ocrx_word' id='word_1_156' title='bbox 553 1291 622 1325; x_wconf 88' lang='lat' dir='ltr'>alia</span> <span class='ocrx_word' id='word_1_157' title='bbox 641 1303 710 1324; x_wconf 88' lang='lat' dir='ltr'>res.</span> <span class='ocrx_word' id='word_1_158' title='bbox 745 1302 789 1323; x_wconf 85' lang='lat' dir='ltr'>ac</span> <span class='ocrx_word' id='word_1_159' title='bbox 809 1290 916 1336; x_wconf 84' lang='lat' dir='ltr'>impr.</span> <span class='ocrx_word' id='word_1_160' title='bbox 930 1286 1032 1320; x_wconf 81' lang='lat' dir='ltr'>Leid.</span> <span class='ocrx_word' id='word_1_161' title='bbox 1051 1298 1107 1319; x_wconf 88' lang='lat' dir='ltr'>un.</span> 
     </span>
    </p>
   </div>
   <div class='ocr_carea' id='block_1_5' title="bbox 109 1401 1644 1457">
    <p class='ocr_par' dir='ltr' id='par_1_5' title="bbox 109 1401 1644 1457">
     <span class='ocr_line' id='line_1_19' title="bbox 109 1401 1644 1457; baseline -0.01 -2"><span class='ocrx_word' id='word_1_162' title='bbox 109 1412 273 1457; x_wconf 81' lang='lat'>—194.</span> <span class='ocrx_word' id='word_1_163' title='bbox 313 1412 380 1451; x_wconf 89' lang='lat' dir='ltr'>Sin</span> <span class='ocrx_word' id='word_1_164' title='bbox 413 1426 435 1449; x_wconf 91' lang='lat' dir='ltr'>a</span> <span class='ocrx_word' id='word_1_165' title='bbox 473 1409 589 1450; x_wconf 87' lang='lat' dir='ltr'>vobis</span> <span class='ocrx_word' id='word_1_166' title='bbox 621 1409 664 1448; x_wconf 91' lang='lat' dir='ltr'>in</span> <span class='ocrx_word' id='word_1_167' title='bbox 698 1408 843 1449; x_wconf 86' lang='lat' dir='ltr'>urbem</span> <span class='ocrx_word' id='word_1_168' title='bbox 902 1407 1089 1445; x_wconf 85' lang='lat' dir='ltr'>ianorum</span> <span class='ocrx_word' id='word_1_169' title='bbox 1123 1403 1265 1442; x_wconf 87' lang='lat' dir='ltr'>animis</span> <span class='ocrx_word' id='word_1_170' title='bbox 1297 1402 1482 1441; x_wconf 81' lang='lat' dir='ltr'>debebat.</span> <span class='ocrx_word' id='word_1_171' title='bbox 1541 1401 1644 1440; x_wconf 82' lang='lat' dir='ltr'>Vide</span> 
     </span>
    </p>
   </div>
   <div class='ocr_carea' id='block_1_6' title="bbox 110 1467 847 1643">
    <p class='ocr_par' dir='ltr' id='par_1_6' title="bbox 110 1467 847 1643">
     <span class='ocr_line' id='line_1_20' title="bbox 110 1467 845 1521; baseline -0.011 -9"><span class='ocrx_word' id='word_1_172' title='bbox 110 1473 303 1512; x_wconf 89' lang='lat' dir='ltr'>inductus</span> <span class='ocrx_word' id='word_1_173' title='bbox 336 1477 439 1508; x_wconf 83' lang='lat' dir='ltr'>esset</span> <span class='ocrx_word' id='word_1_174' title='bbox 459 1483 598 1521; x_wconf 81' lang='lat' dir='ltr'>equus,</span> <span class='ocrx_word' id='word_1_175' title='bbox 635 1467 845 1515; x_wconf 90' lang='lat' dir='ltr'>Troianos,</span> 
     </span>
     <span class='ocr_line' id='line_1_21' title="bbox 112 1525 846 1579; baseline -0.011 -9"><span class='ocrx_word' id='word_1_176' title='bbox 112 1530 316 1570; x_wconf 75' lang='lat' dir='ltr'>conversis</span> <span class='ocrx_word' id='word_1_177' title='bbox 348 1529 461 1578; x_wconf 71' lang='lat' dir='ltr'>fatis,</span> <span class='ocrx_word' id='word_1_178' title='bbox 491 1528 618 1579; x_wconf 83' lang='lat' dir='ltr'>Argos</span> <span class='ocrx_word' id='word_1_179' title='bbox 639 1539 721 1564; x_wconf 88' lang='lat' dir='ltr'>esse</span> <span class='ocrx_word' id='word_1_180' title='bbox 740 1525 846 1564; x_wconf 88' lang='lat' dir='ltr'>bello</span> 
     </span>
     <span class='ocr_line' id='line_1_22' title="bbox 113 1582 847 1643; baseline -0.011 -15"><span class='ocrx_word' id='word_1_181' title='bbox 113 1590 313 1643; x_wconf 78' lang='lat' dir='ltr'>petituros</span> <span class='ocrx_word' id='word_1_182' title='bbox 335 1593 374 1625; x_wconf 82' lang='lat' dir='ltr'>et</span> <span class='ocrx_word' id='word_1_183' title='bbox 395 1583 750 1637; x_wconf 70' lang='lat' dir='ltr'>excisuros.(zcltro,</span> <span class='ocrx_word' id='word_1_184' title='bbox 764 1582 847 1623; x_wconf 87' lang='lat' dir='ltr'>vid.</span> 
     </span>
    </p>
   </div>
   <div class='ocr_carea' id='block_1_7' title="bbox 115 1642 850 1781">
    <p class='ocr_par' dir='ltr' id='par_1_7' title="bbox 115 1642 850 1781">
     <span class='ocr_line' id='line_1_23' title="bbox 115 1642 587 1696; baseline -0.013 -10"><span class='ocrx_word' id='word_1_185' title='bbox 115 1645 398 1696; x_wconf 83' lang='lat' dir='ltr'>Q.V.XXVII‚</span> <span class='ocrx_word' id='word_1_186' title='bbox 419 1647 457 1686; x_wconf 80' lang='lat'>2.</span> <span class='ocrx_word' id='word_1_187' title='bbox 474 1642 587 1696; x_wconf 76' lang='lat' dir='ltr'>lVr.)</span> 
     </span>
     <span class='ocr_line' id='line_1_24' title="bbox 176 1727 850 1781; baseline -0.019 -5"><span class='ocrx_word' id='word_1_188' title='bbox 176 1732 324 1777; x_wconf 83' lang='lat'>195·—</span> <span class='ocrx_word' id='word_1_189' title='bbox 339 1733 432 1773; x_wconf 83' lang='grc'><strong>198.</strong></span> <span class='ocrx_word' id='word_1_190' title='bbox 452 1729 663 1781; x_wconf 80' lang='lat' dir='ltr'>Egregium</span> <span class='ocrx_word' id='word_1_191' title='bbox 677 1727 850 1780; x_wconf 86' lang='lat' dir='ltr'>epipho-</span> 
     </span>
    </p>
   </div>
   <div class='ocr_carea' id='block_1_8' title="bbox 115 1785 861 2530">
    <p class='ocr_par' dir='ltr' id='par_1_8' title="bbox 115 1785 861 2530">
     <span class='ocr_line' id='line_1_25' title="bbox 115 1785 852 1839; baseline -0.012 -8"><span class='ocrx_word' id='word_1_192' title='bbox 115 1805 256 1839; x_wconf 83' lang='lat' dir='ltr'>nema,</span> <span class='ocrx_word' id='word_1_193' title='bbox 296 1790 497 1828; x_wconf 88' lang='lat' dir='ltr'>inclusum</span> <span class='ocrx_word' id='word_1_194' title='bbox 534 1786 734 1825; x_wconf 87' lang='lat' dir='ltr'>sententia</span> <span class='ocrx_word' id='word_1_195' title='bbox 778 1785 852 1823; x_wconf 81' lang='lat' dir='ltr'>ali-</span> 
     </span>
     <span class='ocr_line' id='line_1_26' title="bbox 117 1844 851 1903; baseline -0.01 -15"><span class='ocrx_word' id='word_1_196' title='bbox 117 1864 199 1903; x_wconf 88' lang='lat' dir='ltr'>qua</span> <span class='ocrx_word' id='word_1_197' title='bbox 235 1847 500 1900; x_wconf 76' lang='lat' dir='ltr'>inprimisque</span> <span class='ocrx_word' id='word_1_198' title='bbox 533 1845 586 1883; x_wconf 88' lang='lat' dir='ltr'>ad</span> <span class='ocrx_word' id='word_1_199' title='bbox 623 1844 851 1882; x_wconf 87' lang='lat' dir='ltr'>miseratio-</span> 
     </span>
     <span class='ocr_line' id='line_1_27' title="bbox 117 1904 852 1959; baseline -0.012 -12"><span class='ocrx_word' id='word_1_200' title='bbox 117 1921 211 1947; x_wconf 88' lang='lat' dir='ltr'>nem</span> <span class='ocrx_word' id='word_1_201' title='bbox 233 1912 383 1959; x_wconf 83' lang='lat' dir='ltr'>aptum.</span> <span class='ocrx_word' id='word_1_202' title='bbox 414 1904 596 1943; x_wconf 66' lang='lat' dir='ltr'>Achilles</span> <span class='ocrx_word' id='word_1_203' title='bbox 608 1905 852 1941; x_wconf 71' lang='lat' dir='ltr'>Larissaeus</span> 
     </span>
     <span class='ocr_line' id='line_1_28' title="bbox 118 1961 853 2018; baseline -0.012 -13"><span class='ocrx_word' id='word_1_204' title='bbox 118 1965 249 2018; x_wconf 84' lang='lat' dir='ltr'>simpl.</span> <span class='ocrx_word' id='word_1_205' title='bbox 281 1963 514 2010; x_wconf 77' lang='lat' dir='ltr'>Thessalus3</span> <span class='ocrx_word' id='word_1_206' title='bbox 546 1961 640 1998; x_wconf 89' lang='lat' dir='ltr'>alias</span> <span class='ocrx_word' id='word_1_207' title='bbox 671 1974 754 1998; x_wconf 87' lang='lat' dir='ltr'>non</span> <span class='ocrx_word' id='word_1_208' title='bbox 787 1973 853 1996; x_wconf 85' lang='lat' dir='ltr'>sa-</span> 
     </span>
     <span class='ocr_line' id='line_1_29' title="bbox 120 2019 853 2071; baseline -0.012 -8"><span class='ocrx_word' id='word_1_209' title='bbox 120 2025 173 2063; x_wconf 89' lang='lat' dir='ltr'>tis</span> <span class='ocrx_word' id='word_1_210' title='bbox 208 2028 418 2071; x_wconf 79' lang='lat' dir='ltr'>accurate3</span> <span class='ocrx_word' id='word_1_211' title='bbox 456 2034 551 2058; x_wconf 90' lang='lat' dir='ltr'>nam</span> <span class='ocrx_word' id='word_1_212' title='bbox 579 2019 733 2057; x_wconf 84' lang='lat' dir='ltr'>Larissa</span> <span class='ocrx_word' id='word_1_213' title='bbox 765 2024 853 2055; x_wconf 88' lang='lat' dir='ltr'>tum</span> 
     </span>
     <span class='ocr_line' id='line_1_30' title="bbox 120 2075 855 2132; baseline -0.01 -12"><span class='ocrx_word' id='word_1_214' title='bbox 120 2081 267 2121; x_wconf 84' lang='lat' dir='ltr'>Achilli</span> <span class='ocrx_word' id='word_1_215' title='bbox 296 2095 376 2118; x_wconf 89' lang='lat' dir='ltr'>non</span> <span class='ocrx_word' id='word_1_216' title='bbox 389 2078 580 2132; x_wconf 86' lang='lat' dir='ltr'>parebat,</span> <span class='ocrx_word' id='word_1_217' title='bbox 613 2076 684 2114; x_wconf 84' lang='lat' dir='ltr'>sed</span> <span class='ocrx_word' id='word_1_218' title='bbox 704 2075 855 2124; x_wconf 73' lang='lat' dir='ltr'>Letho3</span> 
     </span>
     <span class='ocr_line' id='line_1_31' title="bbox 121 2133 854 2189; baseline -0.01 -10"><span class='ocrx_word' id='word_1_219' title='bbox 121 2147 163 2179; x_wconf 86' lang='lat' dir='ltr'>et</span> <span class='ocrx_word' id='word_1_220' title='bbox 189 2154 209 2177; x_wconf 89' lang='lat' dir='ltr'>a</span> <span class='ocrx_word' id='word_1_221' title='bbox 241 2137 411 2189; x_wconf 82' lang='lat' dir='ltr'>Pelasgis</span> <span class='ocrx_word' id='word_1_222' title='bbox 442 2136 717 2174; x_wconf 85' lang='lat' dir='ltr'>habitabatur.</span> <span class='ocrx_word' id='word_1_223' title='bbox 771 2133 854 2172; x_wconf 88' lang='lat' dir='ltr'>vid.</span> 
     </span>
     <span class='ocr_line' id='line_1_32' title="bbox 122 2194 858 2250; baseline -0.012 -12"><span class='ocrx_word' id='word_1_224' title='bbox 122 2197 236 2238; x_wconf 88' lang='lat' dir='ltr'>Iliad.</span> <span class='ocrx_word' id='word_1_225' title='bbox 262 2198 299 2250; x_wconf 89' lang='grc' dir='ltr'>β.</span> <span class='ocrx_word' id='word_1_226' title='bbox 330 2197 414 2238; x_wconf 82' lang='grc'>840</span> <span class='ocrx_word' id='word_1_227' title='bbox 438 2209 522 2246; x_wconf 90' lang='lat' dir='ltr'>sqq.</span> <span class='ocrx_word' id='word_1_228' title='bbox 562 2194 673 2231; x_wconf 77' lang='lat' dir='ltr'>mille</span> <span class='ocrx_word' id='word_1_229' title='bbox 693 2194 858 2230; x_wconf 75' lang='lat' dir='ltr'>carinae</span> 
     </span>
     <span class='ocr_line' id='line_1_33' title="bbox 122 2252 856 2307; baseline -0.011 -12"><span class='ocrx_word' id='word_1_230' title='bbox 122 2268 292 2296; x_wconf 86' lang='lat' dir='ltr'>numero</span> <span class='ocrx_word' id='word_1_231' title='bbox 309 2254 444 2307; x_wconf 88' lang='lat' dir='ltr'>paullo</span> <span class='ocrx_word' id='word_1_232' title='bbox 468 2252 632 2291; x_wconf 84' lang='lat' dir='ltr'>liberius</span> <span class='ocrx_word' id='word_1_233' title='bbox 654 2264 856 2303; x_wconf 82' lang='lat' dir='ltr'>expresso,</span> 
     </span>
     <span class='ocr_line' id='line_1_34' title="bbox 123 2308 858 2363; baseline -0.011 -10"><span class='ocrx_word' id='word_1_234' title='bbox 123 2321 172 2354; x_wconf 79' lang='lat' dir='ltr'>ul.</span> <span class='ocrx_word' id='word_1_235' title='bbox 198 2314 328 2351; x_wconf 86' lang='lat' dir='ltr'>solent</span> <span class='ocrx_word' id='word_1_236' title='bbox 362 2319 516 2363; x_wconf 82' lang='lat' dir='ltr'>poetae.</span> <span class='ocrx_word' id='word_1_237' title='bbox 558 2324 598 2348; x_wconf 87' lang='lat' dir='ltr'>v.</span> <span class='ocrx_word' id='word_1_238' title='bbox 616 2309 783 2362; x_wconf 87' lang='lat' dir='ltr'>Popium</span> <span class='ocrx_word' id='word_1_239' title='bbox 807 2308 858 2346; x_wconf 84' lang='lat' dir='ltr'>ad</span> 
     </span>
     <span class='ocr_line' id='line_1_35' title="bbox 124 2367 861 2424; baseline -0.008 -14"><span class='ocrx_word' id='word_1_240' title='bbox 124 2372 235 2411; x_wconf 86' lang='lat' dir='ltr'>Iliad.</span> <span class='ocrx_word' id='word_1_241' title='bbox 258 2373 295 2424; x_wconf 85' lang='grc' dir='ltr'>β.</span> <span class='ocrx_word' id='word_1_242' title='bbox 337 2371 499 2408; x_wconf 82' lang='lat' dir='ltr'>Barnes.</span> <span class='ocrx_word' id='word_1_243' title='bbox 526 2368 578 2406; x_wconf 76' lang='lat' dir='ltr'>ad</span> <span class='ocrx_word' id='word_1_244' title='bbox 608 2368 744 2419; x_wconf 86' lang='lat' dir='ltr'>Eurip.</span> <span class='ocrx_word' id='word_1_245' title='bbox 773 2367 861 2404; x_wconf 92' lang='lat' dir='ltr'>An—</span> 
     </span>
     <span class='ocr_line' id='line_1_36' title="bbox 127 2425 860 2477; baseline -0.008 -9"><span class='ocrx_word' id='word_1_246' title='bbox 127 2431 258 2469; x_wconf 80' lang='lat' dir='ltr'>drom.</span> <span class='ocrx_word' id='word_1_247' title='bbox 284 2431 375 2470; x_wconf 75' lang='lat'>106.</span> <span class='ocrx_word' id='word_1_248' title='bbox 405 2427 614 2465; x_wconf 87' lang='lat' dir='ltr'>Muncker.</span> <span class='ocrx_word' id='word_1_249' title='bbox 635 2426 688 2464; x_wconf 82' lang='lat' dir='ltr'>ad</span> <span class='ocrx_word' id='word_1_250' title='bbox 713 2425 860 2477; x_wconf 73' lang='lat' dir='ltr'>Hygin-</span> 
     </span>
     <span class='ocr_line' id='line_1_37' title="bbox 127 2483 861 2530; baseline -0.007 -5"><span class='ocrx_word' id='word_1_251' title='bbox 127 2491 184 2530; x_wconf 90' lang='lat'>97</span> <span class='ocrx_word' id='word_1_252' title='bbox 220 2486 296 2524; x_wconf 86' lang='lat' dir='ltr'>sab.</span> <span class='ocrx_word' id='word_1_253' title='bbox 337 2485 455 2523; x_wconf 85' lang='lat' dir='ltr'>etiam</span> <span class='ocrx_word' id='word_1_254' title='bbox 487 2484 658 2522; x_wconf 78' lang='lat' dir='ltr'>cordam</span> <span class='ocrx_word' id='word_1_255' title='bbox 684 2483 735 2520; x_wconf 79' lang='lat' dir='ltr'>ad</span> <span class='ocrx_word' id='word_1_256' title='bbox 766 2483 805 2520; x_wconf 91' lang='lat' dir='ltr'>h.</span> <span class='ocrx_word' id='word_1_257' title='bbox 835 2483 861 2520; x_wconf 88' lang='lat' dir='ltr'>l.</span> 
     </span>
    </p>
   </div>
   <div class='ocr_carea' id='block_1_9' title="bbox 129 2541 861 2594">
    <p class='ocr_par' dir='ltr' id='par_1_9' title="bbox 129 2541 861 2594">
     <span class='ocr_line' id='line_1_38' title="bbox 129 2541 861 2594; baseline -0.01 -10"><span class='ocrx_word' id='word_1_258' title='bbox 129 2551 169 2584; x_wconf 86' lang='lat' dir='ltr'>et</span> <span class='ocrx_word' id='word_1_259' title='bbox 189 2544 322 2583; x_wconf 81' lang='lat' dir='ltr'>Ursin.</span> <span class='ocrx_word' id='word_1_260' title='bbox 351 2556 481 2594; x_wconf 85' lang='lat' dir='ltr'>nuper</span> <span class='ocrx_word' id='word_1_261' title='bbox 501 2555 661 2592; x_wconf 81' lang='lat' dir='ltr'>quoque</span> <span class='ocrx_word' id='word_1_262' title='bbox 693 2541 861 2579; x_wconf 83' lang='lat' dir='ltr'>Werns-</span> 
     </span>
    </p>
   </div>
   <div class='ocr_carea' id='block_1_10' title="bbox 130 2597 861 2650">
    <p class='ocr_par' dir='ltr' id='par_1_10' title="bbox 130 2597 861 2650">
     <span class='ocr_line' id='line_1_39' title="bbox 130 2597 861 2650; baseline -0.01 -8"><span class='ocrx_word' id='word_1_263' title='bbox 130 2604 233 2642; x_wconf 83' lang='lat' dir='ltr'>dors.</span> <span class='ocrx_word' id='word_1_264' title='bbox 267 2602 314 2640; x_wconf 88' lang='lat' dir='ltr'>V.</span> <span class='ocrx_word' id='word_1_265' title='bbox 334 2602 372 2638; x_wconf 86' lang='lat' dir='ltr'>C.</span> <span class='ocrx_word' id='word_1_266' title='bbox 396 2602 438 2639; x_wconf 82' lang='grc' dir='ltr'>Ρ.</span> <span class='ocrx_word' id='word_1_267' title='bbox 461 2600 514 2638; x_wconf 90' lang='grc' dir='ltr'>Μ.</span> <span class='ocrx_word' id='word_1_268' title='bbox 536 2601 580 2637; x_wconf 80' lang='grc' dir='ltr'>Τ.</span> <span class='ocrx_word' id='word_1_269' title='bbox 606 2599 671 2647; x_wconf 81' lang='lat' dir='ltr'>lv,</span> <span class='ocrx_word' id='word_1_270' title='bbox 704 2613 741 2650; x_wconf 88' lang='lat' dir='ltr'>p.</span> <span class='ocrx_word' id='word_1_271' title='bbox 765 2597 861 2641; x_wconf 81' lang='lat'>645.</span> 
     </span>
    </p>
   </div>
   <div class='ocr_carea' id='block_1_11' title="bbox 131 2684 866 2973">
    <p class='ocr_par' dir='ltr' id='par_1_11' title="bbox 131 2684 866 2973">
     <span class='ocr_line' id='line_1_40' title="bbox 190 2684 861 2738; baseline -0.009 -12"><span class='ocrx_word' id='word_1_272' title='bbox 190 2691 284 2731; x_wconf 88' lang='lat'>199.</span> <span class='ocrx_word' id='word_1_273' title='bbox 315 2687 507 2738; x_wconf 80' lang='lat' dir='ltr'>Sequitur</span> <span class='ocrx_word' id='word_1_274' title='bbox 531 2685 643 2723; x_wconf 87' lang='lat' dir='ltr'>locus</span> <span class='ocrx_word' id='word_1_275' title='bbox 676 2684 725 2721; x_wconf 88' lang='lat' dir='ltr'>de</span> <span class='ocrx_word' id='word_1_276' title='bbox 746 2686 861 2721; x_wconf 83' lang='lat' dir='ltr'>Lao—</span> 
     </span>
     <span class='ocr_line' id='line_1_41' title="bbox 131 2742 863 2795; baseline -0.008 -10"><span class='ocrx_word' id='word_1_277' title='bbox 131 2756 284 2795; x_wconf 66' lang='lat' dir='ltr'>comite,</span> <span class='ocrx_word' id='word_1_278' title='bbox 338 2746 380 2783; x_wconf 91' lang='lat' dir='ltr'>in</span> <span class='ocrx_word' id='word_1_279' title='bbox 415 2758 495 2795; x_wconf 84' lang='lat' dir='ltr'>quo</span> <span class='ocrx_word' id='word_1_280' title='bbox 533 2742 863 2780; x_wconf 78' lang='lat' dir='ltr'>animadverten-</span> 
     </span>
     <span class='ocr_line' id='line_1_42' title="bbox 132 2800 865 2855; baseline -0.01 -12"><span class='ocrx_word' id='word_1_281' title='bbox 132 2804 252 2853; x_wconf 84' lang='lat' dir='ltr'>dum,</span> <span class='ocrx_word' id='word_1_282' title='bbox 283 2817 402 2855; x_wconf 86' lang='lat' dir='ltr'>quam</span> <span class='ocrx_word' id='word_1_283' title='bbox 425 2800 725 2839; x_wconf 85' lang='lat' dir='ltr'>accommodate</span> <span class='ocrx_word' id='word_1_284' title='bbox 744 2806 865 2852; x_wconf 78' lang='lat' dir='ltr'>poeta</span> 
     </span>
     <span class='ocr_line' id='line_1_43' title="bbox 133 2858 866 2907; baseline -0.01 -6"><span class='ocrx_word' id='word_1_285' title='bbox 133 2863 265 2902; x_wconf 81' lang='lat' dir='ltr'>omnia</span> <span class='ocrx_word' id='word_1_286' title='bbox 317 2862 377 2899; x_wconf 75' lang='lat' dir='ltr'>acl</span> <span class='ocrx_word' id='word_1_287' title='bbox 431 2869 611 2897; x_wconf 76' lang='lat' dir='ltr'>lermrem</span> <span class='ocrx_word' id='word_1_288' title='bbox 662 2858 866 2907; x_wconf 82' lang='lat' dir='ltr'>extulerit,</span> 
     </span>
     <span class='ocr_line' id='line_1_44' title="bbox 132 2915 866 2973; baseline -0.005 -16"><span class='ocrx_word' id='word_1_289' title='bbox 132 2935 252 2973; x_wconf 87' lang='lat' dir='ltr'>quem</span> <span class='ocrx_word' id='word_1_290' title='bbox 272 2924 473 2958; x_wconf 82' lang='lat' dir='ltr'>ostentum</span> <span class='ocrx_word' id='word_1_291' title='bbox 497 2915 575 2955; x_wconf 88' lang='lat' dir='ltr'>hoc</span> <span class='ocrx_word' id='word_1_292' title='bbox 590 2915 749 2954; x_wconf 88' lang='lat' dir='ltr'>iniicere</span> <span class='ocrx_word' id='word_1_293' title='bbox 761 2916 866 2954; x_wconf 83' lang='lat' dir='ltr'>Tro-</span> 
     </span>
    </p>
   </div>
   <div class='ocr_carea' id='block_1_12' title="bbox 902 1459 1645 1562">
    <p class='ocr_par' dir='ltr' id='par_1_12' title="bbox 902 1459 1645 1562">
     <span class='ocr_line' id='line_1_45' title="bbox 902 1459 1645 1562; baseline -0.007 -59"><span class='ocrx_word' id='word_1_294' title='bbox 902 1479 943 1562; x_wconf 57' lang='grc' dir='ltr'>ζ.</span> <span class='ocrx_word' id='word_1_295' title='bbox 966 1466 1051 1506; x_wconf 80' lang='lat'>228</span> <span class='ocrx_word' id='word_1_296' title='bbox 1083 1476 1167 1515; x_wconf 88' lang='lat' dir='ltr'>sqq.</span> <span class='ocrx_word' id='word_1_297' title='bbox 1221 1461 1312 1500; x_wconf 85' lang='lat' dir='ltr'>Vid.</span> <span class='ocrx_word' id='word_1_298' title='bbox 1337 1462 1505 1499; x_wconf 64' lang='lat' dir='ltr'>Excurs</span> <span class='ocrx_word' id='word_1_299' title='bbox 1530 1460 1566 1499; x_wconf 94' lang='lat' dir='ltr'><strong>V</strong></span> <span class='ocrx_word' id='word_1_300' title='bbox 1593 1459 1645 1498; x_wconf 87' lang='lat' dir='ltr'>ad</span> 
     </span>
     <span class='ocr_line' id='line_1_46' title="bbox 938 1536 1005 1561; baseline 0 -1"><span class='ocrx_word' id='word_1_301' title='bbox 938 1553 945 1560; x_wconf 93' lang='lat'>.</span> <span class='ocrx_word' id='word_1_302' title='bbox 965 1536 1005 1561; x_wconf 86' lang='lat' dir='ltr'>v.</span> 
     </span>
    </p>
   </div>
   <div class='ocr_carea' id='block_1_13' title="bbox 908 1633 1660 2969">
    <p class='ocr_par' dir='ltr' id='par_1_13' title="bbox 908 1633 1660 2969">
     <span class='ocr_line' id='line_1_47' title="bbox 970 1633 1643 1680; baseline -0.012 -1"><span class='ocrx_word' id='word_1_303' title='bbox 970 1639 1063 1680; x_wconf 81' lang='lat'>199.</span> <span class='ocrx_word' id='word_1_304' title='bbox 1095 1635 1356 1674; x_wconf 87' lang='lat' dir='ltr'>Homericum</span> <span class='ocrx_word' id='word_1_305' title='bbox 1375 1634 1510 1672; x_wconf 87' lang='lat' dir='ltr'>locum</span> <span class='ocrx_word' id='word_1_306' title='bbox 1534 1633 1643 1672; x_wconf 85' lang='lat' dir='ltr'>Iliad.</span> 
     </span>
     <span class='ocr_line' id='line_1_48' title="bbox 911 1693 1647 1750; baseline -0.007 -16"><span class='ocrx_word' id='word_1_307' title='bbox 911 1698 949 1750; x_wconf 70' lang='grc' dir='ltr'>β,</span> <span class='ocrx_word' id='word_1_308' title='bbox 980 1694 1063 1737; x_wconf 83' lang='grc'>305</span> <span class='ocrx_word' id='word_1_309' title='bbox 1096 1708 1192 1745; x_wconf 66' lang='lat' dir='ltr'>sqq„</span> <span class='ocrx_word' id='word_1_310' title='bbox 1225 1707 1306 1744; x_wconf 90' lang='lat' dir='ltr'>quo</span> <span class='ocrx_word' id='word_1_311' title='bbox 1336 1693 1481 1731; x_wconf 89' lang='lat' dir='ltr'>Nestor</span> <span class='ocrx_word' id='word_1_312' title='bbox 1508 1698 1647 1730; x_wconf 88' lang='lat' dir='ltr'>osten—</span> 
     </span>
     <span class='ocr_line' id='line_1_49' title="bbox 908 1750 1648 1793; baseline -0.007 -1"><span class='ocrx_word' id='word_1_313' title='bbox 908 1762 998 1793; x_wconf 85' lang='lat' dir='ltr'>tum</span> <span class='ocrx_word' id='word_1_314' title='bbox 1026 1751 1190 1791; x_wconf 75' lang='lat' dir='ltr'>Achivis</span> <span class='ocrx_word' id='word_1_315' title='bbox 1211 1751 1357 1790; x_wconf 85' lang='lat' dir='ltr'>Aulide</span> <span class='ocrx_word' id='word_1_316' title='bbox 1376 1750 1543 1789; x_wconf 85' lang='lat' dir='ltr'>occlusis</span> <span class='ocrx_word' id='word_1_317' title='bbox 1571 1751 1648 1788; x_wconf 94' lang='lat' dir='ltr'>ob-</span> 
     </span>
     <span class='ocr_line' id='line_1_50' title="bbox 909 1808 1648 1860; baseline -0.007 -9"><span class='ocrx_word' id='word_1_318' title='bbox 909 1813 1059 1851; x_wconf 85' lang='lat' dir='ltr'>iectum</span> <span class='ocrx_word' id='word_1_319' title='bbox 1095 1816 1316 1859; x_wconf 82' lang='lat' dir='ltr'>memorat,</span> <span class='ocrx_word' id='word_1_320' title='bbox 1358 1808 1524 1860; x_wconf 78' lang='lat' dir='ltr'>Virgilio</span> <span class='ocrx_word' id='word_1_321' title='bbox 1554 1814 1648 1847; x_wconf 82' lang='lat' dir='ltr'>ante</span> 
     </span>
     <span class='ocr_line' id='line_1_51' title="bbox 911 1867 1648 1919; baseline -0.007 -10"><span class='ocrx_word' id='word_1_322' title='bbox 911 1870 1048 1910; x_wconf 88' lang='lat' dir='ltr'>oculos</span> <span class='ocrx_word' id='word_1_323' title='bbox 1067 1870 1212 1919; x_wconf 85' lang='lat' dir='ltr'>fuisse,</span> <span class='ocrx_word' id='word_1_324' title='bbox 1244 1868 1476 1906; x_wconf 84' lang='lat' dir='ltr'>coniectura</span> <span class='ocrx_word' id='word_1_325' title='bbox 1499 1874 1560 1905; x_wconf 81' lang='lat' dir='ltr'>est</span> <span class='ocrx_word' id='word_1_326' title='bbox 1580 1867 1648 1904; x_wconf 88' lang='lat' dir='ltr'>in-</span> 
     </span>
     <span class='ocr_line' id='line_1_52' title="bbox 910 1924 1650 1981; baseline -0.005 -15"><span class='ocrx_word' id='word_1_327' title='bbox 910 1928 1059 1981; x_wconf 85' lang='lat' dir='ltr'>geniosi</span> <span class='ocrx_word' id='word_1_328' title='bbox 1087 1927 1192 1977; x_wconf 85' lang='lat' dir='ltr'>viri,</span> <span class='ocrx_word' id='word_1_329' title='bbox 1231 1927 1406 1965; x_wconf 62' lang='lat' dir='ltr'>Hardea·</span> <span class='ocrx_word' id='word_1_330' title='bbox 1436 1924 1650 1978; x_wconf 65' lang='lat' dir='ltr'>(Critiselze</span> 
     </span>
     <span class='ocr_line' id='line_1_53' title="bbox 915 1982 1650 2037; baseline -0.004 -14"><span class='ocrx_word' id='word_1_331' title='bbox 915 1986 1094 2027; x_wconf 65' lang='lat' dir='ltr'>IVzi&#39;lcler</span> <span class='ocrx_word' id='word_1_332' title='bbox 1121 1986 1162 2024; x_wconf 94' lang='lat' dir='ltr'>P.</span> <span class='ocrx_word' id='word_1_333' title='bbox 1193 1985 1230 2035; x_wconf 85' lang='grc' dir='ltr'>Ι,</span> <span class='ocrx_word' id='word_1_334' title='bbox 1262 1999 1302 2037; x_wconf 89' lang='lat' dir='ltr'>p.</span> <span class='ocrx_word' id='word_1_335' title='bbox 1327 1987 1383 2026; x_wconf 83' lang='lat'>98</span> <span class='ocrx_word' id='word_1_336' title='bbox 1415 1982 1532 2036; x_wconf 81' lang='lat' dir='ltr'>Sqq-)·</span> <span class='ocrx_word' id='word_1_337' title='bbox 1572 1984 1650 2021; x_wconf 88' lang='lat' dir='ltr'>Res</span> 
     </span>
     <span class='ocr_line' id='line_1_54' title="bbox 911 2042 1648 2098; baseline -0.007 -14"><span class='ocrx_word' id='word_1_338' title='bbox 911 2046 1020 2098; x_wconf 88' lang='lat' dir='ltr'>ipsae</span> <span class='ocrx_word' id='word_1_339' title='bbox 1051 2043 1159 2082; x_wconf 88' lang='lat' dir='ltr'>inter</span> <span class='ocrx_word' id='word_1_340' title='bbox 1183 2057 1222 2082; x_wconf 88' lang='lat' dir='ltr'>se</span> <span class='ocrx_word' id='word_1_341' title='bbox 1249 2043 1344 2081; x_wconf 80' lang='lat' dir='ltr'>satis</span> <span class='ocrx_word' id='word_1_342' title='bbox 1366 2042 1544 2094; x_wconf 84' lang='lat' dir='ltr'>dispares</span> <span class='ocrx_word' id='word_1_343' title='bbox 1565 2054 1648 2080; x_wconf 90' lang='lat' dir='ltr'>esse</span> 
     </span>
     <span class='ocr_line' id='line_1_55' title="bbox 912 2102 1651 2152; baseline -0.008 -9"><span class='ocrx_word' id='word_1_344' title='bbox 912 2103 1128 2152; x_wconf 76' lang='lat' dir='ltr'>videntur3</span> <span class='ocrx_word' id='word_1_345' title='bbox 1162 2102 1358 2141; x_wconf 81' lang='lat' dir='ltr'>formulae</span> <span class='ocrx_word' id='word_1_346' title='bbox 1378 2107 1539 2148; x_wconf 87' lang='lat' dir='ltr'>tamen,</span> <span class='ocrx_word' id='word_1_347' title='bbox 1571 2113 1651 2151; x_wconf 88' lang='lat' dir='ltr'>qua</span> 
     </span>
     <span class='ocr_line' id='line_1_56' title="bbox 914 2158 1652 2212; baseline -0.005 -12"><span class='ocrx_word' id='word_1_348' title='bbox 914 2161 1076 2200; x_wconf 87' lang='lat' dir='ltr'>orditur</span> <span class='ocrx_word' id='word_1_349' title='bbox 1090 2167 1261 2212; x_wconf 85' lang='lat' dir='ltr'>uterque</span> <span class='ocrx_word' id='word_1_350' title='bbox 1280 2158 1568 2207; x_wconf 81' lang='lat' dir='ltr'>narrationem,</span> <span class='ocrx_word' id='word_1_351' title='bbox 1591 2163 1652 2196; x_wconf 78' lang='lat' dir='ltr'>est</span> 
     </span>
     <span class='ocr_line' id='line_1_57' title="bbox 915 2216 1650 2271; baseline -0.008 -13"><span class='ocrx_word' id='word_1_352' title='bbox 915 2220 1049 2271; x_wconf 85' lang='lat' dir='ltr'>aliqua</span> <span class='ocrx_word' id='word_1_353' title='bbox 1070 2219 1306 2259; x_wconf 84' lang='lat' dir='ltr'>similitudO.</span> <span class='ocrx_word' id='word_1_354' title='bbox 1358 2217 1545 2255; x_wconf 66' lang='lat' dir='ltr'>obiicitur</span> <span class='ocrx_word' id='word_1_355' title='bbox 1568 2216 1650 2253; x_wconf 90' lang='lat' dir='ltr'>ele-</span> 
     </span>
     <span class='ocr_line' id='line_1_58' title="bbox 915 2271 1653 2331; baseline -0.007 -15"><span class='ocrx_word' id='word_1_356' title='bbox 915 2284 1078 2331; x_wconf 82' lang='lat' dir='ltr'>ganter,</span> <span class='ocrx_word' id='word_1_357' title='bbox 1122 2284 1169 2315; x_wconf 88' lang='lat' dir='ltr'>ut</span> <span class='ocrx_word' id='word_1_358' title='bbox 1193 2278 1241 2316; x_wconf 84' lang='lat' dir='ltr'>de</span> <span class='ocrx_word' id='word_1_359' title='bbox 1271 2271 1439 2315; x_wconf 74' lang='lat' dir='ltr'>ostentis</span> <span class='ocrx_word' id='word_1_360' title='bbox 1462 2280 1502 2312; x_wconf 82' lang='lat' dir='ltr'>et</span> <span class='ocrx_word' id='word_1_361' title='bbox 1532 2274 1653 2312; x_wconf 86' lang='lat' dir='ltr'>rebus</span> 
     </span>
     <span class='ocr_line' id='line_1_59' title="bbox 916 2334 1652 2388; baseline -0.01 -12"><span class='ocrx_word' id='word_1_362' title='bbox 916 2337 1029 2376; x_wconf 85' lang='lat' dir='ltr'>miris</span> <span class='ocrx_word' id='word_1_363' title='bbox 1058 2336 1123 2374; x_wconf 83' lang='lat' dir='ltr'>vel</span> <span class='ocrx_word' id='word_1_364' title='bbox 1143 2334 1383 2388; x_wconf 87' lang='lat' dir='ltr'>inopinatis,</span> <span class='ocrx_word' id='word_1_365' title='bbox 1415 2347 1512 2385; x_wconf 84' lang='lat' dir='ltr'>pro,</span> <span class='ocrx_word' id='word_1_366' title='bbox 1560 2347 1652 2370; x_wconf 77' lang='lat' dir='ltr'>eve-</span> 
     </span>
     <span class='ocr_line' id='line_1_60' title="bbox 915 2388 1653 2446; baseline -0.008 -13"><span class='ocrx_word' id='word_1_367' title='bbox 915 2398 988 2433; x_wconf 69' lang='lat' dir='ltr'>nit.</span> <span class='ocrx_word' id='word_1_368' title='bbox 1043 2394 1273 2446; x_wconf 67' lang='lat' dir='ltr'>improvida</span> <span class='ocrx_word' id='word_1_369' title='bbox 1304 2400 1495 2443; x_wconf 70' lang='lat' dir='ltr'>pectora,</span> <span class='ocrx_word' id='word_1_370' title='bbox 1551 2388 1593 2428; x_wconf 88' lang='lat' dir='ltr'>h.</span> <span class='ocrx_word' id='word_1_371' title='bbox 1622 2403 1653 2428; x_wconf 86' lang='lat' dir='ltr'>e.</span> 
     </span>
     <span class='ocr_line' id='line_1_61' title="bbox 916 2448 1656 2504; baseline -0.008 -13"><span class='ocrx_word' id='word_1_372' title='bbox 916 2453 1125 2502; x_wconf 86' lang='lat' dir='ltr'>Troianos,</span> <span class='ocrx_word' id='word_1_373' title='bbox 1146 2453 1212 2504; x_wconf 85' lang='lat' dir='ltr'>qui</span> <span class='ocrx_word' id='word_1_374' title='bbox 1229 2451 1308 2489; x_wconf 84' lang='lat' dir='ltr'>tale</span> <span class='ocrx_word' id='word_1_375' title='bbox 1329 2448 1427 2501; x_wconf 88' lang='lat' dir='ltr'>quid</span> <span class='ocrx_word' id='word_1_376' title='bbox 1439 2463 1519 2487; x_wconf 90' lang='lat' dir='ltr'>non</span> <span class='ocrx_word' id='word_1_377' title='bbox 1535 2461 1656 2500; x_wconf 88' lang='lat' dir='ltr'>prae-</span> 
     </span>
     <span class='ocr_line' id='line_1_62' title="bbox 916 2505 1654 2563; baseline -0.009 -13"><span class='ocrx_word' id='word_1_378' title='bbox 916 2511 1119 2550; x_wconf 87' lang='lat' dir='ltr'>viderant.</span> <span class='ocrx_word' id='word_1_379' title='bbox 1163 2509 1331 2563; x_wconf 88' lang='lat' dir='ltr'>(rectius</span> <span class='ocrx_word' id='word_1_380' title='bbox 1354 2505 1654 2546; x_wconf 83' lang='lat' dir='ltr'>Wunderlich.:</span> 
     </span>
     <span class='ocr_line' id='line_1_63' title="bbox 921 2564 1656 2620; baseline -0.008 -13"><span class='ocrx_word' id='word_1_381' title='bbox 921 2572 1068 2620; x_wconf 64' lang='lat' dir='ltr'>„impru</span> <span class='ocrx_word' id='word_1_382' title='bbox 1090 2584 1135 2619; x_wconf 83' lang='lat' dir='ltr'>p.</span> <span class='ocrx_word' id='word_1_383' title='bbox 1159 2568 1201 2606; x_wconf 88' lang='lat' dir='ltr'>h.</span> <span class='ocrx_word' id='word_1_384' title='bbox 1227 2581 1258 2606; x_wconf 92' lang='lat' dir='ltr'>e.</span> <span class='ocrx_word' id='word_1_385' title='bbox 1284 2565 1480 2604; x_wconf 72' lang='lat' dir='ltr'>Troianos</span> <span class='ocrx_word' id='word_1_386' title='bbox 1508 2564 1656 2603; x_wconf 83' lang='lat' dir='ltr'>credu—</span> 
     </span>
     <span class='ocr_line' id='line_1_64' title="bbox 920 2622 1656 2665; baseline -0.01 0"><span class='ocrx_word' id='word_1_387' title='bbox 920 2628 981 2665; x_wconf 88' lang='lat' dir='ltr'>los</span> <span class='ocrx_word' id='word_1_388' title='bbox 1002 2633 1042 2665; x_wconf 82' lang='lat' dir='ltr'>et</span> <span class='ocrx_word' id='word_1_389' title='bbox 1063 2641 1084 2664; x_wconf 89' lang='lat' dir='ltr'>a</span> <span class='ocrx_word' id='word_1_390' title='bbox 1097 2628 1344 2664; x_wconf 85' lang='lat' dir='ltr'>Graecorum</span> <span class='ocrx_word' id='word_1_391' title='bbox 1367 2623 1461 2661; x_wconf 89' lang='lat' dir='ltr'>dolo</span> <span class='ocrx_word' id='word_1_392' title='bbox 1479 2622 1555 2660; x_wconf 90' lang='lat' dir='ltr'>sibi</span> <span class='ocrx_word' id='word_1_393' title='bbox 1574 2636 1656 2659; x_wconf 87' lang='lat' dir='ltr'>non</span> 
     </span>
     <span class='ocr_line' id='line_1_65' title="bbox 923 2681 1656 2723; baseline -0.01 0"><span class='ocrx_word' id='word_1_394' title='bbox 923 2687 1150 2723; x_wconf 79' lang='lat' dir='ltr'>caventes.⁴‘</span> <span class='ocrx_word' id='word_1_395' title='bbox 1210 2683 1301 2723; x_wconf 88' lang='lat' dir='ltr'>Vid.</span> <span class='ocrx_word' id='word_1_396' title='bbox 1332 2681 1457 2719; x_wconf 84' lang='lat' dir='ltr'>eiusd.</span> <span class='ocrx_word' id='word_1_397' title='bbox 1486 2681 1656 2718; x_wconf 85' lang='lat' dir='ltr'>Praesat.</span> 
     </span>
     <span class='ocr_line' id='line_1_66' title="bbox 923 2739 1660 2795; baseline -0.007 -15"><span class='ocrx_word' id='word_1_398' title='bbox 923 2758 961 2795; x_wconf 74' lang='lat' dir='ltr'>p.</span> <span class='ocrx_word' id='word_1_399' title='bbox 982 2744 1106 2782; x_wconf 74' lang='lat' dir='ltr'>XVII.</span> <span class='ocrx_word' id='word_1_400' title='bbox 1142 2739 1259 2795; x_wconf 72' lang='lat' dir='ltr'>IVr.)</span> <span class='ocrx_word' id='word_1_401' title='bbox 1320 2739 1593 2790; x_wconf 87' lang='lat' dir='ltr'>Repentinum</span> <span class='ocrx_word' id='word_1_402' title='bbox 1621 2744 1660 2775; x_wconf 79' lang='lat' dir='ltr'>et</span> 
     </span>
     <span class='ocr_line' id='line_1_67' title="bbox 921 2795 1659 2853; baseline -0.008 -14"><span class='ocrx_word' id='word_1_403' title='bbox 921 2801 1178 2853; x_wconf 88' lang='lat' dir='ltr'>inopinatum</span> <span class='ocrx_word' id='word_1_404' title='bbox 1231 2797 1459 2853; x_wconf 80' lang='lat' dir='ltr'>prodigium</span> <span class='ocrx_word' id='word_1_405' title='bbox 1477 2828 1487 2847; x_wconf 89' lang='lat'>,</span> <span class='ocrx_word' id='word_1_406' title='bbox 1549 2795 1659 2848; x_wconf 92' lang='lat' dir='ltr'>quod</span> 
     </span>
     <span class='ocr_line' id='line_1_68' title="bbox 926 2855 1660 2909; baseline -0.005 -13"><span class='ocrx_word' id='word_1_407' title='bbox 926 2859 1025 2897; x_wconf 83' lang='lat' dir='ltr'>adeo</span> <span class='ocrx_word' id='word_1_408' title='bbox 1046 2865 1164 2898; x_wconf 85' lang='lat' dir='ltr'>tanto</span> <span class='ocrx_word' id='word_1_409' title='bbox 1188 2857 1310 2909; x_wconf 83' lang='lat' dir='ltr'>magis</span> <span class='ocrx_word' id='word_1_410' title='bbox 1334 2855 1489 2894; x_wconf 87' lang='lat' dir='ltr'>animos</span> <span class='ocrx_word' id='word_1_411' title='bbox 1517 2855 1660 2894; x_wconf 80' lang='lat' dir='ltr'>turbat</span> 
     </span>
     <span class='ocr_line' id='line_1_69' title="bbox 927 2913 1436 2969; baseline -0.01 -13"><span class='ocrx_word' id='word_1_412' title='bbox 927 2931 973 2954; x_wconf 66' lang='lat' dir='ltr'>av</span> <span class='ocrx_word' id='word_1_413' title='bbox 996 2916 1191 2969; x_wconf 90' lang='lat' dir='ltr'>percellit.</span> <span class='ocrx_word' id='word_1_414' title='bbox 1224 2916 1273 2954; x_wconf 89' lang='lat' dir='ltr'>cs.</span> <span class='ocrx_word' id='word_1_415' title='bbox 1295 2913 1436 2952; x_wconf 88' lang='lat' dir='ltr'>Cerda.</span> 
     </span>
    </p>
   </div>
  </div>
 </body>
</html>
