1827 3436
485 273 609 322 AD
683 263 1218 317 LIBRUMI
1513 262 1619 310 219

533 447 1197 514 EXCURSUSI

378 574 487 618 De
565 568 909 615 insula
986 561 1359 607 Aeolia.

215 694 244 744 I,
276 694 343 736 51.
367 693 435 735 52.
474 691 696 730 Ventorum
713 689 756 725 in
775 686 973 737 palriam,
998 684 1088 720 loca
1100 680 1196 732 fida
1206 674 1439 730 ficrentibus
1459 674 1625 720 austris,

103 753 318 799 Aeoliam,
347 751 390 790 in
418 749 591 788 insulam
620 746 823 793 Aeoliam,
856 744 962 781 venit
980 740 1153 786 Aeneas,
1185 737 1225 775 h.
1249 749 1280 773 e.
1302 748 1425 773 unam
1445 745 1498 770 ex
1521 732 1631 769 Aeo-

102 811 188 860 liis,
235 824 334 861 quas
368 814 409 847 et
441 806 652 846 Vulcanias
680 811 721 843 et
754 803 963 855 Liparaeas
1003 797 1218 850 appellant.
1277 793 1406 830 Unam
1438 790 1633 829 Aeoliam

104 875 303 908 memorat
322 866 510 918 Virgilius
532 863 700 904 Homeri
723 860 907 912 exemplo
929 858 1074 909 Odyss.
1097 871 1135 903 κ,
1162 868 1222 906 pr.
1242 851 1292 889 ad
1315 863 1433 902 quem
1457 848 1634 886 obscura

106 928 156 966 de
176 926 239 965 his
268 926 366 965 locis
395 926 502 964 fama
532 927 786 976 pervenerat.
848 919 947 956 Cum
980 916 1113 969 plures
1144 918 1182 949 et
1217 924 1326 948 nunc
1353 908 1432 946 sint
1465 912 1507 943 et
1537 904 1634 943 olim

106 985 281 1024 fuerint:
315 990 469 1037 septem
492 989 650 1021 veteres
675 979 905 1018 nominant:
936 986 1131 1026 quaenam
1155 984 1204 1008 ex
1233 969 1280 1006 iis
1309 966 1420 1005 Aeoli
1442 964 1557 1002 sedes
1588 976 1635 999 ac

107 1044 213 1096 regia
242 1043 385 1092 suerit,
420 1055 494 1080 nec
519 1041 721 1079 Homerus
743 1034 986 1082 declaravit,
1016 1045 1089 1070 nec
1109 1024 1308 1080 Virgilius.
1369 1025 1413 1062 ln
1434 1024 1634 1072 Strongy-

109 1104 174 1141 len
192 1108 326 1140 tamen
353 1100 480 1153 (nunc
501 1096 728 1151 Stromboli)
759 1093 1002 1134 consensisse
1023 1089 1188 1128 videtur
1219 1083 1456 1134 antiquitas:
1498 1078 1633 1119 Strab.

110 1161 177 1210 Vl,
208 1175 246 1213 p.
267 1159 351 1201 424
370 1160 413 1197 Β.
437 1155 673 1211 Στρογγύλη
695 1177 753 1185 -
777 1153 959 1195 ἐνταῦθα
983 1147 1026 1190 δὲ
1043 1145 1116 1188 τόν
1131 1145 1281 1186 Αἴολον
1305 1141 1470 1192 οἰκῆσαι
1492 1137 1636 1189 φασίν.

113 1219 208 1258 add.
242 1219 344 1257 Plin.
374 1217 448 1266 III,
490 1219 516 1258 9
546 1230 576 1254 s·
609 1213 673 1255 14.
714 1214 889 1251 Hieram
920 1215 1055 1246 autem
1085 1203 1290 1258 (Volcano
1329 1211 1438 1237 nunc
1468 1193 1636 1247 dictam)

113 1278 296 1317 Vulcano
329 1275 509 1328 plerique
542 1273 766 1324 assignant3
808 1269 874 1307 alii
898 1267 1104 1319 Liparam:
1149 1275 1187 1301 v.
1211 1259 1263 1297 ad
1286 1257 1383 1296 Aen.
1404 1254 1506 1302 VIII,
1539 1251 1638 1294 416.

114 1336 301 1376 variasse
323 1335 365 1372 in
405 1333 468 1371 his
499 1338 656 1370 veteres
686 1331 834 1368 mirum
863 1340 946 1364 non
980 1330 1059 1372 est,
1092 1334 1182 1358 cum
1214 1319 1298 1369 ipsa
1324 1316 1391 1353 illa
1413 1319 1585 1359 natura,
1618 1323 1641 1346 a

116 1408 196 1446 qua
227 1394 374 1432 ductae
415 1391 573 1430 fabulae
602 1395 718 1437 sunt,
774 1385 960 1438 pluribus
990 1380 1130 1420 insulis
1163 1373 1384 1415 communis
1426 1372 1498 1420 sit,
1552 1369 1637 1406 sive

116 1453 372 1491 flammarum
401 1448 720 1502 erumpentium,
753 1445 836 1482 sive
866 1448 1083 1482 ventorum
1113 1436 1470 1474 subterraneorum
1499 1426 1643 1466 [remi-

118 1518 209 1550 tum
241 1509 409 1561 cogites:
436 1508 499 1546 uti
529 1512 688 1560 praeter
718 1503 980 1548 Strabonem,
1010 1495 1233 1550 principem
1264 1496 1469 1530 auctorem
1500 1485 1552 1524 de
1582 1484 1644 1522 his

120 1568 260 1608 insulis
293 1568 346 1606 VI
375 1581 413 1619 p.
435 1567 520 1607 422
549 1579 620 1616 sq.,
652 1563 828 1612 aliosque
856 1565 1013 1598 veteres
1042 1569 1063 1592 a
1090 1552 1216 1591 Cerda
1247 1550 1300 1588 ad
1326 1548 1368 1587 h.
1396 1547 1421 1585 l.
1440 1542 1646 1597 Apollonii

121 1627 256 1666 Schol.
287 1626 353 1675 IV,
393 1627 491 1666 761.
522 1624 586 1672 ΙΙΙ,
617 1621 687 1663 41.
725 1618 875 1672 Spanli.
912 1616 964 1654 ad
990 1613 1142 1652 Gallim.
1169 1611 1212 1648 in
1234 1609 1350 1646 Dian.
1373 1603 1441 1646 47.
1483 1602 1646 1640 Cluver.

122 1687 165 1724 in
191 1685 325 1723 Sicilia
346 1683 415 1722 lib.
440 1682 488 1730 ΙΙ,
521 1696 554 1720 e.
587 1679 650 1723 14.
676 1678 885 1724 laudatos,
917 1688 937 1712 e
971 1668 1263 1711 recentioribus
1299 1661 1480 1717 inprimis
1515 1658 1647 1698 Hovel

126 1743 321 1797 (Voyage
335 1744 578 1793 pilloresque
597 1739 646 1775 de
670 1737 805 1783 sicile,
824 1736 872 1773 cle
892 1732 1028 1772 Malte
1047 1737 1085 1767 et
1108 1729 1157 1766 de
1175 1725 1338 1776 Lipari,
1359 1723 1430 1760 To.
1454 1720 1485 1769 Ι,
1509 1732 1542 1757 c.
1555 1715 1646 1769 XI).

126 1801 367 1853 Strongyles
396 1803 658 1851 prospectum
696 1794 880 1832 ediderat
924 1790 1071 1829 illustr.
1097 1784 1356 1824 Hamiltonus
1391 1779 1435 1817 in
1483 1776 1649 1826 Campis

130 1861 376 1910 Phlegraeis
395 1856 491 1910 (To.
516 1856 562 1904 ΙΙ,
577 1855 643 1906 pl,
669 1852 759 1906 37).
797 1848 1006 1890 Videndus
1022 1844 1167 1884 dehac
1191 1841 1322 1880 insula
1342 1848 1503 1889 quoque
1519 1833 1650 1872 Aetna

128 1933 168 1957 v.
189 1917 270 1959 431
295 1930 379 1967 sqq.
440 1915 494 1953 Ut
528 1919 662 1952 autem
692 1917 848 1950 veteres
869 1913 1088 1946 ventorum
1116 1908 1157 1940 et
1186 1899 1322 1947 Aeoli,
1353 1895 1421 1947 qui
1450 1907 1518 1931 eos
1536 1903 1651 1942 rege-

129 1983 205 2025 ret,
238 1975 373 2014 sedem
390 1973 461 2012 has
480 1972 644 2019 insulas,
675 1983 746 2007 seu
765 1981 887 2007 unani
910 1979 961 2003 ex
980 1964 1070 2011 illis,
1101 1961 1292 2005 facerent,
1324 1951 1520 1993 naturalis
1538 1947 1651 1988 haud

133 2034 254 2074 dubie
274 2047 340 2072 eos
363 2031 538 2070 adduxit
556 2029 740 2077 habitus,
771 2027 853 2064 sive
874 2030 1011 2071 antra,
1043 2032 1144 2071 quae
1163 2031 1213 2055 ex
1235 2010 1528 2064 antiquioribus
1546 2007 1654 2059 igni-

132 2094 208 2133 bus
230 2098 490 2145 supererant,
521 2088 652 2128 ventis
673 2082 944 2125 subterraneis
964 2078 1122 2133 pervia,
1155 2089 1225 2113 seu
1255 2071 1365 2124 quod
1393 2069 1655 2107 observatum

135 2157 245 2199 erat,
275 2164 327 2188 ex
355 2149 538 2187 fremitus
570 2146 727 2184 diversa
758 2142 933 2190 ratione,
964 2139 1243 2184 flammaeque,
1280 2127 1455 2180 fuliginis
1472 2131 1511 2163 et
1542 2124 1655 2162 effla-

136 2209 279 2258 tionis,
310 2206 521 2260 praenosci
546 2217 659 2258 posse
687 2208 832 2242 ventos
864 2203 1091 2250 surgentes,
1130 2192 1274 2237 etiam,
1309 2187 1395 2238 quis
1414 2184 1537 2223 tertio
1563 2186 1657 2233 post
1702 2225 1706 2231 .

139 2268 203 2307 dje
223 2267 449 2320 spiraturus
480 2265 531 2302 sit
564 2268 730 2301 ventus:
775 2258 857 2298 vid.
884 2256 1072 2295 Strabon.
1100 2251 1165 2298 VI,
1197 2263 1235 2301 p.
1263 2247 1345 2288 423
1369 2245 1398 2282 C
1429 2256 1486 2293 Sq-
1522 2237 1656 2293 (276).

139 2326 290 2365 Plinius
322 2325 348 2363 l.
382 2339 415 2362 c.
445 2321 657 2373 Strongyle
689 2322 730 2357 in
769 2331 851 2370 qua
882 2314 1070 2366 regnavit
1095 2309 1274 2352 Aeol1i35
1316 2316 1419 2355 quae
1438 2315 1467 2338 a
1494 2300 1657 2349 Lipara

140 2384 357 2437 liquidiore
370 2383 556 2434 flamma
575 2386 733 2417 tantum
752 2375 915 2428 differz‘5
947 2387 966 2410 e
998 2371 1113 2409 caius
1130 2366 1281 2418 sumo.
1316 2362 1486 2414 quinam
1505 2355 1661 2408 flaturi

141 2445 221 2481 sint
250 2443 383 2490 venti,
417 2443 459 2478 in
481 2439 659 2477 triduam
678 2434 913 2487 praedicere
941 2429 1096 2469 incolae
1119 2423 1356 2466 tradzmtar;
1388 2417 1494 2455 uncle
1524 2421 1660 2452 ventos

142 2501 269 2539 Aeolo
282 2501 470 2551 paraisse
490 2499 778 2535 existimatam.
842 2488 955 2528 Aeoli
975 2492 1108 2525 autem
1135 2479 1319 2533 mythuni
1344 2476 1420 2514 alio
1441 2472 1561 2512 modo
1592 2484 1661 2508 or-

144 2559 258 2597 navit
286 2557 509 2605 Homerus,
561 2567 653 2592 cum
681 2549 787 2591 Anni
816 2546 1012 2587 vertentis
1038 2540 1218 2596 symbola
1256 2537 1299 2575 in
1332 2548 1421 2572 eum
1450 2527 1661 2570 transtulit

145 2616 290 2669 Odyss.
320 2631 355 2664 κ,
392 2619 426 2663 1,
458 2628 538 2666 quo
568 2618 656 2651 toto
685 2611 775 2648 loco
807 2609 1037 2658 comparato
1074 2598 1286 2648 intelliges,
1317 2592 1485 2632 Aeolum
1509 2585 1662 2638 Virgilii

147 2675 237 2727 plus
272 2673 477 2725 dignitatis
512 2671 680 2719 habere,
723 2667 844 2705 etiam
874 2666 916 2703 in
946 2662 1045 2710 lioc,
1077 2656 1187 2710 quod
1214 2662 1342 2697 utres,
1376 2648 1521 2700 quibus
1551 2642 1665 2683 venti

147 2732 439 2780 includuntur,
472 2730 637 2778 absunt,
670 2728 738 2778 qui
767 2736 861 2762 sane
890 2723 932 2761 in
953 2715 1177 2759 Homericis
1208 2710 1352 2750 fabulis
1380 2709 1514 2746 locum
1548 2715 1665 2741 suum

148 2796 341 2839 tuentur,
384 2790 426 2827 in
458 2789 623 2839 Virgilio
668 2790 803 2823 autem
836 2779 1009 2819 absurde
1039 2774 1155 2828 positi
1186 2770 1364 2809 fuissent.
1425 2765 1667 2814 Comparato

150 2855 283 2887 tamen
317 2848 456 2896 Quint.
498 2847 580 2885 Cal.
609 2845 699 2883 loco
736 2840 840 2889 XIV,
880 2838 966 2880 474
1004 2848 1087 2886 sqq.
1126 2829 1344 2880 intelligere
1382 2822 1480 2861 mihi
1510 2819 1667 2863 videor,

151 2906 366 2959 praeivisse
404 2905 568 2957 Virgilio
600 2916 651 2941 ex
686 2898 844 2953 cyclicis
883 2894 1011 2949 poetis
1051 2891 1241 2941 aliquem,
1283 2883 1350 2935 qui
1390 2883 1669 2940 tempestatem

153 2964 193 3002 iu
225 2965 470 3003 Graecorum
512 2962 698 3009 classem,
740 2955 870 2996 Aiacis
901 2951 1005 2992 Oilei
1038 2949 1064 2988 f.
1103 2943 1319 2986 ulciscendi
1351 2951 1511 2984 caussa,
1560 2948 1672 2973 exci-

153 3028 280 3061 tatam
320 3021 436 3060 simili
473 3020 594 3059 modo
629 3015 909 3068 descripserat.
981 3007 1080 3048 Nam
1119 3002 1297 3053 Quintus
1337 3000 1423 3038 loco
1455 2992 1672 3046 virgiliano
