1811 3388
7 847 12 1023 .--—-—-
0 579 10 834 ,ἐμῇ-ψ

408 188 820 243 AENEIDOS
856 186 999 238 LIB.
1032 176 1120 245 Vi,
1158 189 1453 237 sss—398
1577 191 1678 236 907

162 328 273 374 Nec
296 336 423 370 vero
446 315 669 367 Alciden
688 330 779 361 me
801 328 920 361 sum
939 310 1161 358 laetatus
1189 317 1408 356 euntem

164 391 451 456 Adcepisse
475 387 618 448 lacu,
655 400 756 432 nec
777 382 987 431 Thesea
1009 379 1444 442 Pirithoumque:

165 463 255 513 Dis
282 472 609 526 quamquam
637 453 823 519 geniti,
863 461 1021 517 atque
1058 448 1237 497 invicti
1271 446 1470 496 viribus
1497 455 1684 496 essent.

167 535 482 580 Tartareum
538 525 628 574 ille
684 540 849 572 manu
899 519 1178 571 custodem
1236 518 1291 566 in
1336 516 1506 565 vincla
1551 515 1688 581 peti-

953 592 1040 652 vit,
1586 586 1688 637 395

167 669 338 735 Ipsius
365 684 390 716 a
415 664 549 714 solio
574 663 734 727 regiS„
772 662 1030 725 traxitque
1052 664 1408 715 trementem3

168 740 234 789 Hi
258 738 535 787 dominam
561 735 691 783 Ditis
711 731 948 781 thalamo
978 728 1250 778 deducere
1274 725 1459 775 adorti.

171 813 321 872 Quae
344 815 528 856 contra
546 804 780 852 breviter
804 801 910 850 fata
933 808 1011 850 est
1032 796 1345 864 Amphrysia
1369 803 1540 844 vates:

242 908 357 954 396.
392 913 547 947 REGIS
580 912 661 947 TR.

265 1029 335 1063 392
358 1027 436 1061 Nec
465 1039 540 1060 non
564 1029 610 1060 A.
645 1025 700 1058 ed.
725 1025 814 1057 Ven.
862 1021 1056 1056 Aeac-idem
1093 1017 1221 1051 vitiose
1256 1017 1384 1048 Donat.
1418 1014 1463 1047 ad
1496 1015 1579 1049 Ter.
1628 1024 1695 1045 neo

175 1089 254 1110 sam
289 1075 312 1108 l.
348 1074 485 1119 aliquot
519 1073 624 1112 Pier.‚
661 1071 763 1104 male.
830 1070 883 1102 Ad
909 1070 1053 1102 verbum
1087 1066 1135 1098 ita
1160 1066 1331 1097 Homerus
1367 1063 1402 1094 in
1428 1073 1452 1094 α
1478 1061 1574 1094 iliud.
1601 1054 1693 1093 οὐδ’

175 1119 252 1167 ἄρα
276 1118 330 1155 ‘cm'
355 1132 394 1165 γε
430 1117 522 1154 ἰδών
555 1117 720 1164 γήθησεν
744 1113 929 1160 Ἀχιλλεύς.
990 1117 1033 1147 Et
1058 1114 1101 1145 de
1126 1111 1243 1155 Scylla
1280 1109 1401 1142 similis
1427 1108 1541 1141 oratio
1568 1107 1694 1149 Odyss.

175 1182 213 1214 μ,
243 1171 288 1204 88
314 1164 406 1202 οὐδέ
437 1165 479 1201 κε’
512 1167 568 1206 τίς
596 1178 659 1209 μιν
680 1163 867 1209 Γηθήσειε
895 1160 1000 1205 ἰδών,
1025 1156 1114 1194 οὕὸ’
1143 1159 1177 1192 εἰ
1196 1156 1290 1196 θεὸς
1312 1152 1525 1195 ἅντιάσειες
1550 1160 1586 1186 at
1611 1154 1696 1186 lacu

176 1219 271 1250 forte
296 1227 416 1261 parum
443 1214 672 1247 commodum.
720 1212 894 1257 'acceptus
918 1216 973 1241 est
999 1207 1167 1240 Hercules
1193 1204 1328 1248 cymba,
1355 1210 1390 1235 at
1416 1203 1498 1234 lactc
1523 1210 1697 1233 transve-

178 1273 269 1296 ctus.
318 1265 367 1295 10.
392 1261 577 1294 Schrader.
602 1259 782 1292 tentabat:
825 1257 1027 1290 Traiecisse
1045 1255 1147 1293 [αι-ας
1181 1251 1256 1284 vel:
1293 1250 1486 1295 Accepisse
1510 1248 1615 1281 alveo
1640 1245 1697 1278 vel

179 1312 278 1344 alno.
327 1312 494 1353 Superest
519 1316 645 1348 tamen,
671 1314 707 1338 ut
732 1306 870 1348 iungas:
897 1311 1042 1336 euntem
1068 1301 1170 1333 lacu:
1202 1298 1238 1330 id
1276 1297 1369 1342 quod
1402 1302 1509 1339 poeta
1544 1293 1697 1326 voluisse

178 1358 307 1390 factum
332 1355 443 1388 videri
470 1362 608 1399 potest:
635 1360 769 1386 vectum
795 1364 859 1396 per
883 1350 1007 1382 lacum.
1036 1348 1120 1390 (vid.
1147 1345 1288 1379 omnino
1316 1346 1358 1384 Q.
1383 1345 1426 1375 V.
1454 1341 1638 1379 XXVIIII,
1663 1341 1698 1379 2,

180 1417 209 1437 a.
240 1405 338 1442 lVr.)
434 1403 504 1436 393
530 1403 778 1444 l’ieritwnque
803 1404 967 1441 corrupte
994 1398 1095 1428 Rom.
1190 1393 1259 1428 395
1280 1392 1363 1423 Post
1386 1390 1516 1435 petivit
1541 1385 1700 1420 distinxit

179 1451 303 1485 Heins.
331 1462 406 1483 cum
433 1449 547 1489 codd.‚
583 1451 632 1490 (at
660 1458 844 1490 numquam
869 1443 1038 1487 Virgilius
1065 1440 1224 1483 copulam
1246 1445 1315 1470 tam
1350 1437 1456 1479 longe
1481 1434 1630 1467 removit
1655 1433 1698 1465 ab

179 1498 281 1530 initio
318 1496 500 1529 enuntiati.
544 1495 641 1536 IVr.)
676 1493 734 1526 alii
760 1499 841 1536 post
863 1493 972 1537 regis.
1005 1489 1068 1529 (ita
1097 1486 1239 1521 Wakef.
1266 1491 1301 1517 et,
1327 1483 1442 1522 Iahn.;
1477 1482 1556 1514 huic
1581 1487 1701 1513 tamen

180 1545 275 1577 nulla
309 1543 449 1576 omnino
482 1541 716 1585 interpunctio
751 1538 952 1572 adhibenda
988 1537 1137 1568 videtur.
1186 1534 1284 1575 Ego,
1323 1530 1517 1563 Mediceum
1550 1534 1700 1568 secutus,

183 1598 219 1624 et
243 1598 325 1634 post
345 1591 490 1636 petivit,
515 1596 548 1621 et
574 1595 656 1633 post
693 1588 793 1631 regis
823 1584 1045 1627 interpunxi,
1082 1588 1120 1613 ut
1156 1580 1245 1612 haec
1279 1576 1535 1622 quodammodo
1561 1572 1700 1617 παρέν-

181 1639 279 1672 &evoe
305 1638 393 1676 sint3
433 1647 501 1679 quo
527 1635 586 1676 fit,
620 1641 659 1667 ut
683 1633 793 1666 maior
818 1632 873 1664 his
898 1630 1014 1663 verbis
1041 1627 1249 1662 concilietur
1274 1624 1438 1668 gravitas.
1487 1623 1572 1654 Post
1604 1621 1703 1665 regis

182 1684 410 1728 distinguitur
440 1683 543 1716 etiam
570 1682 603 1714 in
629 1682 754 1724 fragm.
787 1680 868 1712 Vat.
898 1679 993 1721 Wr.)
1099 1675 1168 1709 396
1206 1685 1224 1705 e
1250 1672 1341 1704 solio
1366 1669 1527 1703 Parrhas.
1577 1680 1600 1700 α
1625 1667 1703 1700 solo

183 1732 291 1766 Witt.
374 1730 454 1765 '397
487 1730 670 1762 thalamos
703 1727 811 1759 Goth.
846 1731 928 1757 tert.
999 1723 1126 1755 adorsi
1161 1719 1320 1764 plerique
1354 1717 1445 1750 Pier.
1482 1722 1517 1748 et
1552 1713 1704 1759 quinque

183 1778 305 1811 Heius.
355 1780 468 1819 Saepe
494 1777 537 1808 de
564 1776 629 1808 hac
655 1774 848 1807 variatione
876 1783 979 1815 egere
1006 1769 1072 1802 viri
1098 1767 1206 1800 docti.
1255 1765 1321 1798 Adi
1346 1777 1379 1798 v.
1406 1777 1435 1796 c.
1460 1761 1638 1796 Drukenb.
1660 1759 1706 1793 ad

184 1826 262 1859 Liv.
286 1825 447 1866 XXXV,
473 1824 531 1863 51,
557 1824 591 1858 8.

188 1931 304 1982 „suit
364 1930 459 1968 Ideo
490 1942 581 1980 ergo
607 1942 687 1965 non.
726 1927 917 1973 laetalus,

189 1990 296 2038 „sciL
319 1994 483 2039 propter
504 1986 742 2037 supplicium
765 1984 922 2021 suumf‘

189 2049 301 2084 Bona
337 2052 445 2083 nota.
506 2042 814 2081 Similitudinem
846 2040 922 2077 lia-

192 2105 263 2143 bet
315 2104 490 2153 aliquam
530 2099 738 2138 excusatio
786 2097 923 2135 Somni

192 2176 284 2200 cum
312 2161 525 2198 subiuncta
556 2157 786 2196 narratione
816 2154 923 2206 apud

192 2221 356 2258 Homer.
382 2217 493 2255 Iliad.
516 2218 548 2265 ξ,
589 2216 672 2257 249
695 2228 778 2264 sqq.
829 2213 923 2264 (Ce-

192 2285 324 2316 terum
346 2276 452 2314 iusto
474 2274 671 2326 prolixior
694 2270 791 2309 mihi
809 2270 924 2308 vide-

192 2343 263 2374 tur
282 2335 382 2372 haec
400 2332 612 2370 Charontis
638 2330 779 2367 oratio.
812 2325 922 2379 IVr.)

252 2393 511 2435 392—397.
563 2388 736 2426 Profecit
774 2399 823 2422 ex
862 2384 925 2422 his

198 2451 350 2489 Statius
370 2450 438 2486 lib.
462 2447 545 2494 VH,
567 2448 621 2488 52
643 2451 682 2482 et
708 2457 759 2481 eX
782 2457 819 2481 v.
843 2445 925 2483 398

196 2508 293 2547 ibid.
326 2508 392 2545 lib.
424 2506 516 2553 VH,
549 2506 603 2546 95
631 2516 714 2553 sqq.
754 2509 924 2547 euntem,

201 2564 314 2608 ἰόντα
350 2578 423 2616 pro
466 2558 660 2608 ἐλθόντα,
714 2559 930 2596 adeuntem

198 2626 287 2663 loca
312 2624 450 2660 infera.
485 2619 584 2672 (vid.
608 2619 654 2656 V.
680 2619 721 2655 L.
747 2623 786 2654 et
809 2617 858 2663 Q.
882 2615 928 2653 V.

198 2682 255 2720 ibi
294 2680 403 2719 laud.
453 2676 578 2729 lVr.)
656 2677 738 2713 Dis
781 2675 925 2725 geniti.

201 2740 377 2777 Theseus
415 2752 434 2773 a
468 2736 676 2786 Neptuno,
726 2731 930 2770 Pirithous

203 2813 222 2833 a
245 2798 361 2844 Iove3
393 2795 465 2832 etsi
499 2795 754 2830 Burmannus
785 2789 933 2828 dehoc

203 2854 426 2893 dubitabat.

204 2916 298 2954 317.
316 2913 398 2952 318
425 2915 463 2946 et
486 2909 534 2946 al.

487 2850 588 2889 Vide
621 2863 660 2887 v.
697 2863 728 2887 e.
756 2847 866 2885 Iliad.
899 2848 933 2895 ξ,

595 2910 691 2950 395.
705 2909 802 2949 396.
820 2905 933 2942 Fun—

685 1822 754 1856 398
781 1832 883 1865 quem
910 1817 1010 1850 multi
1036 1816 1116 1849 edd.
1143 1820 1179 1847 et
1203 1812 1337 1857 scripti.

981 1923 1055 1960 dus
1088 1920 1246 1958 fabulae
1273 1916 1384 1955 Iliad.
1416 1920 1467 1963 θ,
1509 1917 1593 1956 367
1623 1926 1706 1963 sqq.

980 1980 1098 2018 Varie
1128 1984 1262 2014 autem
1302 1989 1323 2011 a
1354 1974 1481 2026 poetis
1514 1977 1709 2010 tractatus

980 2038 1058 2075 fuit
1078 2034 1261 2073 Herculis
1294 2032 1343 2069 ad
1368 2032 1516 2068 inferos
1541 2030 1709 2067 descen-

983 2109 1060 2132 sus.
1121 2092 1234 2129 Conf.
1267 2104 1306 2127 v.
1334 2103 1366 2126 c.
1401 2087 1511 2126 Iliad.
1541 2101 1579 2134 ε,
1624 2084 1708 2127 395

983 2165 1067 2201 sqq.
1129 2147 1316 2200 Apollod.
1351 2146 1398 2194 II,
1431 2146 1468 2194 5,
1506 2148 1557 2186 12
1585 2149 1624 2180 et
1655 2142 1710 2179 ibi

980 2211 1070 2248 Not.
1103 2206 1244 2245 Thesei
1270 2205 1480 2242 descensus
1504 2202 1554 2238 ad
1573 2201 1711 2238 imita—

980 2268 1131 2305 tionem
1152 2262 1336 2303 Herculis
1362 2260 1639 2305 adumbratus,
1662 2263 1712 2295 ut

981 2325 1171 2377 pleraque
1193 2322 1268 2358 alia
1281 2320 1422 2357 Thesei
1444 2319 1484 2355 in
1505 2315 1711 2354 Theseide.

985 2382 1143 2420 Scilicet
1178 2379 1323 2429 ubique
1359 2377 1400 2414 iu
1445 2375 1506 2413 his
1532 2374 1714 2412 imitato-

985 2454 1076 2479 rum
1120 2437 1301 2476 studium
1340 2432 1637 2486 deprehendaS,
1682 2431 1714 2468 si

986 2498 1051 2536 vel
1083 2510 1147 2545 ea,
1200 2507 1300 2545 quae
1340 2490 1581 2530 Plutarchus
1619 2489 1713 2526 inde

988 2560 1147 2603 narrat,
1187 2552 1383 2604 inspicias.
1454 2550 1509 2586 De
1543 2547 1714 2586 Cerbero

989 2628 1028 2652 v.
1052 2613 1122 2650 inf.
1145 2611 1194 2649 ad
1227 2625 1266 2648 v.
1298 2609 1394 2651 417.
1454 2610 1550 2649 397.
1584 2606 1717 2642 domi«

988 2686 1111 2719 nam,
1168 2667 1406 2715 δέσποιναν,
1466 2664 1628 2715 proprie
1668 2661 1716 2699 de

989 2727 1236 2779 Proserpina.
1298 2725 1405 2762 Alias
1430 2723 1583 2761 dictum
1604 2725 1716 2766 esset,

989 2794 1037 2827 ut
1060 2785 1167 2838 apud
1197 2785 1419 2823 Homerum
1447 2780 1590 2833 passim
1621 2775 1713 2817 ἄλο·

991 2862 1059 2899 χος
1081 2843 1286 2884 δέσποινα.

1051 2904 1149 2945 398.
1179 2898 1428 2950 Amplnysia
1451 2902 1575 2932 vates.
1608 2892 1718 2928 Lon-
