1811 3388
351 149 760 203 AENEIDOS
797 150 938 200 LIB.
977 152 1076 213 VI,
1113 157 1414 208 283—292
1533 161 1631 210 895

114 275 462 326 Horrendum
488 274 731 337 stridenS,
752 272 1091 341 flammisque
1119 287 1315 326 armata
1337 278 1631 346 Chimaera,

117 350 421 410 Gorgones,
456 345 855 411 Harpyiaeque,
898 353 950 393 et
981 343 1156 396 forma
1185 348 1493 414 tricorporis
1511 368 1632 399 um-

902 414 1044 466 brae.

117 484 362 549 Conripit
388 483 474 532 hie
499 483 669 532 subita
692 483 931 549 trepidus
952 483 1245 535 formidine
1271 485 1478 535 serrum
1533 493 1634 539 290

115 557 347 615 Aeneas,
386 554 730 619 strictamque
753 554 921 602 aciem
945 555 1282 604 venientibus
1309 555 1515 618 obfert;

113 625 204 687 Et,
243 623 297 671 ni
332 622 488 672 docta
515 639 696 672 comes
722 625 896 673 tenuis
920 624 1032 674 sine
1058 641 1286 691 corpore
1312 627 1439 675 vitas

207 741 277 775 288
302 753 371 785 que
394 740 495 773 abest
521 753 540 773 a
564 739 656 773 binis
686 742 799 774 Burm.
846 742 958 774 Porro
983 741 1076 786 apud
1110 742 1263 775 Servium
1297 741 1450 776 dubitari
1485 742 1632 785 videtur,

114 786 159 819 ad
182 789 410 820 Excetrarnne
443 788 677 820 Horrendam
710 788 873 821 stridens
906 800 950 821 au
985 789 1030 821 ad
1065 788 1280 822 Chimaeram
1314 790 1534 822 referendum
1575 789 1631 823 sit.

113 834 182 866 Sed
207 834 314 866 habet
338 834 426 867 haec
462 834 663 879 epitheton,
691 836 856 879 flammis
889 844 1053 876 armata,
1087 835 1335 869 flammivoma:
1373 836 1439 869 etsi
1474 837 1631 869 flammae

113 881 272 913 strident
297 881 453 925 proprie.
502 881 572 914 Sed
599 887 633 913 et
658 882 815 914 stridere
848 881 891 914 de
925 890 1087 926 serpente
1122 883 1288 928 proprie,
1322 895 1355 916 v.
1390 896 1418 916 c.
1453 883 1631 918 Claudiam.

113 926 158 958 de
184 928 224 960 R.
250 928 286 962 P.
313 929 338 967 Ι,
366 930 420 962 12.
448 940 591 973 angues
631 929 844 974 Triptolemi
876 930 1050 962 stridant.
1086 930 1178 962 conf.
1218 929 1392 962 Drakenb.
1428 930 1473 962 ad
1509 929 1631 963 Silium

112 974 156 1013 11,
179 975 261 1008 537.
288 975 337 1018 (ut
362 974 431 1007 hoc
455 975 601 1007 addam:
628 986 697 1007 non
722 974 981 1019 interpungitur
1006 982 1088 1019 post
1114 978 1258 1009 Lernae
1292 976 1328 1009 in
1363 976 1491 1010 Medic.
1533 977 1630 1020 IVr.)

110 1021 339 1066 flammisque
364 1023 529 1054 animata
555 1021 755 1065 corrigebat
779 1022 922 1055 Wakef.
956 1022 1000 1055 ad
1030 1022 1148 1067 Eurip.
1186 1025 1258 1056 Ion.
1294 1035 1374 1068 pag.
1409 1024 1466 1058 27.
1503 1024 1553 1066 (et
1586 1023 1630 1056 ad

112 1067 250 1103 Lucret.
276 1068 319 1108 ll,
344 1067 425 1103 704.
453 1075 487 1100 et
510 1068 552 1100 ad
578 1069 622 1108 V,
647 1069 727 1102 2204.
758 1069 852 1111 Wr.)
879 1068 972 1101 nulla
1008 1069 1051 1101 de
1085 1082 1216 1102 caussa.
1311 1071 1379 1104 289
1413 1069 1550 1102 Servius
1584 1069 1630 1103 ad

113 1113 150 1146 h.
177 1126 229 1146 V.:
266 1117 378 1155 „Sane
408 1115 546 1159 quidam
572 1114 711 1155 dicunt,
747 1126 864 1147 versus
889 1115 975 1148 alios
1001 1115 1066 1148 hos
1093 1128 1111 1148 a
1138 1122 1243 1160 poeta
1268 1116 1336 1149 hoc
1369 1115 1448 1149 loco
1474 1116 1628 1158 relictos,

113 1160 196 1204 „qui
221 1161 264 1193 ab
292 1161 364 1193 eius
391 1161 675 1194 emendatoribus
701 1162 830 1194 sublati
856 1162 946 1194 siut:
980 1164 1164 1207 Gorgonis
1197 1164 1234 1196 in
1271 1163 1387 1196 medio
1415 1171 1629 1209 portentum

112 1210 290 1248 „immane
327 1209 518 1241 Illedusae.
571 1211 751 1253 Vipereae
782 1210 914 1241 circum
950 1221 1016 1241 ora
1051 1222 1173 1242 comae
1205 1212 1265 1243 cui
1295 1208 1401 1242 sibila
1437 1218 1627 1254 torquent:

111 1254 369 1299 „Insanzesque
392 1257 515 1300 rigent
541 1257 653 1287 oculi:
691 1264 880 1300 mentoque
904 1254 970 1288 sub
1004 1257 1072 1288 imo
1108 1258 1325 1301 Serpentum
1358 1259 1532 1288 extremis
1556 1269 1627 1289 no-

111 1301 275 1343 „dantur
302 1302 451 1334 vincula
475 1303 638 1335 cauclis.“

686 1302 755 1334 Sed
789 1301 900 1346 inepti
932 1302 1199 1346 interpolatoris
1236 1315 1355 1335 versus
1393 1314 1490 1344 esse,
1524 1303 1627 1336 facile

111 1347 368 1391 deprehendas,
419 1348 600 1392 Γοργείην
625 1346 812 1392 κεφαλὴν,
849 1361 889 1381 ex
923 1351 1011 1381 Orco
1049 1349 1115 1381 sibi
1149 1361 1191 1381 ne
1227 1350 1453 1390 immittatur,
1487 1356 1629 1382 veretur

112 1405 252 1438 quoque
287 1394 434 1438 Ulysses
474 1395 600 1439 Odyss.
645 1396 676 1436 λ,
719 1396 799 1430 633.

110 1441 281 1474 Montalb.
308 1442 353 1475 ef.
377 1442 490 1474 Burm.

110 1542 160 1574 ut
182 1537 386 1587 trigemini
408 1549 483 1587 pro
514 1537 652 1585 trinis,
684 1536 740 1574 ita
769 1551 843 1588 pro

111 1594 393 1645 centumplex,
424 1607 493 1632 seu
526 1596 700 1633 centenis
732 1595 842 1646 capi-

40 1682 41 1686 ,
110 1651 218 1689 tibus
261 1652 512 1700 instructus,
567 1665 636 1690 seu
680 1659 841 1690 centum

40 1706 42 1739 ὲ
109 1722 303 1746 manuum
340 1716 558 1761 respectu,
614 1710 707 1760 quia
746 1710 840 1750 ἕκα-

42 1784 43 1819 3
109 1768 325 1821 τόγχειρος,
352 1767 460 1819 apud
481 1767 703 1805 Homerum
726 1767 839 1806 Iliad.

38 1820 44 1878 ᾗ
111 1840 148 1875 α,
181 1826 276 1866 402.
338 1825 478 1876 Capita
497 1826 527 1862 L
554 1825 688 1862 adiicit
717 1825 843 1877 Apol·—

43 1883 45 1893 ‘
109 1882 287 1919 lodorus.
323 1882 420 1920 Insr.
452 1884 503 1931 X,
534 1884 616 1925 565
648 1882 842 1934 Aegaeon,

110 1948 267 1978 centum
287 1942 355 1976 cui
374 1939 541 1977 brac-lita
559 1942 710 1988 ‹lic-lint,
740 1942 843 1978 Ceri-

110 2006 298 2047 tensisque
328 2011 499 2043 manus‚·
543 2000 842 2049 quinquaginta

45 2069 47 2076 ⁴
112 2054 243 2091 oribus
265 2056 402 2103 ignem
432 2054 740 2105 I'ccloribusque
770 2070 839 2092 αν-

110 2113 221 2148 sisse.
279 2111 397 2148 Aliud
420 2118 645 2149 monstrum
663 2113 702 2149 in
725 2112 838 2150 aditu

47 2161 50 2199 l
111 2169 205 2206 Orci
232 2169 366 2219 posuit
396 2169 582 2219 Virgilius
610 2169 700 2207 insr.
736 2169 836 2218 VIII,

49 2239 51 2269 ξ
112 2226 161 2264 de
180 2225 363 2264 Herculis
385 2225 578 2264 descensu
597 2226 647 2263 ad
676 2227 836 2275 inferos,

50 2306 51 2314 ¹
111 2285 195 2325 298
230 2284 323 2320 [Vec-
356 2292 391 2320 te
426 2285 535 2321 ullae
560 2283 724 2333 facies,
758 2299 836 2321 non

0 2359 1 2370 π
51 2356 53 2383 ζ
111 2343 245 2378 terruit
286 2343 372 2390 ipse
408 2342 617 2392 'lyplzoeu-s·
652 2342 831 2389 Arduus,

0 2420 2 2428 ι
52 2440 53 2449 ¹
112 2412 228 2436 arma
259 2406 427 2445 tenens5
478 2413 557 2435 tion
595 2406 631 2435 te
670 2400 835 2435 rcclionis

54 2531 55 2536 ¹
112 2522 197 2551 tum
221 2515 476 2550 circumstetit
502 2515 663 2561 anguis.

112 2465 291 2507 egentem
325 2457 532 2492 Lernaeus
568 2455 680 2492 [urba
718 2458 836 2505 Csll)i-

731 2515 837 2550 Gor·-

109 2585 235 2621 gones
254 2571 295 2608 in
307 2571 421 2608 Ilade
432 2571 509 2607 iam
531 2570 672 2621 Odyss.
691 2573 723 2617 λ,
742 2574 839 2618 632,

55 2666 57 2673 Α
113 2628 181 2666 ubi
209 2629 367 2679 Ulysses
409 2628 575 2675 metuit,
619 2642 665 2664 nc
705 2629 837 2678 Gorgo

111 2686 186 2723 sibi
212 2692 410 2724 occurrat.
462 2686 591 2735 Fugat
612 2687 837 2736 Gorgonem

0 2758 9 2764 ·
58 2754 59 2777 1
110 2742 302 2780 Hercules
341 2743 448 2794 apud
486 2743 669 2794 Apollod.
712 2743 758 2791 II,
797 2744 835 2791 5,

3 2810 9 2831 ⁵
60 2811 61 2833 ἶ
115 2803 178 2848 12,
200 2814 285 2851 pag.
314 2803 404 2842 121.
451 2800 595 2850 ](’)Γηι(ι
627 2803 711 2840 tric.
744 2815 835 2837 um·-

0 2875 10 2892 ,·
60 2876 62 2913 ιγ
110 2857 202 2895 brae
223 2865 383 2905 ornate,
415 2871 488 2909 pro
508 2858 730 2908 tricorpore
755 2860 835 2895 Ge-

895 1396 965 1429 290
1001 1396 1146 1442 trepida
1181 1397 1327 1430 Dorvill.
1422 1398 1487 1432 291
1522 1396 1628 1440 effert

542 1443 700 1487 k—292.
727 1443 850 1475 tenuis·
873 1442 1022 1485 Medic.‚
1047 1443 1109 1475 sed
1134 1444 1149 1475 i
1169 1443 1205 1476 in
1230 1457 1249 1476 e
1273 1449 1435 1476 mutatur.
1467 1444 1561 1487 Wr.)

900 1550 1057 1588 ryone:
1107 1534 1355 1590 τρισώματος
1403 1538 1513 1588 apud
1546 1536 1627 1575 Ae-

906 1594 1086 1646 schylum
1111 1595 1242 1648 Agam.
1266 1599 1362 1637 879.
1401 1596 1627 1647 Geryonem

900 1666 991 1690 cum
1027 1654 1145 1704 Tityo
1182 1654 1365 1691 iunctum
1395 1654 1512 1691 etiam
1537 1653 1627 1691 Ho-

897 1711 1025 1748 ratius
1054 1711 1096 1748 iu
1133 1711 1229 1748 locis
1266 1710 1402 1748 inseris
1430 1716 1627 1748 memorat

900 1768 947 1815 II,
974 1768 1036 1815 14,
1062 1772 1086 1809 8
1119 1769 1241 1811 Pluto
1262 1770 1332 1820 qui
1359 1776 1416 1806 ter
1441 1770 1627 1818 waplam

905 1827 1125 1876 Geryonem
1154 1828 1371 1877 Tityonque
1390 1828 1491 1863 tristi
1514 1840 1627 1863 com-

894 1886 1023 1933 pes-cit
1042 1885 1167 1921 mida.
1231 1883 1477 1921 Imitatorem
1507 1883 1626 1921 etiam

901 1940 1037 1978 hocin
1060 1941 1147 1978 loco
1178 1940 1319 1978 habuit
1345 1941 1529 1991 Virgilius
1561 1942 1626 1977 Si-

900 1998 997 2035 lium
1034 1998 1139 2045 XIII,
1177 1998 1260 2038 587
1298 2011 1375 2047 seq.
1437 1997 1625 2049 Harpyiis

899 2055 1083 2105 fugandis
1114 2055 1298 2092 Ariostus
1336 2054 1386 2091 ad
1431 2055 1526 2091 Orci
1560 2055 1626 2092 in-

895 2125 1070 2163 gressum
1141 2112 1314 2149 adduxit
1382 2111 1624 2163 Astolplium

895 2183 1011 2206 suum
1045 2167 1244 2221 (Orlamlo
1273 2169 1459 2218 sicrioso:
1497 2170 1624 2206 Canto

895 2227 1070 2264 XXXllI
1092 2233 1129 2263 et
1151 2226 1356 2279 XXXIV).

951 2285 1208 2327 290—294.
1241 2284 1304 2320 Ad
1335 2284 1502 2321 ductum
1534 2284 1622 2321 Ho-

894 2341 992 2378 meri
1013 2342 1036 2379 l.
1061 2356 1092 2378 c.
1115 2341 1257 2392 Odyss‘.
1277 2357 1312 2390 κ,
1334 2342 1416 2383 535
1436 2355 1492 2391 sq.
1513 2343 1545 2386 λ,
1566 2341 1621 2383 48

894 2413 949 2449 sq.
982 2400 1029 2438 cs.
1052 2399 1147 2436 ibid.
1167 2401 1249 2440 218
1265 2423 1315 2426 Η
1330 2401 1424 2439 221.
1444 2404 1482 2435 et
1495 2398 1622 2449 Apol-

895 2456 974 2493 lon.
1016 2456 1043 2504 I,
1084 2457 1204 2497 1250.
1264 2455 1394 2493 Etiam
1431 2456 1623 2493 Hercules

896 2514 937 2550 in
966 2514 1191 2563 Gorgonem
1227 2513 1385 2564 stringit
1410 2526 1563 2563 ensem,
1601 2527 1622 2549 a

896 2572 1095 2608 Mercurio
1117 2571 1357 2619 admonitus,
1376 2585 1521 2609 vanam
1542 2583 1623 2608 esse

897 2629 1086 2680 speciem,
1127 2629 1235 2680 apud
1273 2629 1457 2680 Apollod.
1503 2630 1549 2677 11,
1580 2629 1621 2673 5,

901 2690 962 2727 12.
996 2686 1131 2724 Schol.
1175 2686 1282 2724 Iliad.
1319 2691 1362 2734 θ,
1403 2689 1498 2727 368.
1558 2684 1622 2736 os-

883 2744 994 2793 serl,
1029 2744 1220 2794 exquisite
1248 2758 1320 2795 pro
1348 2744 1541 2790 intentat,
1581 2747 1621 2778 et

894 2810 1026 2838 leuues
1048 2804 1166 2848 vila-v,
1204 2803 1360 2847 εἴὸωλα,
1390 2801 1472 2838 vita
1499 2806 1619 2836 uten—

892 2859 974 2907 tia,
1029 2859 1189 2897 animas.
1271 2859 1358 2895 Non
1402 2856 1619 2895 admodum
