1779 3420
145 248 246 294 626
482 244 535 291 Ρ.
572 239 932 291 VIRGILII
966 235 1344 287 MARONIS

147 366 524 433 Gens-epulata
543 367 671 415 toris
696 368 968 414 Lenaeum
997 361 1124 409 libat
1142 360 1431 419 honorem,

148 438 386 505 Adspicis
408 436 570 486 haec?
609 452 674 485 an
708 444 785 498 te,
822 433 1055 498 genitor,
1095 447 1265 496 quum
1293 428 1520 481 fulmina
1557 440 1663 482 tor-

925 516 1071 566 queS,
1423 548 1425 550 ,

147 574 522 642 Nequidquam
547 572 866 620 horremus?
904 570 1151 635 caecique
1174 569 1229 618 in.
1255 568 1489 619 nubibus
1515 571 1664 635 ignes

147 644 464 696 Terrificant
487 643 705 702 animos,
731 649 781 688 et
795 640 963 688 inania
984 655 1263 688 murmura
1280 639 1541 691 miscent?
1561 648 1663 694 210

146 715 391 775 Femina,
426 728 559 778 quae
583 711 773 779 nostris
798 725 976 758 errans
999 708 1052 756 in
1075 707 1274 758 finibus
1294 708 1489 758 urbem

144 786 393 848 Exiguam
417 782 588 847 pretio
612 779 789 846 posuit
804 819 815 840 ,
857 779 939 826 cui
961 777 1081 827 litus
1105 778 1381 841 arandum,

149 855 350 919 Cuique
376 851 478 899 loci
503 850 646 914 leges
668 848 940 912 dedimus,
981 848 1248 898 connubia
1271 857 1452 897 nostra

213 941 326 985 208.
362 935 439 981 ΑΝ

235 1048 303 1083 207
338 1048 458 1080 choris
490 1046 588 1078 Leid.
645 1045 792 1078 odorem
827 1045 974 1079 Dorvill.

1035 1059 1192 1080 amorem
1235 1046 1326 1079 alter
1373 1045 1499 1079 Hamb.
1520 1071 1530 1088 ‚
1574 1057 1660 1089 per-

144 1107 272 1140 peram.
321 1096 450 1127 Honor
494 1093 537 1125 de
574 1092 744 1124 libatione
788 1090 823 1124 in
864 1093 1007 1125 deorum
1040 1094 1212 1126 honorem
1247 1095 1358 1135 facta,
1402 1094 1566 1137 frequens
1604 1105 1658 1137 ap.

143 1148 277 1186 poetas.

372 1141 440 1174 208
465 1141 631 1186 Respicis
655 1140 689 1171 lz.
723 1140 845 1172 Franc.
895 1141 1040 1185 Aspicis
1074 1141 1142 1173 hoc
1178 1141 1325 1173 Dorvill.
1373 1140 1466 1172 llaec
1499 1140 1658 1184 genitor,

143 1201 190 1222 an
215 1200 293 1221 cum
319 1196 384 1220 tua
408 1188 532 1221 Venet.
581 1198 629 1218 an
655 1198 726 1218 nae
750 1186 805 1218 vel
830 1199 876 1219 ne
900 1199 980 1219 mss.
1005 1187 1096 1219 Pier.
1146 1195 1323 1232 torquens
1356 1186 1484 1219 Medic.
1512 1192 1548 1218 et
1571 1186 1659 1218 Lei-

141 1236 236 1268 dens.
287 1233 431 1278 (Scripsi
457 1246 505 1266 an
530 1233 663 1265 minore
688 1232 809 1273 litera3
837 1233 988 1265 refertur
1013 1234 1103 1266 enim
1139 1233 1228 1267 haec
1269 1234 1313 1266 ad
1346 1232 1564 1277 superiorem
1599 1232 1658 1264 in-

140 1281 424 1326 terrogationem,
442 1287 478 1312 ut
499 1292 548 1313 αη
573 1279 618 1312 sit
643 1279 665 1312 i.
692 1291 724 1323 q.
749 1275 785 1323 ἤ.
817 1279 912 1323 JVr.)

594 1327 663 1361 212
686 1327 870 1372 Exigumn
902 1326 1029 1360 Medic.
1063 1340 1083 1361 a
1115 1340 1160 1360 m.

443 1374 514 1408 213
548 1375 614 1406 Cui
645 1373 746 1418 leges
787 1374 1024 1420 dedimusque
1070 1375 1142 1407 loci
1181 1374 1282 1408 Leid.
1325 1381 1362 1407 et
1404 1375 1542 1419 HugeU.

141 1330 262 1361 mania
284 1341 328 1361 m.
353 1327 498 1360 Dorvill.

140 1376 329 1418 Hamburg.

141 1423 192 1455 cis
222 1422 330 1456 Wall.

139 1517 227 1569 pius
250 1521 488 1563 occurrunt3
505 1514 632 1566 primo
653 1514 740 1552 loco
754 1514 865 1554 Iliad.

139 1591 178 1626 νη,
219 1575 301 1615 446
339 1587 395 1624 sq.
442 1579 481 1610 et
510 1572 579 1621 al.,
621 1572 712 1622 sed,
756 1573 865 1623 quod

140 1638 221 1669 tam
255 1631 416 1683 impiam
459 1629 688 1669 vecordiam
726 1630 865 1668 Iarbae

140 1689 307 1738 tribuit,
333 1688 411 1726 hoc
429 1687 672 1726 calidissimis
693 1694 731 1725 et
754 1689 864 1726 fero-

141 1747 301 1784 cissimis
323 1748 512 1784 Afrorum
524 1746 689 1796 ingeniis
705 1760 865 1784 accom-

141 1804 301 1842 modate
354 1805 487 1842 fecisse
539 1803 669 1842 videri
735 1804 863 1842 debet.

141 1861 240 1901 Vide
267 1862 385 1900 modo
406 1861 600 1900 Herodot.
626 1861 691 1910 IV,
722 1865 802 1904 173
826 1868 866 1899 et

144 1920 237 1962 184.
280 1922 502 1958 flffaurusia
538 1933 640 1970 gens
662 1949 672 1967 ,
721 1919 865 1968 Mauri,

141 1977 204 2015 vel
224 1976 466 2027 Mauretani,
499 1977 643 2028 quibus
659 1975 700 2014 h.
723 1978 748 2015 l.
780 1978 868 2015 [ar-

141 2034 210 2072 bas
244 2035 438 2086 imperare
466 2035 664 2082 traditur,
705 2049 766 2087 ap.
798 2035 867 2073 Iu-

140 2092 290 2130 stinum
307 2093 448 2142 XVIII,
467 2096 491 2134 6
527 2094 743 2130 Jlffaxtzani
760 2099 868 2141 sunt,

140 2149 260 2187 iidem
298 2151 402 2188 sorte
424 2180 434 2199 ,
486 2151 555 2200 qui
591 2152 763 2198 Mazyes
804 2151 868 2188 vel

142 2209 315 2258 fllaxyes
330 2238 339 2256 ‚
372 2208 597 2246 Nomadum
617 2221 762 2259 genus,
784 2209 867 2246 sive

141 2264 356 2315 improprie
392 2265 523 2303 Mauri
559 2279 581 2302 a
612 2273 732 2316 poeta
767 2266 865 2304 dicti

145 2319 232 2372 (inf.
258 2324 341 2363 320
382 2321 610 2375 Nomades)
632 2353 641 2371 ,
696 2324 778 2362 sive
820 2330 867 2362 ut

146 2377 199 2413 illi
234 2379 281 2415 ab
310 2380 419 2417 initio
448 2380 533 2417 illas
560 2387 687 2419 terras
719 2389 864 2419 tenue—

145 2435 246 2482 rint,
285 2449 382 2484 quas
421 2443 647 2488 temporum
682 2453 864 2477 successu

147 2491 336 2529 Numidae
386 2501 662 2546 occuparunt,
721 2511 866 2547 quam-

147 2561 264 2597 quam
293 2555 330 2586 et
357 2549 397 2586 hi
430 2552 578 2601 origine
612 2553 742 2591 Mauri
784 2568 865 2592 esse

147 2610 322 2654 potuere.
381 2608 479 2645 Nam
503 2610 763 2649 Numidarum
791 2626 866 2650 no-

147 2674 237 2697 men
258 2675 337 2699 non
359 2669 440 2701 tam
468 2667 631 2716 stirpem
660 2682 776 2717 quam
803 2670 867 2707 Vi—

149 2724 211 2755 tae
232 2731 378 2768 gemm,
409 2720 448 2758 h.
472 2735 502 2758 e.
524 2724 766 2769 Nomadum,
796 2727 867 2763 de—

148 2775 296 2825 signat,
328 2777 508 2827 pluribus
531 2780 708 2818 diversae
736 2783 867 2833 stirpis

149 2832 304 2882 populis
343 2847 562 2874 commune.
641 2839 868 2876 libationem

149 2889 273 2940 epulis
290 2891 401 2927 sactis
432 2890 486 2943 (v.
514 2894 541 2942 1,
571 2894 670 2946 728)
707 2897 867 2934 omnino

150 2960 221 2996 pro
244 2946 355 2984 cultu
380 2962 491 2987 sacro
523 2964 567 2987 ac
591 2952 774 3002 religione
804 2954 867 2991 di—

995 1281 1067 1315 209
1094 1293 1239 1314 oremus
1264 1280 1411 1314 Dorvill.
1494 1281 1566 1314 210
1589 1280 1659 1312 im-

1194 1340 1247 1373 pr.
1294 1328 1418 1373 posuit
1447 1327 1570 1372 pretio
1601 1338 1656 1406 pr.

1618 1386 1659 1406 0-

925 1516 1007 1565 xit,
1026 1522 1073 1554 ut
1092 1522 1224 1568 poeta.
1253 1518 1348 1554 toris
1358 1516 1486 1565 pic-tis
1506 1528 1546 1554 v.
1570 1527 1657 1566 sup.

925 1574 953 1623 l,
987 1577 1083 1622 708,
1120 1575 1162 1612 in
1206 1574 1326 1611 domo
1362 1572 1550 1622 Didonis,
1589 1571 1659 1610 ubi

924 1638 1058 1670 tamen
1077 1632 1218 1669 melius
1237 1632 1371 1669 locum
1404 1645 1522 1669 suum
1547 1630 1654 1668 tueri

922 1689 1118 1728 videntur
1136 1703 1257 1740 quam
1274 1689 1379 1726 inter
1396 1688 1517 1726 rudes
1538 1688 1657 1725 Mau-

922 1755 1001 1785 ros,
1061 1748 1254 1797 Adspicis
1280 1747 1412 1784 haec?
1442 1746 1657 1784 formulam

923 1805 1129 1842 illustrant
1151 1818 1199 1842 ex
1223 1805 1334 1843 Iliad.
1353 1820 1392 1855 η,
1412 1802 1508 1844 448.
1546 1805 1659 1840 caeci

924 1866 1038 1913 ignes
1082 1861 1120 1900 h.
1160 1864 1185 1900 l.
1222 1876 1305 1900 non
1349 1867 1446 1899 sunt
1496 1861 1656 1909 occulti,

923 1921 1063 1968 invisi3
1094 1921 1185 1967 sed,
1217 1921 1281 1958 vel
1314 1919 1383 1970 qui
1409 1918 1525 1968 vani,
1566 1919 1657 1956 ina-

924 1992 1006 2027 nes,
1032 1984 1139 2028 sunt,
1163 1976 1257 2029 (hoc
1277 1976 1509 2026 tenendum,
1535 1976 1655 2028 quip-

925 2050 973 2088 pe
999 2049 1228 2087 praegresso
1245 2035 1540 2086 Nequidquam
1558 2034 1655 2071 llor-

924 2109 1055 2131 remzcs
1101 2093 1360 2145 respondem.
1410 2091 1529 2144 er.)
1591 2091 1655 2129 vel

925 2151 994 2203 qui
1017 2158 1167 2189 temere
1194 2157 1233 2188 et
1258 2150 1428 2188 fortuito
1454 2150 1653 2197 feruntur,

925 2209 1037 2260 quasi
1058 2223 1173 2247 caeco
1197 2209 1360 2260 impetu.
1420 2207 1523 2245 Male
1542 2209 1654 2246 Serv.

925 2273 965 2305 et
993 2267 1077 2305 alii:
1131 2280 1304 2318 quorum
1334 2266 1443 2317 origo
1480 2271 1519 2302 et
1550 2264 1654 2302 ratio

923 2325 1145 2376 ignoratur.
1176 2325 1357 2362 tonitrua
1386 2326 1575 2371 miscent,
1613 2321 1652 2360 h.

924 2383 949 2421 l.
993 2384 1160 2421 turbant
1202 2382 1378 2429 animos,
1421 2387 1493 2418 aut
1533 2381 1653 2430 ignes,

923 2440 1111 2489 fulmina,
1152 2442 1342 2487 miscent,
1385 2452 1414 2476 s,
1463 2438 1653 2475 adiuncta

923 2498 1074 2536 habent
1093 2528 1102 2546 ,
1134 2512 1162 2535 s.
1202 2497 1354 2534 faciunt
1375 2525 1384 2543 ‚
1426 2509 1647 2532 murmura.

926 2554 1142 2608 (Posterius
1164 2567 1325 2602 verum,
1366 2566 1458 2590 nam
1487 2566 1652 2603 compo-

925 2615 1015 2651 sitio
1056 2626 1261 2650 murmura
1302 2613 1466 2647 miscent
1495 2612 1652 2646 animos

924 2671 1178 2709 intoleranda
1199 2675 1269 2707 est.
1307 2666 1456 2720 lls'clz.)

983 2731 1079 2770 211.
1112 2729 1164 2765 De
1185 2740 1227 2765 re
1247 2741 1285 2765 v.
1303 2725 1370 2763 lib.
1404 2726 1432 2773 Ι,
1464 2725 1546 2766 365
1568 2737 1650 2774 sqq.

925 2789 1021 2827 212.
1037 2786 1119 2827 214
1139 2787 1234 2823 litas
1253 2784 1467 2821 arandum.
1520 2781 1653 2833 Argu-

926 2849 1065 2881 tantur
1108 2843 1257 2893 intppr.
1346 2841 1415 2877 Est
1467 2839 1653 2877 littoralis

925 2901 1037 2952 plaga
1055 2907 1095 2938 et
1115 2914 1204 2951 ager
1223 2900 1265 2936 in
1298 2905 1404 2935 terra
1427 2898 1527 2934 mari
1551 2896 1653 2934 vici-

926 2971 988 2994 na.
1049 2959 1128 2995 loci
1171 2959 1278 3007 leges
1329 2957 1534 3003 dedimus,
1579 2953 1652 3001 iuS,
