1779 3420
116 195 217 242 142

441 191 495 238 P.
540 185 884 239 VIRGILII
928 182 1298 233 MARONIS

111 316 198 365 Bis
230 314 382 363 denis
402 314 691 377 Phrygium
717 308 1005 361 conscendi
1028 306 1254 356 navibus
1279 321 1498 372 aequor,

112 389 285 435 Matre
314 384 413 432 dea
434 391 767 432 monstrante
794 381 929 428 viam
945 418 957 438 ,
998 377 1116 426 data
1141 375 1243 425 fata
1265 385 1492 426 secutus,

113 455 209 506 Vix
234 463 447 520 septem
472 453 755 502 convolsae
779 449 936 499 undis
964 450 1218 512 Euroque
1243 455 1541 512 supersunt.

115 578 184 604 tur.
234 574 284 604 Ac
301 582 406 615 saepe
425 569 473 602 ita
492 568 669 613 antiquam
686 573 843 606 matrem,
869 578 896 598 s.
915 562 1066 609 patriam
1089 569 1122 596 et
1148 574 1359 608 proavorum
1379 563 1480 596 sedes
1509 561 1633 607 exqui-

115 631 194 652 rere
214 618 345 650 dicitur
363 620 510 649 Aeneas.
559 614 699 648 lahnius
715 615 878 660 patriam
898 611 1171 656 interpretatur:
1198 616 1245 643 ut
1269 609 1335 642 sit
1361 619 1382 654 p
1396 609 1543 651 atria,
1568 615 1633 641 to-

116 671 259 710 tumque
285 664 398 696 locum
417 663 462 696 ita
480 661 763 705 distinguendum
785 659 978 691 existimat:

256 715 339 744 Sum
364 710 441 754 pius
468 713 619 749 Aeneas,
644 713 766 751 raptos
791 705 849 750 qui
876 717 917 737 ex
941 704 1045 737 hoste
1070 708 1219 748 penates

258 758 379 790 Classe
403 756 492 789 veho
518 767 671 794 mecum;
694 753 786 785 fama
811 763 916 796 super
940 750 1083 784 aethera
1109 755 1213 781 notus

261 804 396 837 Italiam
426 813 555 846 quaero
580 801 726 845 patriam
754 805 789 831 et
808 811 917 843 genus
941 798 985 830 ab
1011 798 1094 830 Iove
1120 805 1274 836 summo3

120 852 186 884 hac
214 851 378 884 adiuncta
403 848 652 892 explicatione:
677 846 812 887 ‚‚idem‚
846 845 905 890 qui
936 845 1028 877 fama
1052 855 1157 888 super
1185 843 1332 875 aethera
1362 847 1465 873 notus
1490 845 1525 872 et
1544 838 1637 871 Iovis

120 898 240 931 summi
263 910 374 942 genus
393 908 486 936 sum,
510 906 640 939 (pluero
656 893 789 926 ltaliam
810 892 992 937 pau'iam.“

1043 892 1141 931 Quae
1160 889 1252 922 ratio
1285 900 1356 922 non
1373 887 1529 920 debebat
1555 886 1636 930 pla—

120 955 200 979 cere
220 944 293 977 eius
325 941 468 976 Censori
498 941 532 973 in
557 941 649 973 Diar.
682 939 735 972 lit.
754 941 888 972 lenens.
911 938 956 972 ai.
987 937 1088 973 1827.
1112 936 1291 981 Supplem.
1318 947 1375 968 no.
1409 934 1464 969 94.
1493 945 1529 978 p.
1556 933 1637 968 366.

127 992 221 1035 Wr.)
269 989 317 1024 ab
338 993 368 1022 Ι.
391 1000 525 1034 magno
546 989 733 1021 Romanus.

828 987 895 1021 381
922 987 1044 1030 Inepte
1064 982 1289 1017 Grammatici
1316 992 1421 1027 super
1444 982 1508 1014 Bis
1535 980 1640 1014 denis

121 1043 418 1072 commentantur:
457 1036 588 1080 vtginti
606 1034 731 1066 fuisset
755 1031 931 1077 pedestris
961 1032 1131 1065 orationis
1157 1031 1281 1063 forma.

1374 1029 1446 1065 382
1467 1036 1532 1061 aba
1549 1026 1640 1072 fata

120 1088 247 1119 Graev.
271 1096 372 1117 ernsa
392 1082 504 1127 prima
523 1081 659 1122 littera,
684 1080 781 1125 quasi
799 1079 952 1112 voluerit
974 1087 1071 1111 rata.
1115 1077 1188 1111 Sed
1207 1077 1383 1121 vulgatam
1404 1076 1518 1108 firmat
1528 1075 1638 1106 Burm.

122 1134 212 1166 data
229 1131 263 1177 f
291 1137 500 1176 Sequuntur
521 1128 628 1160 Goth.
649 1139 703 1173 pr.

122 1179 334 1225 optimorum
357 1175 542 1220 scriptura.

180 1287 276 1326 380.
307 1284 504 1322 Fabulam
528 1289 643 1336 poeta
661 1280 855 1332 sequitur,

123 1357 202 1394 qua
231 1343 446 1380 Dardanus
479 1356 501 1379 a
536 1338 716 1393 Corytho
748 1339 856 1390 Tyr—

123 1400 252 1440 rheno
288 1413 414 1451 genus
458 1399 605 1437 ducere
638 1396 855 1444 serebatur,

125 1472 217 1497 cum
239 1457 443 1510 Corythus
468 1455 793 1495 Samothracicus
815 1453 856 1490 in

125 1530 217 1555 euin
235 1523 337 1554 esset
354 1516 577 1553 translatus
597 1511 858 1551 similitudine

126 1574 309 1612 nominis.
339 1587 380 1611 v.
412 1573 506 1610 Aen.
539 1573 623 1620 Vll,
657 1571 741 1612 205
771 1582 858 1619 sqq.

127 1631 212 1675 240
241 1644 297 1681 sq.
326 1631 436 1679 vill,
468 1629 549 1671 134
574 1643 630 1680 sq.
662 1627 765 1665 adde
792 1626 858 1675 III,

131 1692 225 1737 167,
248 1691 287 1735 8,
319 1688 389 1726 ubi
409 1702 448 1726 v.
468 1688 633 1725 Excurs.
652 1686 716 1724 111.
756 1683 861 1722 Hinc

128 1747 195 1785 lib.
224 1746 308 1794 VII,
333 1748 435 1787 122:
466 1747 551 1782 Hic
577 1745 730 1792 domus,
760 1742 861 1780 llaec

122 1806 264 1856 palria
288 1813 357 1841 est.
399 1804 446 1851 ΙΙ,
471 1806 554 1844 620
578 1810 706 1839 Ιαίιιηι
725 1801 861 1851 patrio

131 1870 166 1900 te
187 1863 324 1899 limine
345 1863 505 1898 sis-lam.
550 1860 758 1897 Hactenus
778 1858 790 1896 1
798 1864 861 1895 ta-

131 1920 183 1957 lia
207 1926 266 1957 est
292 1919 448 1957 Aeneae
476 1917 627 1970 patria3
658 1923 699 1954 et
719 1916 862 1953 hacte-

133 1991 207 2015 nus
232 1992 378 2027 genns,
411 1991 438 2013 a
459 1977 550 2013 love
572 1976 754 2023 ductum,
775 1973 815 2011 h.
830 1985 862 2012 e.

131 2035 298 2088 stirpem
318 2041 355 2071 et
378 2034 570 2084 originem
591 2032 743 2084 generis
762 2045 783 2068 a
797 2031 863 2069 Io·-

133 2106 183 2131 ve
222 2093 354 2141 ducti,
399 2097 598 2142 quatenus
639 2090 863 2137 Dardanus,

134 2150 238 2189 lovis
260 2151 365 2188 filius
385 2163 436 2186 ex
456 2149 623 2197 Electra,
655 2154 697 2185 et
712 2147 865 2199 generis

134 2215 288 2257 auctor,
301 2222 350 2245 ex
368 2207 483 2245 Italia
504 2205 700 2245 oriundus
723 2211 793 2244 est.
815 2205 865 2242 cf.

136 2266 212 2315 111,
237 2266 290 2307 94
319 2279 402 2315 sqq.
436 2264 515 2302 hoc
547 2266 722 2315 quaerit,
753 2263 866 2315 petit,

136 2324 176 2361 h.
205 2338 236 2361 e.
260 2330 430 2369 terram,
462 2323 502 2359 in
532 2335 610 2372 qua
636 2321 867 2373 progenitor

135 2382 201 2419 ille
235 2387 368 2419 ortum
405 2380 613 2417 habuerat.
674 2381 728 2417 At
759 2380 867 2416 Bur-

137 2451 308 2476 mannus
337 2451 422 2475 eani
450 2438 645 2475 rationein
675 2437 868 2487 sequitur,

137 2503 183 2535 ut
211 2511 340 2547 genas·
370 2495 605 2532 nominandi
634 2508 729 2532 casu
759 2494 868 2546 posi-

139 2560 228 2593 tum
260 2554 448 2604 accipiat:
480 2567 553 2602 ego
584 2553 759 2597 Aeneas,
790 2566 868 2601 ge-

138 2626 213 2649 nus
232 2626 258 2648 (ι
282 2612 391 2658 love,
426 2610 466 2646 li.
490 2624 520 2648 e.
545 2610 660 2658 Iovis,
676 2616 721 2646 ut
742 2608 868 2655 V,45‚

140 2682 287 2720 quaero
308 2667 488 2720 patriani.
537 2668 651 2714 Quae
676 2666 778 2704 ratio
797 2679 868 2718 per

140 2740 179 2766 se
211 2733 271 2764 est
296 2727 422 2773 bona,
455 2724 522 2761 sed
553 2725 655 2762 dura
683 2731 743 2761 est
775 2736 869 2761 ora-

141 2784 218 2834 tio,
257 2791 294 2821 et
324 2783 423 2820 haec
463 2781 597 2834 stirpis
633 2782 869 2820 memoratio

141 2843 277 2894 paullo
299 2842 437 2887 serius,
459 2854 578 2890 quani
601 2840 753 2890 reliqua
775 2854 869 2878 ora-

142 2901 199 2940 tio
225 2902 315 2949 sert,
347 2899 485 2937 subiici
511 2897 683 2937 videtur.

797 1127 869 1162 383
889 1126 1087 1160 convolsae
1102 1123 1252 1157 Romani
1273 1131 1309 1157 et
1329 1122 1456 1156 Medic.
1479 1121 1639 1165 adeoque

970 1279 1069 1320 381.
1110 1277 1339 1328 Phrygium
1368 1291 1532 1328 aequor,
1568 1274 1639 1312 lit-

915 1336 997 1373 tori
1018 1334 1187 1373 Troadis
1209 1348 1279 1373 seu
1298 1333 1492 1386 Phrygiae
1509 1333 1643 1371 mino-

914 1393 970 1431 ris
1001 1398 1270 1445 praetentum.
1331 1392 1543 1430 conscendi
1568 1405 1642 1428 ae—

916 1465 1017 1502 quor
1031 1451 1204 1489 navibus
1222 1450 1379 1489 doctius
1392 1450 1556 1498 dictum,
1569 1461 1643 1501 pro

916 1508 1087 1559 vulgari,
1109 1509 1363 1547 conscendere
1384 1523 1520 1546 naves.
1562 1506 1645 1555 Qui

918 1566 1023 1603 enim
1055 1568 1098 1603 in
1127 1568 1256 1604 allum.
1289 1566 1476 1605 evehitur
1487 1595 1497 1615 ,
1535 1566 1567 1603 is
1605 1571 1646 1602 et

917 1637 1068 1675 aequor
1095 1625 1350 1662 conscendere
1383 1623 1462 1661 dici
1493 1628 1641 1674 potest.

918 1683 1015 1723 382.
1027 1683 1166 1719 Matre
1177 1683 1253 1719 (lea
1266 1690 1508 1719 monstrante
1521 1684 1645 1719 viam.

918 1739 1016 1776 Aen·
1039 1738 1086 1788 Π,
1115 1741 1197 1781 589
1219 1754 1303 1791 sqq.
1331 1739 1434 1778 nihil
1462 1739 1510 1776 de
1534 1739 1600 1778 via
1625 1751 1647 1775 a

919 1797 1074 1835 Venere
1097 1803 1318 1835 monstrata
1345 1803 1546 1846 monetur,
1578 1796 1647 1834 sed

919 1860 1080 1892 tantum
1104 1854 1153 1892 de
1172 1856 1263 1907 fuga
1286 1870 1322 1895 v.
1339 1858 1436 1905 619,
1449 1858 1544 1898 620.
1567 1855 1647 1894 Ve-

920 1925 1013 1950 rum
1040 1913 1152 1950 fuere
1178 1914 1276 1951 aliae
1301 1915 1342 1951 in
1365 1927 1451 1951 eam
1478 1927 1563 1951 rem
1586 1913 1647 1950 fa-

920 1969 1059 2008 bulae:
1090 1983 1128 2010 v.
1149 1985 1235 2024 sup.
1258 1971 1424 2023 DisquiS.
1445 1971 1492 2020 ll,
1515 1985 1545 2010 s,
1565 1969 1648 2019 Vll,

921 2041 960 2080 p.
990 2028 1059 2070 52.
1125 2030 1239 2077 Quae
1269 2030 1433 2068 Servius
1461 2035 1501 2067 et
1527 2029 1649 2067 Pom-

921 2085 1066 2138 ponius
1105 2099 1157 2124 ex
1187 2088 1367 2126 Varrone
1407 2088 1456 2125 de
1486 2086 1651 2127 Veneris

925 2144 1039 2181 stella
1066 2144 1133 2183 hic
1158 2144 1411 2184 incommode
1441 2146 1536 2183 satis
1565 2156 1651 2183 me·-

923 2209 1099 2252 morant,
1128 2210 1298 2255 potuere
1319 2203 1492 2242 insidere
1512 2209 1652 2256 poetae

925 2260 1058 2298 animo
1088 2261 1129 2299 in
1156 2261 1260 2300 libro
1283 2263 1331 2311 ΙΙ,
1356 2265 1439 2304 693
1468 2262 1516 2299 de
1544 2261 1652 2299 coelo

925 2318 1046 2368 lapsa
1070 2326 1144 2357 etc.
1167 2321 1265 2357 (lala
1275 2320 1395 2371 sala,
1430 2324 1652 2357 monstrata

927 2387 1019 2413 cuni
1041 2390 1113 2428 per
1143 2378 1318 2428 auspicia
1348 2383 1434 2415 tuni
1456 2391 1528 2430 per
1558 2390 1653 2415 ora—

927 2434 1016 2471 cula
1046 2435 1112 2484 ΙΙΙ,
1134 2437 1187 2476 95
1208 2449 1265 2485 sq.
1299 2437 1379 2477 163
1400 2448 1456 2486 sq.
1489 2435 1571 2476 375
1596 2447 1652 2485 sq.

928 2489 1110 2544 (Proprie
1134 2492 1282 2530 dicitur
1298 2493 1505 2530 oracullum
1518 2494 1651 2539 (latur,

928 2555 967 2586 et
979 2549 1083 2600 sala
1106 2564 1179 2601 pro
1200 2550 1383 2600 oraculis,
1402 2550 1563 2601 utshla
1586 2550 1654 2587 Si-

928 2607 1094 2658 byllina.
1135 2606 1286 2660 chlz.)

986 2722 1032 2759 ln
1053 2724 1134 2762 383
1149 2722 1294 2764 *385
1316 2721 1483 2760 observa
1502 2721 1656 2772 magni-

929 2778 1045 2817 ficam
1060 2779 1274 2817 dictionem
1297 2793 1347 2817 cx
1360 2780 1577 2818 verborum
1594 2780 1657 2817 di-

929 2837 1048 2875 lectu.
1069 2839 1228 2887 lgnoms
1248 2840 1359 2877 Serv.
1372 2839 1535 2890 exponit
1552 2852 1658 2890 qua-

929 2897 966 2933 si
982 2903 1149 2948 propter
1169 2910 1207 2935 V.
1230 2898 1313 2937 379
1324 2896 1454 2948 sama
1474 2912 1507 2933 s.
1525 2910 1566 2934 α.
1583 2910 1657 2933 no—
