1779 3420
166 181 268 230 560
573 175 1279 226 EXCURSUSI

282 303 373 344 Anii
401 305 523 344 filiam
555 305 604 344 ab
636 304 767 344 Aenea
808 305 850 343 in
890 303 1191 344 matrimonium
1235 302 1422 351 ductam,
1461 301 1683 340 secundum

169 364 266 401 alios
296 363 509 413 violatam,
546 363 688 402 Anium
720 369 843 415 partu
873 363 1064 410 edidisse,
1096 363 1257 400 Servius
1281 361 1332 398 ad
1350 361 1412 405 ΙΙΙ,
1446 361 1500 401 80
1529 364 1682 397 narrat.

169 421 283 459 Prius
312 421 415 459 illud
445 434 464 458 e
494 422 643 472 graecis
673 421 936 472 scriptoribus
968 421 1170 458 nonnullis
1211 420 1327 457 etiam
1363 418 1524 469 Dionys.
1557 416 1682 454 Halie.

169 478 197 528 I,
238 481 291 521 59
332 486 637 527 commemorat,
688 492 835 516 nomen
886 479 1064 529 puellae,
1102 479 1264 529 insuper
1302 476 1439 524 addit,
1490 476 1685 512 Launam

172 536 265 589 (nisi
295 537 521 574 Lauiniam
548 537 630 588 ipse
662 536 874 588 Dionysius
915 534 1146 587 scripserat)
1186 535 1326 583 ruisse,
1364 533 1567 583 navigasse
1599 545 1684 569 eam

172 607 263 631 cum
294 594 474 632 Troianis
505 595 546 631 in
578 593 752 642 Italiam,
793 593 914 630 dante
955 592 1033 630 hoe
1074 592 1228 630 Aeneae
1258 592 1443 643 precibus
1482 590 1584 628 Anio
1612 603 1686 641 pa·-

172 658 251 700 tre,
294 658 380 689 erat
413 652 519 689 enim
551 651 715 689 fatidica
745 656 784 687 et
814 650 968 701 sapiens
998 650 1159 698 mulier,
1201 662 1371 699 cumque
1401 649 1508 686 inter
1539 661 1685 685 novam

172 709 315 746 urbem
348 708 600 746 condendam
631 708 774 746 morbo
814 708 954 744 suisset
984 707 1206 752 exstincta,
1253 713 1293 743 et
1333 706 1375 743 in
1406 719 1452 743 eo
1481 706 1567 756 ipso
1597 705 1685 743 loeo

173 766 341 818 sepulta,
372 766 545 804 Aeneam
575 766 617 803 in
645 766 785 803 uxoris
814 764 1045 803 memoriam
1076 777 1219 802 nomen
1251 764 1333 801 eius
1364 763 1453 801 urbi
1485 762 1686 800 indidisse.

173 824 322 861 Similia
352 824 401 872 Q.
432 824 614 861 Lutatius
653 829 910 870 narraverat3
959 822 1067 860 unde
1109 821 1308 873 exscripta
1346 820 1389 858 in
1425 821 1532 872 Orig.
1573 821 1687 858 Gent.

173 882 287 919 Rom.
318 895 349 919 e.
382 884 420 922 9.

289 939 385 977 Delo
417 939 610 991 digressos
641 938 835 977 Troianos
866 950 937 989 per
969 937 1118 975 medias
1146 937 1336 990 Cyclades
1357 935 1491 975 statim
1517 934 1569 972 ad
1595 935 1689 972 Cre-

174 1005 259 1034 tam
289 996 454 1035 deducit
488 996 685 1048 VirgiliuS.
744 996 808 1034 Ad
837 994 1029 1033 historiae
1066 996 1278 1034 veritatem
1312 999 1586 1046 comparatum
1617 997 1688 1040 est,

175 1053 285 1104 quod
319 1055 414 1093 urbs
444 1057 674 1106 Pergamea
714 1054 779 1092 vel
819 1055 1072 1103 Petgammn
1113 1054 1161 1090 ab
1186 1054 1234 1091 iis
1273 1054 1314 1091 in
1347 1054 1466 1091 Creta
1500 1049 1689 1088 conditur

177 1113 239 1160 ΙΙΙ,
283 1116 376 1154 132.
420 1115 513 1154 133.
572 1112 717 1150 Relicti
756 1112 796 1149 in
837 1123 880 1147 ea
919 1111 1103 1149 nonnulli
1141 1125 1189 1149 ex
1232 1112 1345 1149 sociis
1382 1110 1478 1148 ibid.
1518 1123 1557 1147 v.
1597 1110 1688 1150 190.

177 1170 285 1208 Alios
327 1175 510 1208 auctores
551 1176 744 1221 sequutus
784 1168 956 1207 Velleius
988 1169 1014 1218 l,
1049 1173 1070 1211 1
1102 1183 1163 1220 pr.
1195 1169 1246 1207 ab
1273 1169 1580 1220 Agamemnone
1615 1174 1689 1202 tres

177 1227 290 1266 urbes
311 1230 353 1266 in
376 1230 514 1277 Crelce,
550 1234 590 1265 et
619 1228 662 1265 in
692 1227 753 1264 his
784 1228 1033 1277 Pergamum
1064 1227 1272 1265 conditum
1304 1232 1457 1264 narrat.
1517 1224 1572 1261 De
1591 1223 1689 1260 urbe

180 1285 253 1324 hac
284 1287 331 1324 cs.
363 1288 474 1324 Serv.
507 1286 557 1323 ad
587 1286 639 1323 ΙΙΙ
670 1299 709 1323 v.
744 1287 833 1326 133.
868 1291 907 1322 et
937 1284 1083 1322 Meurs.
1129 1285 1169 1323 in
1216 1286 1333 1322 Creta
1368 1284 1435 1322 lib.
1479 1283 1507 1332 Ι,
1549 1295 1580 1320 e.
1625 1283 1689 1329 13,

180 1343 372 1382 adversus
391 1358 509 1395 quem
528 1343 655 1382 Servii
674 1343 808 1380 locum
828 1348 966 1380 tuetur
989 1341 1204 1381 Ruhnken.
1225 1343 1276 1380 ad
1299 1343 1432 1380 Vellei.
1454 1355 1491 1393 p.
1513 1338 1551 1379 4.
1583 1339 1691 1376 Inter

180 1403 334 1453 oppida
359 1402 495 1440 Cretae
514 1403 696 1452 insignia
718 1401 951 1451 Pergamum
975 1407 1184 1439 enumerat
1203 1401 1300 1438 Plin.
1315 1401 1362 1449 II,
1384 1403 1446 1441 12.
1470 1401 1535 1441 20.
1568 1396 1691 1445 Quod

180 1461 221 1498 in
242 1461 359 1498 Creta
380 1460 566 1511 pestilens
597 1472 726 1496 annus
753 1458 999 1509 supervenit,
1030 1458 1228 1509 ingeniose
1244 1466 1361 1510 poeta
1383 1471 1432 1495 ex
1458 1457 1504 1493 iis
1524 1454 1691 1503 effinxit,

181 1531 283 1569 quae
302 1518 513 1556 Idomeneo
543 1531 565 1554 a
594 1517 714 1555 'Iroia
736 1516 874 1555 reduci
907 1517 1103 1564 evenisse,
1141 1530 1320 1568 quaeque
1341 1517 1497 1554 Cretam
1528 1513 1575 1551 de
1605 1513 1693 1565 pri-

181 1576 294 1614 stinis
317 1576 459 1628 opibus
487 1575 982 1613 deiecissememorantur:
1013 1587 1050 1612 v.
1068 1575 1264 1613 Herodot.
1288 1574 1370 1622 Vll,
1404 1576 1496 1614 171.
1544 1571 1692 1609 Eodem

183 1634 325 1672 alludit
353 1635 488 1685 Dictys
519 1633 583 1681 Vl,
618 1636 681 1680 11,
713 1634 825 1670 euius
859 1632 1043 1683 figmenta
1062 1647 1154 1671 raro
1178 1631 1415 1683 antiquioris
1439 1630 1604 1667 alicuius
1631 1629 1691 1666 fa-

182 1692 300 1730 bulae
321 1692 386 1729 vel
403 1690 655 1729 auctoritatis
675 1690 802 1727 fundo
826 1690 1017 1728 destituta
1036 1689 1320 1742 deprehendas,

299 1749 412 1787 Sedis
437 1749 480 1787 in
510 1750 628 1786 Creta
654 1753 829 1785 tentatae
849 1748 1006 1800 Dionys
1030 1747 1059 1795 Ι,
1091 1749 1145 1790 50
1177 1762 1259 1786 non
1289 1745 1479 1794 meminit,
1511 1744 1592 1793 sed,
1623 1743 1693 1781 ubi

185 1807 234 1847 de
267 1807 360 1844 Delo
392 1812 707 1854 memoraverat,
748 1807 931 1854 Deinde,
984 1805 1137 1855 inquit,
1179 1809 1221 1843 ιἠ,
1248 1806 1378 1843 aliam
1407 1803 1583 1841 insulam
1616 1802 1694 1852 Cy-

185 1867 321 1914 thera,
357 1880 461 1917 quae
490 1873 581 1902 ante
606 1864 926 1913 Peloponnesum
960 1871 1014 1900 est
1054 1865 1155 1912 sila,
1200 1871 1384 1900 venerum
1424 1862 1693 1911 templumque

191 1924 339 1964 Veneri
355 1924 624 1960 condidemnt.
684 1922 772 1959 Hoc
800 1935 890 1959 eum
923 1921 974 1958 ad
1004 1919 1159 1959 Aeneae
1188 1921 1378 1972 pietatem
1413 1926 1496 1957 tam
1530 1919 1695 1955 adcom-

185 1981 395 2020 modatum
413 1986 534 2030 esset,
568 1979 808 2029 Venerisque
825 1979 986 2017 omnino
1011 1992 1130 2030 opera
1151 1986 1235 2017 tam
1254 1980 1439 2028 frequens
1459 1977 1500 2015 in
1522 1974 1695 2015 Aeneide

186 2041 258 2090 sit,
291 2053 312 2075 a
334 2038 495 2090 Virgilio
525 2037 766 2087 neglectum,
797 2037 952 2075 mireris
973 2037 1090 2075 forte.
1149 2038 1228 2075 Noc
1256 2037 1367 2075 facile
1400 2036 1583 2087 ignorare
1618 2033 1695 2071 do-

187 2098 384 2136 ctissimus
413 2102 530 2148 poeta
559 2095 601 2133 id
633 2095 788 2146 potuit,
828 2095 897 2132 sed
929 2094 1164 2133 derelictum
1196 2095 1244 2132 ab
1275 2095 1360 2147 ipso
1393 2094 1571 2145 suspicor
1597 2105 1695 2143 pro—

187 2163 348 2208 pterea,
391 2154 601 2204 quoniam,
635 2167 723 2191 cum
754 2153 918 2190 similem
949 2154 1031 2190 sere
1060 2153 1290 2204 religionem
1318 2152 1455 2202 templi
1485 2148 1696 2189 dedicandi

187 2228 281 2252 mox
301 2213 352 2250 ad
373 2213 532 2251 Actium
554 2217 640 2248 erat
664 2216 944 2258 enarraturus,
976 2210 1154 2248 taedium
1173 2211 1341 2261 elI'ugere
1364 2210 1506 2248 voluit.

303 2270 424 2318 Quod
461 2269 638 2321 Cytheris
668 2268 850 2306 nonnulli
881 2269 1136 2318 tribuerunt,
1187 2269 1225 2306 id
1253 2269 1316 2306 alii
1347 2268 1398 2305 ad
1427 2266 1699 2304 continentem

188 2329 437 2367 transtulisse
460 2327 666 2365 videntur.
725 2327 824 2364 Nam
856 2339 905 2363 ex
927 2327 1095 2365 adverso
1117 2327 1289 2375 insulae,
1321 2326 1370 2363 ad
1391 2326 1502 2363 littus
1528 2324 1698 2361 Laconi-

190 2400 282 2435 cae,
321 2387 360 2423 in
393 2386 482 2423 sinu
511 2385 718 2432 Boeatieo,
768 2384 834 2421 ubi
867 2384 971 2420 cirea
1003 2384 1169 2421 Maleam
1200 2384 1377 2431 flexeris,
1428 2384 1595 2420 suerunt
1625 2382 1698 2418 ali-

191 2443 351 2494 quando
384 2443 486 2480 duae
516 2442 659 2489 urbes,
692 2455 785 2479 mox
817 2442 857 2478 in
880 2442 1003 2479 Boeas
1035 2443 1234 2490 collectae,
1267 2443 1362 2478 Elia
1395 2441 1459 2478 vel
1493 2442 1625 2486 Elias,
1661 2444 1700 2475 et

191 2501 483 2552 2502l11·<›‹lt‘.s·1'a.s·;
525 2506 738 2549 utramque
771 2499 819 2536 ab
850 2498 982 2536 Aenea
1019 2500 1218 2536 conditam
1258 2500 1359 2536 fama
1392 2497 1561 2545 serebat,
1610 2511 1701 2533 cum

192 2561 259 2597 ille
290 2561 331 2595 m
358 2558 699 2606 lltzlimnfilgeres
728 2565 762 2592 el
796 2559 835 2592 in
864 2558 970 2593 hunc
997 2559 1131 2593 simam
1159 2564 1388 2605 lenlpe.‹›·lale
1408 2555 1560 2604 sitisset
1584 2555 1700 2591 ‹lela—

191 2626 267 2655 tus.
332 2616 481 2653 Nomen
527 2615 638 2651 alteri
679 2628 699 2650 a
744 2614 915 2662 Venere,
967 2613 1118 2650 Aeneae
1157 2620 1305 2661 matre,
1347 2614 1463 2650 alleri
1502 2612 1553 2649 al)
1586 2613 1702 2649 Elide

194 2676 257 2712 vel
280 2673 426 2711 Eliade
455 2672 609 2708 Aeneae
639 2671 726 2707 lilia.
761 2685 795 2707 v.
816 2672 981 2708 l‘ausan.
1003 2671 1066 2717 ΙΙΙ,
1098 2674 1152 2712 22
1178 2676 1278 2708 extr.

310 2730 368 2768 Ad
395 2730 529 2766 eaden}
552 2729 634 2766 lova
658 2728 911 2766 reson-vudum
941 2728 1123 2775 videtur,
1156 2728 1264 2777 quod
1286 2727 1445 2778 Dionys.
1468 2726 1495 2775 l,
1525 2726 1578 2767 50
1600 2727 1702 2763 Tro-

194 2790 304 2827 ianos
330 2802 349 2824 a
375 2786 557 2838 Cytheris
586 2786 781 2823 solventes
802 2785 839 2821 in
871 2786 1124 2836 Peloponnesi
1149 2787 1427 2836 promontorio
1447 2784 1617 2821 amisisse
1639 2784 1704 2820 Ci-

194 2846 384 2885 naetliuni
427 2850 586 2891 narrat,
644 2858 664 2879 a
694 2857 772 2893 quo
802 2843 899 2881 illud
931 2843 1173 2894 appellatum
1205 2843 1468 2881 Cc'naethmm.
1536 2841 1706 2880 Videtur

195 2906 298 2944 idem
322 2916 427 2953 esse,
459 2902 569 2953 quod
591 2902 755 2940 Pausan.
784 2901 849 2950 ΙΙΙ,
883 2904 936 2944 22
958 2901 997 2938 in
1021 2900 1159 2938 eodem
1180 2901 1269 2939 sinu
1287 2901 1473 2939 Boeatico
1495 2904 1584 2951 post
1605 2900 1706 2937 Pro-
