1779 3420
189 235 289 282 684
525 235 578 282 Ρ.
616 232 971 281 VIRGILII
1006 232 1379 282 MARONIS

187 361 254 407 At
274 373 384 406 non
404 354 580 404 infelix
603 356 761 404 animi
785 355 1096 419 Phoenissa,
1134 373 1233 406 nec
1260 376 1519 425 umquam

191 426 424 475 Solvitur
445 425 496 473 in
521 440 753 485 somnOS‚
774 424 1003 473 oculisve
1026 433 1111 473 aut
1126 436 1344 491 pectore
1360 437 1574 477 noctem
1590 434 1690 484 530

187 495 417 560 Adcipit:
454 494 778 556 ingeminant
800 510 977 554 curae3
1014 511 1300 562 rursusque
1328 513 1609 562 resurgens

189 566 362 612 Saevit
381 578 549 621 amor,
588 576 888 627 magnoque
914 564 1109 611 irarum
1130 563 1346 615 fluctuat
1371 576 1529 618 aestu.

189 633 272 682 Sic
297 632 430 681 adeo
451 630 656 692 insistit,
695 647 984 699 secumque
1012 633 1079 681 ita
1103 634 1264 684 corde
1287 635 1510 687 volutat:

255 718 368 766 529.
402 726 572 768 NEQUE
595 726 722 769 UMQ.

185 830 312 872 cades,
337 836 375 862 ut
398 830 432 861 in
456 830 669 874 Epexegesi3
696 830 764 864 vid.
795 831 836 870 Q.
862 832 906 864 V.
933 832 1104 872 XXXIII,
1128 831 1162 867 4.
1188 839 1223 865 et
1249 834 1322 873 10.;
1349 840 1419 866 tum
1445 833 1551 866 verba
1578 844 1686 878 quum

185 877 383 909 volvuntur
407 883 473 909 cet.
499 877 692 910 accuratius
717 876 885 909 definiunt
910 885 1044 922 tempus
1077 879 1211 920 noctis,
1244 879 1336 913 bunc
1372 880 1407 912 in
1441 880 1598 912 modum:
1638 892 1687 913 ea

183 929 327 955 autem
353 929 448 955 erat
472 934 576 966 pars
603 923 773 964 noctis,
801 935 928 967 quum
954 931 1040 967 cet„
1071 937 1140 958 non
1175 926 1377 959 continuant
1413 926 1686 970 descriptionem

183 968 317 1009 noctis;
355 969 422 1001 hoe
452 969 541 1001 enim
567 969 595 1002 si
630 970 797 1002 voluisset
830 979 957 1013 poeta,
991 972 1206 1015 pergendum
1238 973 1269 1004 ei
1301 972 1350 1005 ita
1382 973 1522 1005 suisset:
1558 973 1686 1016 „qnie-

183 1021 260 1047 rant
287 1026 458 1059 aequora‚
489 1016 578 1060 [et]
608 1016 930 1049 volvebantur
955 1017 1092 1059 sidera,
1133 1025 1278 1063 atque
1303 1019 1413 1052 omnis
1440 1031 1522 1062 ager
1548 1024 1685 1051 tace-

182 1061 296 1093 bat.“
344 1061 483 1095 Alienus
518 1063 623 1106 igitur
657 1064 700 1096 ab
737 1063 770 1096 h.
804 1062 827 1096 l.
864 1075 979 1096 versus
1012 1065 1093 1099 528.
1148 1067 1218 1097 Iam
1258 1066 1367 1107 haec,
1404 1077 1490 1110 quae
1523 1065 1685 1108 leguntur

179 1113 261 1152 post
286 1120 384 1153 ager,
410 1120 473 1152 per
499 1109 776 1153 Appositionem‚
802 1109 871 1142 vid.
897 1112 939 1150 Q.
957 1112 1000 1143 V.
1019 1112 1189 1150 XXXIII,
1209 1112 1253 1152 5.,
1273 1124 1373 1156 quam
1393 1124 1458 1155 ego
1479 1112 1521 1144 ab
1546 1113 1684 1156 Epexe—

180 1153 254 1196 gesi
280 1154 494 1198 distinguere
519 1156 640 1198 soleo,
674 1156 742 1188 vid.
768 1157 854 1189 Not.
888 1156 931 1188 ad
969 1158 1010 1197 Q.
1044 1158 1085 1189 V.
1124 1159 1294 1198 XXXIII,
1334 1161 1386 1198 1.‚
1420 1157 1555 1190 adiecta
1590 1164 1682 1191 sunt.

179 1201 253 1232 Nec
279 1200 402 1242 video,
428 1202 530 1246 quid,
557 1202 701 1246 expulso
726 1215 775 1235 vs.
800 1203 892 1243 528„
916 1203 1146 1237 desideretur.
1194 1206 1283 1237 Nam
1311 1205 1339 1237 si
1366 1205 1410 1237 ad
1435 1217 1484 1237 vs.
1510 1205 1587 1238 529.
1613 1216 1683 1237 non

180 1247 359 1279 commode
386 1260 426 1280 ex
450 1249 665 1293 praegressis
700 1249 912 1282 adsciscetur
947 1251 1065 1296 carpit
1098 1262 1261 1292 soporem
1297 1251 1342 1283 ob
1377 1263 1439 1292 ea,
1474 1262 1560 1295 quae
1597 1251 1682 1283 sub-

177 1292 358 1326 iiciuntur:
384 1307 450 1327 nec
474 1295 630 1328 solvitur
658 1297 694 1329 in
721 1308 883 1329 Somnos:
920 1295 1053 1340 poterit
1083 1293 1196 1340 repeti
1220 1296 1424 1343 quiescebat
1450 1309 1491 1329 ex
1515 1297 1682 1341 propiore

177 1340 296 1373 Verbo
322 1342 510 1385 quierant,
535 1342 628 1385 quod
655 1342 808 1375 Verbum
833 1342 980 1374 involvit
1004 1342 1268 1386 respirationem
1301 1356 1321 1376 a
1355 1343 1444 1376 curis
1479 1351 1511 1376 et
1545 1343 1681 1376 labori-

177 1385 252 1419 bus.
300 1387 352 1419 lta
378 1387 498 1420 similis
524 1388 591 1420 erit
621 1388 678 1421 hic
712 1388 808 1421 locus
845 1389 896 1429 ei,
931 1401 1030 1433 quem
1066 1390 1204 1422 Servius
1237 1389 1373 1430 laudat,
1412 1391 1472 1423 Ge.
1510 1391 1566 1431 III,
1599 1390 1679 1424 349.

176 1433 220 1464 Et
243 1432 272 1465 si
297 1433 352 1465 vel
378 1434 507 1466 nullum
533 1435 674 1467 verbum
701 1435 787 1467 satis
820 1443 935 1479 aptum
973 1442 1085 1477 esset,
1112 1437 1205 1480 quod
1231 1449 1271 1469 ex
1300 1436 1588 1480 praecedentibus
1614 1436 1681 1469 huc

175 1479 330 1522 referas,
359 1491 399 1512 ea
424 1487 477 1513 est
503 1481 602 1513 huius
626 1482 843 1514 antitheseos
869 1483 982 1522 ratio,
1018 1489 1055 1514 ut
1090 1483 1161 1515 tale
1196 1483 1338 1515 verbum
1370 1483 1425 1515 vel
1459 1482 1564 1516 talem
1597 1494 1680 1515 sen-

174 1528 320 1558 tentiam
345 1527 664 1569 assumerelsteat,
691 1540 777 1572 qnae
803 1540 844 1561 ex
876 1528 1091 1572 praegressis
1124 1529 1227 1562 facile
1262 1529 1338 1562 elici
1374 1529 1505 1573 possit,
1545 1535 1582 1561 ut
1616 1530 1678 1562 Ge.

172 1573 234 1612 IV,
259 1573 351 1612 530..
376 1585 476 1617 quem
502 1586 638 1606 versum
663 1575 728 1607 iam
755 1575 907 1607 laudavit
932 1575 1231 1608 Wunderliehius.
1278 1576 1429 1608 Proinde
1463 1582 1499 1607 et
1532 1575 1610 1608 colo
1644 1575 1680 1608 in

174 1618 242 1651 fine
267 1632 314 1651 vs.
339 1621 417 1654 527.
443 1620 642 1665 interpungi
669 1628 807 1665 potest,
842 1628 878 1653 ut
903 1621 978 1666 ipse
1011 1621 1097 1661 feci,
1134 1629 1167 1654 et
1200 1628 1342 1665 puncto.
1378 1642 1420 1646 —
1455 1622 1610 1654 Ceterum
1642 1622 1678 1654 in

173 1665 250 1698 Alb.
276 1665 405 1709 legitur
429 1667 717 1713 corporale-38¹1.
749 1668 843 1709 Wr.)
938 1669 1006 1702 529
1033 1669 1236 1707 ΙἸιοεηιζϊα,
1274 1669 1333 1701 vel
1363 1668 1507 1700 Dorvill.
1559 1670 1676 1714 (naeq.

175 1724 339 1756 umquam
362 1713 510 1754 Medic„
545 1714 607 1746 sed
635 1726 658 1746 a
691 1721 725 1746 et
758 1727 778 1758 q
814 1715 1016 1746 transfossis
1051 1721 1085 1745 et
1121 1715 1357 1757 superscripta
1390 1728 1427 1755 c,
1462 1721 1499 1746 ut
1534 1714 1678 1747 exsistat

173 1770 248 1790 nec.
300 1760 341 1791 Et
366 1772 431 1791 uec
455 1767 564 1804 uterq.
591 1760 697 1804 Lips.‚
723 1767 792 1792 tum
817 1772 958 1799 omnes,
991 1773 1072 1804 quas
1102 1760 1206 1792 modo
1242 1761 1412 1803 inspicere
1448 1761 1534 1792 mihi
1566 1761 1677 1802 licuit,

173 1805 300 1836 saeculi
337 1807 417 1838 XV.
452 1813 487 1838 et
523 1808 618 1839 XVI.
656 1807 838 1839 editiones.
887 1807 1035 1839 Primum
1076 1807 1191 1838 inveni
1232 1820 1347 1852 neque
1379 1807 1413 1839 iu
1446 1808 1527 1839 edit.
1560 1807 1674 1840 Elzev.

175 1851 274 1885 1664.
304 1853 368 1891 16,
394 1864 481 1895 quae
508 1854 617 1896 prima
644 1853 719 1885 Nic.
746 1852 878 1885 Heinsii
903 1853 1009 1885 fnisse
1044 1853 1257 1897 perhibetur.
1317 1854 1362 1885 Ex
1400 1854 1484 1894 hac,
1518 1854 1571 1885 vel
1607 1854 1675 1886 alia

172 1903 288 1929 aetate
313 1898 363 1930 illi
389 1899 549 1943 suppari,
575 1912 690 1944 neque
714 1907 944 1943 propagatum
971 1912 1032 1944 per
1069 1899 1199 1931 Ileinsii
1235 1911 1423 1944 omnesque
1461 1900 1674 1932 recentiores

172 1943 357 1977 editiones.
420 1946 578 1977 Heinsius
622 1957 722 1990 quum
765 1946 889 1978 nullam
926 1946 981 1978 hic
1024 1946 1179 1978 codicum
1213 1946 1450 1978 diversitatem
1488 1947 1673 1986 notaverit,

170 1989 246 2034 ipse
280 1998 391 2024 autem
427 1992 467 2023 ad
504 1993 750 2025 conferendum
790 1993 1106 2037 recensendumqne
1142 1992 1324 2035 Virgilium
1367 1993 1475 2036 patris
1523 1993 1672 2025 Danielis

170 2037 358 2069 editionem
392 2038 489 2072 1636.
519 2040 571 2073 16.
600 2039 798 2071 adhibuisse
826 2039 1004 2079 videatur,
1030 2039 1122 2081 qnod
1147 2051 1221 2071 cum
1247 2038 1313 2071 alia
1341 2040 1500 2083 probant,
1524 2046 1593 2071 tum
1621 2051 1671 2079 ea,

171 2094 258 2126 qnae
285 2084 422 2128 scripsit
451 2086 559 2117 Burm.
585 2088 659 2117 Sec.
684 2085 717 2116 in
744 2086 891 2117 praefat.
919 2086 1008 2118 Edit.
1046 2087 1154 2117 ssnrm.
1189 2098 1267 2128 pag.
1303 2085 1353 2125 4.,
1388 2087 1422 2117 in
1458 2085 1520 2117 hac
1559 2093 1671 2118 autem

169 2129 322 2161 Danielis
350 2132 389 2163 II.
416 2131 567 2163 editione
593 2144 658 2164 nec
681 2132 893 2173 inveniatur,
923 2133 976 2164 vix
1013 2139 1130 2176 potest
1162 2132 1334 2172 dubitari,
1377 2131 1457 2176 quin
1492 2132 1558 2163 hoc
1596 2132 1670 2175 ipse

169 2176 245 2208 Nic.
273 2177 389 2209 Ileins.
417 2177 449 2208 in
478 2178 574 2209 libris
611 2190 690 2211 mss.
726 2178 884 2210 omnibns
916 2179 1097 2223 repererit.
1157 2179 1275 2221 Itaque
1311 2191 1376 2210 nec
1411 2178 1568 2216 restitui;
1601 2178 1669 2211 vid.

168 2224 210 2260 Q.
253 2224 294 2255 V.
332 2225 486 2263 XXXII,
527 2227 559 2258 9.
614 2225 708 2265 ltsr.)
812 2226 881 2259 530
918 2238 960 2257 ve
1001 2226 1098 2257 abest
1137 2237 1156 2256 a
1202 2226 1288 2256 Ven.
1339 2237 1406 2269 que
1443 2225 1511 2256 duo
1559 2226 1669 2257 Bnrm.

167 2268 235 2302 532
272 2282 403 2312 magno
446 2283 616 2303 (utrarum
659 2283 715 2314 qn.
756 2271 879 2303 Moret.
926 2283 967 2304 ex
1013 2271 1074 2304 lib.
1122 2272 1213 2312 VIII,
1257 2272 1311 2313 19,
1357 2278 1393 2304 at
1426 2283 1458 2304 v.
1493 2271 1553 2304 ins.
1586 2272 1667 2306 564.

166 2314 235 2348 533
264 2315 429 2361 voluptat
455 2317 599 2350 Dorvill.
625 2318 725 2349 etiam
753 2317 845 2349 alibi.

168 2408 314 2457 positae
335 2438 343 2454 ,
403 2411 668 2458 quiescentes,
729 2412 888 2461 sopitae.
945 2421 1095 2448 noctem
1146 2426 1218 2462 pro
1269 2411 1400 2461 quiete
1446 2411 1572 2448 noctis
1623 2425 1667 2448 ac

167 2462 265 2515 (vid.
290 2466 374 2501 Not.
397 2467 445 2502 ad
471 2468 566 2513 VIII,
591 2471 684 2509 566.
725 2468 835 2519 lVr.)
946 2483 1082 2506 somno
1107 2469 1220 2505 dixit.
1280 2470 1373 2508 531.
1410 2470 1667 2516 Ingeminant

224 2522 304 2560 5⁶29
325 2536 406 2571 sqq.
442 2523 583 2560 Eadem
610 2524 817 2561 antithesis
839 2538 887 2561 ex
945 2541 1077 2569 cume,
1097 2523 1283 2575 utpotein
1302 2525 1427 2561 noctis
1440 2524 1663 2562 solitudine.

166 2577 273 2614 llind.
296 2579 332 2628 β,
354 2592 411 2627 pr.
433 2595 466 2620 κ,
489 2594 544 2629 pr.
567 2597 608 2626 ω,
634 2585 713 2620 677
750 2587 885 2618 notata
1002 2584 1082 2622 533
1112 2595 1194 2630 sqq.
1255 2582 1301 2618 cs.
1349 2582 1478 2631 liurip.
1527 2581 1663 2618 Medea

167 2647 186 2669 a
221 2635 315 2670 viris
349 2635 496 2682 docti-1,
543 2643 579 2672 et
617 2637 707 2673 hine
744 2638 883 2686 passini
946 2640 1026 2679 502
1049 2652 1131 2686 sqq.
1164 2640 1457 2674 1'11.s·e'.s-11't111eute
1489 2644 1526 2674 et
1556 2639 1661 2688 cogi—

164 2690 212 2727 nb
245 2691 326 2727 aliis
357 2692 441 2728 alia.
483 2694 527 2728 vs.
565 2695 680 2729 etiam
717 2693 883 2730 Theon:
945 2695 1114 2740 tatione,
1148 2701 1189 2729 nt
1211 2695 1280 2731 sit:
1313 2695 1364 2730 ita
1394 2695 1497 2745 apud
1527 2708 1566 2731 se
1594 2710 1658 2732 co-

163 2750 202 2794 2,
226 2751 291 2787 38.
341 2750 394 2785 At
414 2764 488 2784 mm
511 2750 590 2785 scil.
615 2750 739 2799 carpit
763 2764 882 2799 sopo-
941 2751 1060 2799 μηρί’,
1100 2751 1267 2799 scilicet,
1310 2752 1405 2801 quid
1450 2766 1555 2789 nune
1590 2753 1659 2788 sibi

165 2817 272 2850 reni,
306 2800 434 2843 α’ωτεῖ.
468 2805 553 2857 (sod
577 2807 655 2843 vid.
689 2806 731 2842 V.
765 2807 802 2843 I..
833 2807 880 2843 ad
943 2808 1135 2854 agendum
1166 2808 1225 2844 sit.
1287 2806 1365 2859 (ων
1397 2811 1537 2845 instent
1566 2809 1658 2846 Aen.

162 2875 218 2898 vs.
253 2862 346 2903 528.
393 2862 509 2914 ll'r.)
571 2864 744 2899 &divitur
779 2866 816 2898 1'n
851 2880 880 2902 κ.
943 2865 1026 2905 ΧΗ,
1055 2865 1119 2903 47.
1151 2886 1207 2892 -—
1247 2866 1369 2911 adeo,
1413 2866 1492 2903 YId.
1529 2868 1578 2912 Q.
1615 2866 1658 2902 V.

161 2918 352 2968 exquisite
373 2933 445 2970 pro
463 2920 879 2969 solvisomno,quiete.
942 2921 1087 2968 XXVI,
1117 2923 1153 2961 8.
1196 2920 1306 2974 ll'r.)
1375 2923 1557 2960 Oratorie
1586 2935 1657 2973 pa-
