1811 3388
396 153 810 205 AENEIDOS
847 156 992 207 LIB.
1028 159 1090 221 V,
1120 163 1414 215 707—719
1577 175 1679 224 815

157 281 249 327 Est
268 278 362 327 tibi
384 278 679 328 Dardanius
708 279 914 330 divinae
938 283 1110 349 stirpis
1133 288 1372 338 Acestes:

155 350 311 396 Hunc
338 364 466 413 cape
489 348 719 397 consiliis
740 351 944 400 socium
963 393 975 415 ,
1008 362 1061 403 et
1086 356 1351 421 coniunge
1376 358 1680 425 volentem3

155 418 290 466 Huic
322 417 496 480 trade,
536 419 736 468 amissis
767 431 1021 487 superant
1056 425 1145 490 qui
1174 426 1418 490 navibUS,
1459 438 1511 478 et
1545 449 1680 497 quos

156 489 466 535 Pertaesum
491 489 671 553 magni
692 490 890 557 incepti
911 509 1204 561 rerumque
1231 504 1446 546 tuarum
1474 509 1576 559 est3

153 558 576 623 Longaevosque
599 575 779 623 seneS,
801 577 859 609 ac
875 560 1037 611 fessas
1065 581 1302 631 aequore
1328 577 1540 634 matreS,
1577 575 1681 624 715

151 627 218 674 Et
262 625 529 693 quidquid
574 637 756 678 tecum
796 631 1090 682 invalidum
1136 645 1498 705 metuensque
1536 642 1680 706 peri—

945 702 1011 751 cli
1037 713 1129 767 est,

149 764 362 828 Defige3
402 774 455 814 et
473 765 555 814 his
576 766 807 818 habeant
827 773 981 821 terris
1007 775 1121 823 sine
1153 776 1371 825 moenia
1391 775 1539 829 fessi:

152 833 356 883 Urbem
381 835 727 901 adpellabunt
748 842 1010 905 permisso
1038 846 1261 895 nomine
1283 850 1541 898 Acestam.

223 903 437 954 Talibus
459 906 707 958 incensus
730 909 879 959 dictis
907 914 1129 963 senioris
1157 916 1324 978 amici,

218 1001 335 1048 719.
371 1012 538 1051 AMch.

244 1128 311 1162 711
340 1131 408 1160 Est
432 1130 521 1163 mihi
543 1129 649 1163 Goth.
678 1139 757 1165 tert.
852 1135 922 1169 712
954 1136 1100 1169 consilii
1119 1138 1254 1170 socium
1284 1149 1365 1182 pars
1390 1138 1494 1171 codd.
1518 1137 1607 1172 Pier.
1640 1145 1675 1171 et

149 1173 334 1207 Burmann.
385 1175 530 1209 Doctius
549 1184 664 1211 tamen
686 1179 817 1212 dictum
839 1183 961 1214 socius
982 1183 1147 1216 consilies
1163 1184 1313 1219 videtur.
1365 1186 1543 1228 (consiliis
1562 1185 1675 1219 firmat

149 1219 279 1253 Medic.
318 1222 414 1264 lVr.)
462 1225 625 1258 consiliis
662 1228 823 1259 comitem
858 1228 1000 1261 Oudart.
1105 1230 1176 1265 714
1211 1240 1266 1264 est
1300 1231 1400 1264 abest
1434 1244 1453 1264 a
1482 1232 1610 1264 multis.
1642 1244 1674 1266 v.

148 1267 263 1300 Burm.
360 1269 430 1304 716
455 1279 509 1302 est
527 1271 628 1303 abest
650 1278 685 1304 et
703 1272 760 1305 hic
780 1286 799 1306 a
818 1274 940 1307 tribus.
1037 1276 1108 1311 717
1142 1278 1265 1322 Dilige
1294 1279 1459 1311 scribitur
1490 1280 1526 1311 in
1556 1279 1673 1312 multis

149 1314 254 1347 etiam
278 1314 346 1349 hic.
398 1317 535 1362 Delege
556 1318 665 1351 wall.
715 1328 749 1351 et
771 1321 871 1353 deest
891 1323 979 1354 ven.
1030 1331 1065 1355 ec
1082 1324 1141 1356 lzis
1162 1333 1189 1357 t.
1209 1323 1371 1357 habeant
1400 1337 1470 1359 sec.
1502 1326 1671 1359 Rottend.

141 1359 259 1406 sessis
278 1374 331 1406 pr.
350 1363 475 1397 Hamb.
569 1365 637 1399 718
674 1366 915 1411 adpellabant
940 1369 1028 1401 Gud.
1061 1383 1080 1402 a
1111 1383 1155 1402 m.
1187 1382 1240 1415 pr.
1271 1378 1307 1404 et
1337 1372 1446 1405 Wall.
1475 1385 1549 1405 cum
1581 1373 1672 1405 binis

148 1408 259 1441 Goth.
305 1411 487 1455 promisso
504 1413 649 1445 nomine
666 1413 764 1445 Rom.
786 1426 861 1446 cum
889 1415 1067 1460 plerisque
1096 1417 1209 1459 Pier.,
1244 1418 1307 1450 sed
1338 1419 1457 1463 paucis
1487 1431 1528 1452 ex
1560 1420 1672 1452 Hein-

148 1454 266 1488 sianis.
312 1459 517 1502 praemisso
534 1464 617 1491 tert.
639 1460 808 1492 Rottend.
857 1462 926 1495 Sed
939 1465 1118 1508 permisso
1144 1464 1268 1497 Medic.
1293 1477 1368 1498 cum
1400 1466 1547 1509 ceteris,
1581 1479 1672 1511 qua—

147 1508 252 1534 tenus
276 1503 480 1546 permissum
499 1508 665 1546 Acestae,
689 1506 732 1538 de
763 1519 825 1540 suo
850 1510 991 1541 nomine
1023 1511 1204 1555 appellare
1235 1523 1358 1544 novam
1384 1513 1524 1553 urbem3
1558 1514 1623 1546 etsi
1651 1525 1672 1547 a

148 1548 332 1591 Troianis,
358 1550 417 1594 qui
439 1563 515 1583 cum
533 1556 651 1585 Aenea
673 1562 860 1596 venerant,
886 1555 1100 1598 habitatam,
1135 1559 1297 1602 adeoque
1322 1559 1364 1592 ab
1393 1565 1510 1592 Aenea
1543 1560 1671 1593 condi-

147 1602 235 1636 tam3
270 1597 329 1640 qui
345 1596 552 1631 invidendus
579 1599 664 1633 olim
690 1600 725 1632 in
756 1601 904 1634 coloniis
933 1603 1148 1636 deducendis
1178 1605 1385 1638 habebatur·
1411 1606 1538 1639 honos.
1588 1609 1671 1640 Mox

146 1646 305 1676 Acesten
335 1645 492 1677 nonnulli
522 1646 577 1678 vel
609 1653 647 1679 ut
668 1648 769 1680 Rom.
794 1652 980 1689 Acestem,
1014 1651 1125 1684 minus
1148 1652 1249 1684 bene.
1297 1656 1453 1694 Acesta,
1487 1654 1579 1686 unde
1604 1656 1672 1687 Se-

147 1697 245 1733 gesta
265 1690 377 1732 facta,
410 1698 447 1724 ut
477 1704 553 1736 sup.
587 1705 618 1726 v.
649 1695 694 1728 52
720 1696 881 1738 ,Mycena
914 1698 1132 1731 occurrebat.
1228 1700 1296 1734 719
1331 1712 1508 1733 accensus
1535 1700 1671 1745 aliquot

145 1737 237 1769 Pier.
276 1744 311 1769 et
348 1738 416 1770 duo
457 1739 576 1771 Heins.
626 1741 716 1784 <cum
756 1744 790 1775 9.
827 1743 923 1786 lVr.)
973 1745 1134 1778 incensis
1166 1747 1305 1790 Menag.
1354 1748 1510 1780 senioris
1539 1751 1672 1781 Aceste

144 1783 307 1816 Parrhas.
356 1785 481 1818 Nullus
503 1787 615 1819 codex
637 1787 777 1820 subiicit
798 1788 832 1820 in
862 1789 929 1822 fine
948 1799 1014 1823 est.
1042 1791 1154 1836 (recte
1177 1792 1314 1837 utique3
1350 1793 1419 1825 vid.
1445 1795 1488 1834 Q.
1517 1796 1561 1828 V.
1587 1795 1670 1836 XV,

145 1831 179 1865 6.
210 1831 305 1874 Wr.)
356 1832 481 1865 Parum
506 1845 588 1866 vero
618 1835 773 1878 expolita
801 1835 960 1870 iunctura
990 1840 1169 1871 amborum
1200 1852 1380 1878 versuum,
1417 1840 1476 1884 qui
1503 1853 1540 1873 se
1570 1840 1671 1874 exci-

144 1876 257 1921 piunt.
308 1879 422 1921 (Nihil
442 1886 495 1912 est
510 1906 519 1919 ,
546 1881 640 1923 quod
659 1882 694 1913 in
722 1882 776 1914 his
796 1884 1055 1926 reprehendam
1090 1887 1197 1918 modo
1223 1894 1351 1929 puncto
1370 1887 1405 1919 in
1428 1886 1496 1919 fine
1517 1900 1566 1920 vs-
1587 1889 1667 1923 720.

147 1931 182 1955 et
199 1924 277 1956 colo
294 1924 330 1956 in
356 1926 422 1957 tine
440 1939 487 1959 vs.
510 1929 589 1962 721.
610 1928 825 1971 distinguas,
852 1931 933 1963 coll.
963 1933 1005 1972 Q.
1034 1934 1074 1966 V.
1107 1934 1266 1973 XXXV,
1292 1935 1345 1973 8.;
1381 1934 1533 1966 fortasse
1566 1934 1669 1966 etiam

146 1970 181 2001 iu
200 1978 354 2003 extremo
376 1985 423 2005 vs.
440 1974 519 2008 719.
540 1974 619 2007 colo
643 1975 791 2015 rectius,
819 1988 921 2020 quam
940 1985 1070 2021 puncto
1084 2005 1093 2019 ,
1119 1979 1335 2012 distinxeris.
1350 2000 1393 2004 —
1417 1982 1513 2013 Haec
1539 1981 1668 2013 dudum

146 2016 375 2061 scripseram,
401 2031 504 2063 quum
526 2021 570 2053 ad
599 2033 654 2053 me
683 2025 859 2064 perfertur
890 2025 1070 2057 Novorum
1098 2027 1221 2059 Annal.
1252 2027 1377 2071 philol.
1408 2034 1443 2059 et
1472 2028 1667 2072 paedagog.

147 2075 165 2096 a
185 2064 338 2097 Seebod.
369 2072 404 2097 et
433 2066 528 2099 Iahn.
562 2068 645 2100 edit.
670 2068 750 2101 Vol.
784 2071 862 2111 HL,
897 2071 992 2103 cuius
1016 2071 1050 2104 in
1080 2073 1164 2105 fasc.
1192 2074 1217 2106 I.
1250 2085 1283 2115 p.
1312 2075 1368 2107 87.
1400 2076 1459 2106 W.
1486 2074 1668 2106 Gliemann

146 2121 279 2143 comma
301 2111 335 2143 in
354 2111 420 2144 fine
438 2124 474 2144 vs
508 2115 587 2148 719.
615 2114 699 2159 poni
731 2115 848 2157 iubet,
883 2123 920 2149 ut
956 2120 1044 2150 Tum
1077 2132 1163 2152 vero
1196 2120 1320 2152 eodem
1355 2120 1460 2153 modo
1488 2121 1532 2153 ad
1562 2133 1668 2164 prae-

146 2168 301 2200 gressum
320 2158 540 2202 participium
556 2162 728 2194 incensus
746 2163 940 2202 referatur,
966 2177 1034 2208 quo
1056 2166 1149 2209 apud
1174 2166 1246 2198 Liv.
1273 2168 1315 2207 ΙΙ,
1335 2168 1411 2201 29.;
1450 2169 1551 2208 „Quo
1588 2180 1604 2199 r
1618 2179 1667 2199 e-

147 2203 306 2247 pulso,
332 2211 420 2237 tum
444 2210 587 2240 vero“
612 2216 699 2247 cet.;
733 2209 823 2242 adde
851 2212 894 2251 Q.
925 2212 968 2244 V.
1001 2213 1123 2254 XXV,
1151 2214 1184 2249 7.
1233 2214 1278 2246 Et
1306 2213 1548 2258 obtemperavi
1576 2214 1666 2248 Viro

145 2251 295 2286 Doctiss.
323 2252 418 2295 Wr.)

144 2370 207 2395 res
229 2358 336 2396 abiit.
376 2361 607 2410 superanda
630 2363 755 2399 omnis
778 2362 875 2412 sor-
933 2371 1109 2415 quatuor
1130 2372 1397 2404 crematarum
1416 2366 1579 2404 navium
1595 2381 1664 2405 co-

145 2424 244 2453 ίιιηα
265 2416 437 2466 serendo
470 2418 625 2469 plenius
658 2433 777 2470 quam
798 2420 874 2471 se-
932 2423 1032 2473 piae.
1094 2420 1358 2474 (Longaevos
1377 2439 1508 2472 senes,
1533 2431 1580 2462 ut
1602 2439 1664 2476 ap.

147 2474 272 2511 tenda
294 2482 350 2511 est
372 2479 500 2512 omnis
517 2476 706 2526 fortuna.
763 2479 874 2515 Δία’·-
934 2479 1079 2518 Tibull.
1103 2480 1131 2529 I,
1150 2484 1188 2529 8,
1210 2483 1278 2523 50.
1310 2491 1478 2520 vetere
1490 2498 1509 2518 s·
1534 2498 1660 2520 senes.

144 2545 221 2567 nae
254 2533 414 2582 stirpis,
459 2547 552 2571 nam
582 2534 792 2573 Dardanus
822 2549 873 2574 ex

145 2588 238 2626 Iove
254 2595 371 2627 natus
394 2596 433 2627 et
455 2591 613 2629 Electra
642 2593 817 2631 Atlantis
844 2595 871 2632 f.

146 2646 192 2683 cs.
214 2660 300 2697 sup.
324 2648 389 2685 lib.
419 2648 473 2686 ΠΙ
502 2651 668 2689 Excurs.
701 2651 764 2700 Vl,
792 2664 873 2701 seu,

144 2703 255 2752 quod
274 2704 377 2742 forte
404 2714 599 2757 praestat,
632 2709 724 2759 quia
745 2716 875 2748 mater

144 2772 235 2797 eum
267 2774 316 2798 ex
347 2762 514 2802 Crimiso
546 2766 710 2804 flumine
739 2781 875 2805 susce-

142 2823 270 2868 perat.
304 2831 339 2855 ν.
366 2833 451 2871 sup.
470 2823 536 2862 38.
561 2826 628 2864 39.
688 2827 783 2867 713.
803 2840 875 2862 sa—

140 2883 286 2924 perant
303 2878 373 2927 qai
389 2880 551 2917 amissis
581 2881 753 2919 navibus
778 2889 875 2921 sunt

936 2536 1055 2589 llsr.)
1117 2541 1214 2580 718.
1244 2541 1420 2588 Acesta,
1450 2546 1546 2577 nota
1567 2540 1663 2578 urbs

931 2596 1073 2646 Egesta
1101 2602 1141 2633 et
1170 2596 1357 2647 Aegesta,
1391 2598 1511 2649 vulgo
1544 2600 1664 2649 Sege-

934 2659 1014 2691 sta:
1056 2667 1176 2703 quam
1213 2661 1331 2705 poeta
1365 2669 1473 2693 nunc
1504 2656 1552 2693 ab
1585 2656 1664 2693 Ae-

933 2724 1030 2759 nea,
1074 2712 1307 2761 comitibus,
1350 2727 1449 2764 quos
1486 2713 1527 2751 in
1562 2713 1663 2751 Sici-

932 2769 982 2806 lia
1010 2769 1255 2820 reliquerat,
1297 2771 1338 2808 in
1370 2783 1454 2808 eam
1486 2771 1663 2808 conscri-

931 2828 1031 2878 ptis,
1064 2827 1269 2865 conditam
1295 2834 1431 2865 narrat
1443 2842 1452 2876 3
1493 2842 1532 2865 v.
1567 2841 1662 2864 mox

931 2897 970 2923 v.
1009 2886 1091 2927 755
1115 2898 1195 2936 sq.;
1223 2885 1385 2923 nomine
1412 2892 1546 2923 tamen
1581 2898 1662 2922 non
