1811 3388
321 214 725 264 AENEIDos
762 217 903 267 LIB.
939 219 1026 282 lv,
1064 225 1355 275 603—614

96 342 162 389 Et
190 340 343 388 Dirae
365 338 600 399 ultriceS,
640 349 691 387 et
713 339 765 388 di
792 343 1066 391 morientis
1090 344 1299 407 Elissae,

1497 235 1594 280 697

1495 359 1594 406 610

96 407 334 473 Adcipite
356 406 500 467 haec,
537 409 897 476 meritumque
921 412 1070 460 malis
1099 414 1352 465 advertite
1375 435 1592 486 numen,

96 479 160 526 Et
180 485 379 524 nostras
403 476 577 525 audite
598 495 795 543 preces,

870 482 922 528 Si
942 490 1156 545 tangere
1181 493 1364 548 portus

96 544 379 593 Infandum
405 555 581 610 caput,
618 564 674 596 ac
698 549 847 596 terris
870 549 1063 600 adnare
1091 569 1305 603 necesse
1334 567 1425 618 est,

94 615 159 663 Et
182 614 251 661 sic
274 612 376 662 sata
394 616 531 663 Iovis
552 627 803 681 poscunt,
838 618 922 667 hic
945 622 1203 671 terminus
1232 623 1433 676 haeret:

188 752 350 795 (—610.
376 754 500 787 IIII-sae
524 755 651 794 Palat.;
694 755 762 789 xid.
799 770 847 790 vs·
881 759 960 793 335.
996 760 1090 802 Wr.)

1185 763 1248 796 611
1286 766 1442 798 avertite
1474 767 1591 805 inulti3

95 798 157 830 sed
179 799 323 831 alienum
349 812 367 832 a
393 801 460 832 loci
486 802 666 834 sententia.
715 805 876 848 Accipite
900 806 1005 838 haec:
1033 809 1260 852 unitatemque
1284 812 1390 843 malis
1414 813 1594 846 excludite

95 847 209 877 tantis
235 845 288 878 ed.
314 847 400 879 Ven.
427 848 468 879 ab
497 848 757 892 interpolatore.

95 899 130 922 et
155 899 178 923 t.
206 892 363 925 Parrhas.

854 852 921 886 613
954 855 982 885 Ι.
1009 865 1140 898 corpus
1165 855 1303 899 Menag.
1330 870 1381 900 pr.
1420 871 1436 889 e
1463 859 1590 901 glossa.

455 896 524 928 614
551 898 598 926 Ec
633 896 684 927 sic
717 896 805 927 bene
833 898 950 930 Heius.
977 900 1152 942 reposuit,
1190 902 1331 944 optimis
1359 905 1460 936 codd.
1488 906 1591 938 etiam

94 936 259 969 Pierianis
285 939 498 979 auctoribus,
525 941 626 973 etiarn
652 941 767 974 Nonio
794 949 830 974 et
854 945 1045 977 Macrobio-

1108 947 1223 990 Vulgo
1250 951 1296 980 Ec
1320 951 1362 983 si.
1400 951 1458 993 (ut
1482 953 1591 986 Patat.

96 989 131 1015 et
157 985 190 1018 9.
221 985 314 1027 lls'r.)
364 986 481 1018 Heius.
508 987 596 1019 coni.
620 988 666 1019 Id
690 990 732 1021 si.
780 990 817 1020 In
842 1002 894 1034 pr.
919 991 1085 1024 Rottend.
1110 1005 1174 1036 pro
1202 1006 1271 1027 var.
1298 994 1379 1029 lect.
1406 1004 1498 1030 erat:
1544 1002 1591 1031 Ec

95 1030 128 1061 si
141 1030 232 1074 saca
250 1040 384 1077 petunt
407 1034 526 1065 Iovis:
551 1035 608 1066 lzt'c
633 1042 668 1066 et
693 1043 717 1067 t.

94 1134 134 1171 in
154 1135 304 1174 triviis:
335 1144 454 1176 notus
474 1153 567 1177 usus
589 1141 697 1178 vocis
718 1143 812 1180 ιιίιι-

95 1192 199 1239 lare,
245 1189 469 1245 ὀλολύζειν,
499 1197 541 1234 in
567 1199 705 1246 sacris,
737 1213 810 1250 pro

94 1249 328 1299 inclamare,
378 1252 583 1301 invocare,
642 1258 811 1294 maxime

96 1319 184 1342 cuni
207 1307 336 1345 animo
358 1317 554 1348 connnoto
578 1318 615 1349 et
636 1313 674 1350 in
697 1314 811 1351 Iuro-

94 1375 176 1400 rem
207 1371 306 1401 acto.
374 1368 528 1404 Hecale
557 1371 733 1418 alulala,
767 1378 813 1408 ut

95 1419 291 1458 bacchata
327 1423 474 1461 *Waxos
503 1439 587 1476 sup.
624 1427 686 1474 III,
721 1430 811 1469 125.

96 1475 315 1528 (Eiusmodi
330 1480 413 1516 loca
437 1484 603 1520 conferri
623 1498 701 1521 non
717 1499 810 1535 pos-

95 1541 205 1583 sunt3
238 1536 305 1573 sed
326 1538 478 1574 ululare
502 1539 618 1577 deun]
639 1547 694 1577 est
716 1542 809 1578 ulu-

93 1591 212 1628 lando
255 1593 458 1643 invocare,
516 1597 596 1635 vid.
642 1599 807 1636 Forcell.

93 1648 155 1685 Ad
174 1651 509 1690 constructionem
530 1668 712 1706 compara
734 1658 808 1693 So-

93 1704 222 1756 phocl.
256 1707 396 1746 Electr.
422 1710 536 1750 750.:
583 1708 809 1760 α’νωλόλυξε

92 1759 157 1802 τὸν
178 1765 354 1804 νεανίαν.
392 1767 538 1820 chh.)
599 1772 738 1818 Dirae,
771 1769 809 1808 h.

92 1819 116 1856 l.
135 1820 295 1869 Furiae,
327 1829 372 1859 ut
404 1824 496 1872 XII,
528 1825 608 1867 845
639 1841 708 1876 sq„
738 1827 805 1864 ubi

92 1878 140 1914 cf.
159 1878 311 1916 Notam.
343 1881 452 1917 Deos
471 1885 669 1920 moriensis
693 1886 804 1920 Elis-

92 1948 182 1982 θαι),
217 1936 362 1973 Genios
392 1938 572 1987 Didonis,
606 1955 698 1977 mox
721 1941 807 1978 Ma-

92 2003 160 2027 nes
191 1992 374 2043 futuros,
421 1996 713 2034 intellexeram:
757 1999 806 2036 cf.

93 2047 192 2096 XII,
232 2049 334 2098 646,
385 2057 422 2087 et
454 2053 509 2089 sio
538 2055 616 2091 sere
646 2056 805 2092 Servius

93 2105 222 2154 primo
258 2106 356 2144 loco.
416 2108 466 2145 At
490 2110 677 2161 Pompon.
717 2112 804 2149 Sub.

95 2163 244 2198 fllaszes
271 2163 432 2201 *S'c'clzaec‘
450 2176 576 2204 roc-ac.
640 2168 719 2205 Nee
742 2175 805 2205 ta-

94 2231 183 2255 men
222 2219 357 2264 video,
408 2223 501 2271 quid
537 2230 666 2272 vetet,
716 2226 807 2262 (leo-s·

94 2276 234 2312 ultores
270 2278 426 2314 Elissae
459 2280 645 2331 accipere.
714 2285 806 2322 611.

92 2333 302 2382 slclcc'pt'le,
343 2336 554 2385 culverlc'le,
594 2339 728 2375 amlile
760 2338 808 2375 de

93 2389 227 2426 eadem
246 2403 300 2428 re.
358 2407 501 2430 namen
532 2403 728 2443 vestrum,
768 2394 807 2433 h.

91 2458 126 2483 e.
165 2447 244 2484 vim
284 2462 327 2485 ac
365 2456 599 2499 potestatem
641 2452 805 2489 deorum

91 2503 307 2542 inferorum
328 2506 539 2546 ulciscendi
560 2509 695 2557 malos,
726 2511 804 2546 acl-

91 2563 224 2598 1⁵erlite
249 2564 387 2610 malis,
431 2572 570 2603 contra
603 2567 805 2617 improbos

93 2623 131 2654 et
169 2618 307 2669 impios
345 2621 558 2672 Troianos,
607 2626 801 2671 meritum,

93 2673 234 2725 quippe
270 2677 336 2725 qui
365 2687 597 2717 meruerunt
628 2687 803 2718 vestrum

92 2743 260 2780 numen,
299 2732 338 2771 h.
374 2747 404 2771 e.
446 2750 636 2787 poenam,
677 2752 698 2774 a
732 2738 804 2775 diis

92 2788 285 2825 malorum
314 2790 512 2831 ultoribus
540 2794 803 2844 infligendam.

92 2843 330 2893 Exquisitior
351 2849 452 2887 ratio
476 2864 592 2899 quam
610 2852 697 2900 illa,
727 2853 805 2889 ac!-

91 2909 232 2937 rercere
258 2903 410 2953 valeus,
454 2921 566 2944 aures·
580 2937 591 2956 ,
634 2910 802 2957 animos,

869 1149 916 1180 ut
943 1144 1059 1182 Ovid.
1088 1146 1171 1183 VIII
1201 1147 1294 1186 Met.
1327 1148 1420 1189 482,
1454 1148 1590 1202 (Prae-

869 1207 946 1237 stat
974 1201 1188 1253 simplicior
1215 1206 1338 1243 ratio:
1385 1209 1506 1244 malis
1536 1223 1588 1246 sc.

868 1258 989 1294 meis
1019 1261 1388 1310 calvet-zitenmneaez,
1424 1264 1446 1302 i.
1465 1278 1494 1302 e.
1521 1279 1588 1302 re-

869 1315 1005 1366 spicite
1031 1318 1129 1354 mala
1153 1332 1236 1355 mea
1267 1327 1306 1357 et
1327 1321 1492 1370 proinde
1523 1323 1588 1360 ul-

872 1373 1079 1422 ciscimini,
1112 1379 1293 1413 met-ilum
1322 1384 1465 1426 autem,
1497 1380 1588 1429 quia

870 1429 1065 1467 immerito
1086 1431 1145 1468 llis
1169 1439 1246 1470 tam
1280 1436 1476 1472 atrocibus
1500 1451 1588 1474 ma-

867 1486 914 1523 lis
935 1487 1094 1526 obruor.
1127 1489 1204 1526 Nec
1227 1497 1356 1541 potest
1376 1493 1480 1530 inter
1501 1508 1587 1531 me—

870 1543 933 1580 dia
956 1546 1075 1582 verba
1100 1549 1269 1597 (tec-[pile
1295 1556 1333 1585 et
1355 1551 1490 1587 (mo'ile
1513 1552 1587 1589 ali-

866 1607 926 1638 ter
946 1603 1029 1651 capi
1049 1605 1251 1640 advertite.
1291 1606 1400 1659 llfr.)

924 1661 1017 1699 612.
1038 1673 1120 1709 sqq.
1143 1661 1333 1699 Eximiam
1359 1670 1496 1714 poetae
1521 1679 1585 1703 ar-

866 1721 944 1751 tem
977 1715 1017 1752 iu
1059 1717 1338 1768 subiungendis
1381 1721 1474 1758 (liris
1514 1722 1585 1771 his,

867 1772 1008 1822 quibus
1029 1774 1180 1811 Aeneae
1206 1778 1297 1823 tata,
1324 1784 1412 1828 post
1435 1779 1587 1817 adven-

865 1835 953 1866 tum
974 1831 1012 1867 in
1037 1831 1209 1880 Italiam,
1239 1848 1331 1870 mox
1364 1841 1587 1887 temporum

864 1887 1057 1924 seriorum
1092 1896 1257 1928 eventus
1281 1891 1459 1943 bellaque
1482 1894 1586 1931 inter

864 1944 1014 1981 Poenos
1034 1952 1072 1982 et
1094 1948 1295 1985 Romanos
1315 1957 1442 1998 gesta,
1474 1951 1584 2002 inge-

864 2001 970 2037 niose
1000 2002 1193 2051 intexuit,
1247 2012 1292 2042 ut
1324 2012 1436 2044 tanto
1467 2009 1586 2058 inagis

863 2059 1114 2108 popularium
1145 2075 1308 2098 suorum
1337 2064 1486 2101 animos
1510 2066 1584 2102 ad—

865 2121 1038 2152 verteret
1072 2123 1109 2153 et
1137 2118 1367 2167 delectaret,
1409 2121 1485 2157 iam
1519 2122 1584 2159 alii

864 2171 1063 2210 viderunt.
1124 2174 1305 2212 Diraruni
1335 2190 1426 2214 vero
1448 2187 1487 2214 et
1508 2179 1582 2215 iin-

864 2230 1136 2278 precationum
1174 2233 1333 2269 oinnino
1376 2233 1583 2272 inventum

866 2291 905 2321 et
934 2299 1046 2323 usum
1079 2302 1097 2323 a
1132 2291 1255 2338 poetis
1288 2291 1444 2327 Graecis
1472 2305 1583 2329 acce—

866 2342 943 2392 pit,
970 2343 1007 2379 in
1038 2345 1179 2392 quibus
1202 2348 1383 2396 frequens
1414 2355 1482 2396 est,
1514 2356 1583 2387 ut-

867 2407 958 2449 pote
974 2400 1270 2440 vehementibus
1290 2404 1490 2443 affectibus
1510 2407 1582 2444 be-

864 2469 912 2492 ne
934 2457 1160 2497 inserviens.
1195 2461 1381 2511 Exempla
1408 2463 1498 2500 vide
1521 2478 1581 2516 ap.

866 2514 1045 2552 Cerdanl.

920 2573 1154 2614 612—614.
1195 2573 1297 2611 Ante
1320 2575 1453 2612 oculos
1474 2577 1582 2615 suere

864 2640 912 2663 ex
935 2629 1074 2680 Odyss.
1101 2646 1126 2679 ι,
1160 2631 1238 2671 532
1267 2645 1348 2681 sqq.
1374 2633 1482 2670 dirae
1504 2635 1580 2672 Po-

863 2684 1035 2734 lyphemi
1063 2687 1101 2723 in
1128 2687 1321 2738 Ulyssem:
1352 2684 1458 2728 'Am’
1489 2692 1584 2732 εὶόἷ

863 2739 976 2793 μοῖρ’
999 2743 1078 2782 ἐστὶ
1105 2751 1177 2781 etc.
1210 2745 1458 2783 Gravitatem
1489 2762 1580 2785 ora-

862 2798 983 2836 tionis
1003 2806 1095 2837 nota
1115 2801 1154 2838 in
1174 2802 1304 2839 verbis
1318 2803 1489 2854 singulis,
1521 2811 1579 2853 ut,

864 2856 1088 2905 Itgsamlum
1111 2867 1232 2908 caput
1260 2873 1332 2910 pro
1362 2873 1471 2908 eum,
1503 2871 1578 2898 ler—

864 2913 918 2947 rc's·
955 2914 1124 2964 adnare,
1170 2929 1242 2965 pro
1283 2917 1488 2966 pervenire
1528 2917 1576 2954 ad
