1811 3388
364 183 776 236 AENEIDOS
815 184 1083 246 Llss.1V‚
1115 190 1405 236 303—319

136 312 377 364 Crudelis
393 317 414 360 Ρ

1548 191 1647 238 645

487 308 660 371 Quid?
707 309 746 356 si
770 324 879 355 non
906 325 1022 355 arva
1047 307 1214 356 aliena
1234 307 1537 375 domosque

131 385 341 445 Ignotas
358 388 593 445 peteres,
632 387 684 426 et
707 378 865 426 Troia
893 377 1105 442 antiqua
1133 387 1391 438 maneret,

134 451 293 500 Troia
323 465 421 515 per
439 448 711 496 undosum
735 455 1008 512 peteretur
1032 446 1281 496 classibus
1310 455 1541 513 aequor?

129 524 290 570 Mene
324 517 496 582 sugis?

566 521 670 566 Per
710 532 807 580 ego
849 516 941 565 has
979 515 1248 580 lacrimaS‚
1299 516 1644 584 dextramque

914 594 1062 634 tuam
1089 595 1157 648 te,

131 657 384 721 (Quando
426 655 569 705 aliud
616 655 748 704 mihi
787 655 889 704 iam
929 655 1155 704 miserae
1202 655 1333 704 nihil
1372 657 1482 721 ipsa
1521 655 1644 705 reli-

916 725 1030 790 qui)
1542 731 1643 778 315

127 799 232 847 Per
255 794 520 844 connubia
540 803 745 856 nostra,
782 810 881 859 per
900 794 1142 860 inceptos
1164 793 1506 858 hymenaeos,

131 867 182 914 Si
207 865 349 914 bene
372 864 500 930 quid
525 863 592 912 de
615 873 668 912 te
689 863 862 912 merui
879 904 891 924 ‚
928 862 1029 912 suit
1052 872 1139 912 aut
1162 863 1256 912 tibi
1280 864 1573 930 quidquam

128 935 296 985 Dulce
318 951 526 984 meum:
563 935 818 982 miserere
840 932 1033 982 domus
1059 932 1309 997 labentis,
1350 943 1401 983 et
1418 935 1585 997 istam,

130 1007 266 1067 Oro,
305 1006 345 1053 si
370 1004 485 1070 quis
506 1003 680 1052 adhuc
702 1002 948 1069 precihus
968 1002 1140 1064 locus,
1180 1020 1309 1053 exue
1333 1013 1588 1055 mentem.

197 1101 583 1154 313.AEQUOR!

663 1204 686 1224 t>

725 1103 755 1148 3
765 1101 787 1145 1
796 1101 839 1146 6.
876 1098 1206 1144 HYMENAEos

221 1249 285 1282 311
315 1259 418 1279 arma
444 1246 551 1279 Goth.
572 1258 639 1279 sec.
661 1258 681 1278 a
703 1258 746 1278 m.
769 1258 821 1290 pr.
854 1247 898 1279 cf.
919 1247 964 1279 ad
986 1248 1012 1288 Ι,
1038 1247 1118 1281 550.
1167 1247 1367 1291 domusque
1392 1245 1525 1289 aliquot
1550 1247 1639 1278 Pier.

127 1296 196 1329 312
221 1296 252 1326 si
281 1296 390 1326 Troia
414 1293 519 1325 Goth.
539 1299 632 1333 tert„
667 1292 750 1325 satis
772 1294 872 1326 bene.
909 1294 977 1337 (Sec
1000 1296 1029 1327 1.
1060 1294 1155 1331 lVrA

1251 1293 1321 1327 314
1347 1301 1518 1337 tuamque
1541 1292 1640 1324 multi

127 1342 220 1385 apud
239 1342 350 1372 Burin.
378 1340 439 1372 sed
460 1340 552 1372 haud
571 1339 676 1372 dubie
696 1339 834 1372 vitiose.
884 1349 920 1372 te
941 1340 1131 1383 Aproniani
1149 1339 1335 1372 lectionem
1357 1351 1446 1381 esse,
1471 1341 1638 1384 Pompou.

127 1389 206 1421 Sab.
222 1387 367 1419 monuit.

128 1434 160 1467 ei
182 1434 370 1478 praeponit
389 1433 554 1466 alterum:
580 1434 653 1465 Per
674 1433 855 1466 connubia
875 1446 911 1466 n.

125 1562 235 1613 quod
273 1575 345 1614 per
375 1562 575 1599 adiectum
610 1560 849 1599 declaratur.

125 1621 251 1658 Tacit.
277 1620 380 1671 Anu.
401 1620 429 1668 1,
449 1623 535 1660 70.:
563 1619 687 1655 sidere
709 1620 851 1670 aequi-

123 1680 258 1715 noc-lii.
284 1677 410 1717 l‘Velz.
441 1676 521 1714 vid.
542 1675 666 1715 eiusd.
687 1676 779 1715 Not.
800 1675 850 1713 ad

125 1736 193 1773 Ge.
225 1735 295 1782 IV,
328 1733 422 1776 234.
479 1734 585 1771 Infra
615 1733 695 1781 XI,
736 1732 850 1774 959:

124 1793 266 1842 „triste
287 1792 490 1829 Minervae
513 1790 661 1839 sidus‚“
692 1796 850 1841 tempe—

124 1857 203 1888 stas
226 1865 246 1887 a
268 1850 449 1887 Minerva
473 1849 608 1899 iniquo
632 1848 724 1885 anni
750 1854 849 1885 iem—

122 1921 219 1960 pore
241 1909 426 1945 excitata.
463 1909 506 1944 ll
522 1908 579 1955 s.)

180 1967 437 2007 3112—313.
477 1963 599 2013 Atqui
620 1961 718 2010 hoc,
750 1963 849 2000 mari

124 2022 307 2073 procellis
340 2022 504 2059 turbato
542 2020 751 2069 navigare,
801 2033 850 2056 ne

122 2085 211 2116 tum
242 2079 401 2129 quiden]
430 2079 596 2126 faceres,
640 2078 670 2113 si
697 2076 852 2114 reditus

121 2136 163 2173 in
183 2137 354 2187 patriam
375 2141 538 2186 pateret.

181 2194 276 2234 315.
317 2194 434 2230 aliud
460 2192 584 2239 nihil,
627 2191 709 2228 scil.
740 2191 849 2240 quod

124 2264 283 2301 sperare
327 2250 375 2287 de
410 2264 472 2286 me
515 2249 650 2299 possis.
723 2246 849 2299 (Haec

124 2308 338 2359 explicatio
374 2313 456 2344 tum
490 2307 649 2343 deinum
688 2305 847 2342 admitti

120 2379 233 2416 posse
255 2365 351 2402 mihi
373 2364 591 2411 videretur,
621 2363 653 2400 si
673 2361 739 2400 hic
755 2376 848 2400 ver-

121 2437 185 2459 sus
221 2424 405 2473 proximo
455 2421 698 2473 postpositus
733 2427 845 2458 esset.

120 2480 186 2517 Sic
207 2488 341 2517 autem
361 2480 577 2517 collocatus
596 2477 705 2515 huuc
726 2491 844 2527 prae-

118 2538 188 2574 bet
224 2551 399 2575 sensum:
461 2536 635 2584 Quando
675 2536 754 2572 iam
797 2548 842 2573 eo

122 2596 284 2633 redacta
316 2610 423 2643 suin,
461 2602 529 2643 ut,
569 2592 666 2644 quid
700 2592 840 2630 faciam

122 2652 245 2700 aliud,
281 2667 399 2702 quam
422 2659 467 2690 ut
487 2652 657 2689 lacrimis
679 2656 719 2687 et
748 2663 843 2700 pre—

121 2709 230 2746 cibus
258 2716 296 2746 te
326 2710 519 2756 obtester,
561 2722 641 2746 non
664 2706 842 2745 habeam.

125 2764 240 2816 llsr.)
291 2768 534 2818 Comparant
554 2765 692 2816 Eurip.
710 2765 841 2801 locum

121 2822 179 2871 (in
198 2822 319 2873 lphig.
351 2824 392 2860 in
417 2824 503 2861 Aul.
529 2826 610 2864 909
641 2822 714 2873 sq.)
745 2821 840 2859 Hec.

119 2882 202 2920 818
231 2893 285 2929 sq.
318 2886 356 2917 et
387 2895 425 2920 v.
458 2884 539 2923 316
574 2893 630 2929 sq,
663 2878 772 2917 Iliad.
805 2895 838 2926 0,

463 1387 532 1422 315
559 1386 718 1430 relinqui
733 1388 855 1419 Franc.
905 1388 1036 1419 Versus
1070 1387 1190 1418 deerat
1221 1386 1393 1425 Parthas„
1429 1391 1465 1418 at
1484 1387 1639 1419 Venetus

1006 1434 1076 1468 316
1099 1434 1333 1479 inceptosque
1359 1432 1495 1477 aliquot
1524 1434 1638 1466 Burm-

909 1564 976 1602 39.
1035 1562 1183 1611 inc-epti
1218 1562 1450 1612 Iiymenaei
1479 1575 1516 1599 v.
1555 1563 1637 1602 316

910 1624 1006 1656 sunt
1023 1625 1215 1666 recentes,
1247 1617 1345 1655 nihil
1367 1618 1489 1667 aliud,
1512 1618 1636 1655 adeo-

911 1689 987 1726 que
1022 1676 1109 1728 ipsa
1152 1675 1333 1714 novitate
1373 1675 1528 1724 dulces,
1591 1681 1638 1713 ut

912 1736 1023 1771 Serv.
1066 1732 1173 1784 (Non
1200 1733 1258 1770 bis
1287 1733 1394 1770 idem
1427 1733 1543 1782 dicit,
1591 1739 1638 1770 ut

909 1791 1115 1829 contendit
1154 1791 1328 1829 Servius.
1397 1790 1485 1828 Non
1531 1791 1636 1827 enim

908 1849 990 1886 sine
1009 1849 1047 1886 vi
1060 1848 1260 1900 repetitur
1275 1863 1362 1898 per.
1402 1848 1537 1895 Quum
1561 1862 1635 1885 au-

907 1913 988 1943 tem
1008 1906 1147 1943 similia
1169 1905 1208 1943 h.
1227 1906 1251 1943 1.
1273 1906 1548 1957 proferantur,
1576 1906 1636 1942 al-

906 1970 1040 2001 terum
1069 1964 1188 2001 debet
1210 1976 1290 2000 esse
1306 1963 1466 2014 gravius
1489 1963 1634 2014 priore.

911 2022 959 2058 Et
983 2020 1247 2059 connubia
1274 2019 1633 2058 h.l.surtivumin-

911 2079 1048 2115 dicant
1079 2090 1254 2115 amorem
1278 2082 1318 2114 et
1339 2078 1448 2126 quasi
1471 2078 1632 2128 praelu-

910 2136 1059 2173 sionem
1082 2135 1420 2186 hymenaeorum,
1452 2135 1476 2171 i.
1505 2147 1536 2172 e.
1568 2134 1632 2172 iu—

908 2194 958 2230 sti
989 2192 1158 2243 coniugii
1188 2205 1282 2228 mox
1312 2190 1492 2239 ineundi,
1520 2191 1632 2228 ince—

905 2250 964 2301 pti
990 2250 1131 2300 igitur,
1162 2248 1345 2286 noudum
1376 2248 1475 2286 initi.
1512 2248 1630 2302 IVr.)

906 2310 1000 2347 517.
1031 2315 1102 2344 aut
1131 2308 1167 2342 si
1195 2306 1268 2342 tibi
1282 2306 1373 2356 ficit
1405 2308 1621 2357 qza'eqlccmz,

905 2365 1020 2400 dulce
1051 2378 1072 2400 a
1103 2376 1164 2400 me
1198 2364 1446 2414 profectum,
1481 2376 1531 2399 ex
1554 2377 1630 2412 me,

906 2423 1122 2472 quiequam
1149 2435 1294 2457 meum.
1346 2420 1489 2457 Similis
1520 2420 1630 2458 locus

903 2478 1063 2516 Pindari
1088 2479 1147 2516 Ol.
1172 2478 1201 2525 Ι,
1223 2480 1315 2518 121.
1339 2477 1428 2517 εἴτι
1452 2477 1491 2525 ἐς
1511 2474 1630 2531 χάριν

902 2535 1086 2576 τέλλεται.
1119 2536 1237 2584 (infra
1259 2534 1346 2583 XII,
1381 2537 1499 2576 882:
1530 2541 1629 2583 „aut

901 2594 1118 2644 quidquam
1151 2592 1248 2630 mihi
1290 2591 1406 2629 dulce
1446 2605 1627 2629 meorum

903 2652 957 2688 Te
975 2651 1069 2699 siue,
1095 2652 1231 2698 frater,
1264 2650 1404 2687 erit'?“
1439 2650 1625 2686 Tecmes—

902 2722 943 2745 sa
966 2708 1016 2746 ad
1032 2708 1190 2745 Aiacem
1210 2707 1317 2758 apud
1330 2705 1514 2758 Sophoel.
1528 2708 1624 2748 516.

900 2780 957 2816 sq.
978 2766 1038 2803 ed.
1057 2767 1211 2803 Herum
1242 2760 1387 2816 ,,(ἷνδρί
1408 2780 1470 2803 τοι,
1496 2761 1624 2815 χρεών

900 2819 1067 2875 μνήμην
1108 2825 1334 2875 προςεῖναι,
1396 2818 1622 2873 τερπνὸν

901 2880 949 2920 εἴ
995 2882 1039 2920 τί
1087 2895 1185 2920 που
1230 2875 1448 2918 πάθοι.“
1502 2874 1619 2929 lVr.)
