1779 3420
63 216 168 265 934

374 211 428 260 Ρ.
465 208 837 261 VIRGILII
872 206 1251 257 MARONIS

67 338 406 404 Castigatque
430 334 688 402 auditque
713 333 898 395 dolos;
939 333 1244 399 subigitque
1275 331 1447 397 fateri,

69 414 218 473 Quae
245 409 362 475 quis
383 405 527 473 apud
553 421 804 472 superOS,
832 403 979 453 furto
1003 404 1226 453 laetatus
1252 404 1412 467 inani,

65 479 281 532 Distulit
302 479 355 528 in
381 493 558 527 seram
584 475 847 525 conmissa
867 473 1075 540 piacula
1094 483 1348 524 mortem.

69 552 343 602 Continuo
369 548 534 598 sontis
556 545 717 595 ultrix
739 544 979 594 adcincta
998 542 1210 608 flagello

1498 545 1601 595 570

69 620 369 688 Tisiphone
394 618 564 686 quatit
584 616 868 677 insultam,
904 623 1199 680 torvosque
1222 612 1427 662 sinistra

67 694 345 743 Intentans
366 688 572 754 anguis,
607 695 764 736 vocat
792 685 1003 750 agmina
1022 700 1175 734 saeva
1195 699 1462 734 sororum.

69 765 214 812 Tum
239 761 465 811 demum
492 757 783 807 horrisono
809 754 1098 805 stridentes
1124 754 1340 804 cardine
1365 768 1542 802 sacrae

162 926 232 961 568
250 925 403 958 laxatus
423 922 533 956 Goth.
552 928 636 955 tert.

731 921 803 956 570
830 918 963 952 ultrice
991 930 1025 951 a.

1043 915 1079 964 f
1108 916 1290 950 Heinsium
1316 916 1351 949 in
1381 928 1443 949 ora
1472 916 1605 950 codicis

69 973 261 1008 coniecisse
276 977 397 1005 narrat
417 973 544 1011 Burm.‚
567 980 755 1014 perperam
780 966 913 1011 utique.
964 966 1151 998 succincta
1180 964 1298 997 Schol.
1328 966 1415 997 Stat.
1439 964 1556 997 Theb.
1579 965 1604 1005 Ι,

70 1022 162 1061 109.,
189 1032 229 1053 ex
247 1019 566 1064 interpretatione:
592 1029 632 1050 ex
653 1028 704 1049 vs.
724 1015 804 1050 555.
823 1026 866 1046 ne
886 1019 1004 1046 autem
1022 1020 1124 1056 putes
1146 1013 1311 1044 accincta
1337 1012 1488 1043 otiosum
1515 1023 1605 1053 esse,

69 1068 186 1112 cogita
208 1068 251 1100 de
277 1066 438 1100 carnifice
468 1066 513 1098 ad
532 1070 710 1097 tormenta
733 1061 952 1096 admovenda
979 1072 1015 1092 se
1035 1059 1265 1103 accingente,
1303 1066 1338 1090 ut
1363 1058 1604 1103 expeditiores

67 1127 189 1149 manus
209 1115 290 1146 sint.
339 1115 457 1146 accita
478 1112 587 1145 Goth.
606 1117 690 1144 tert.

785 1110 853 1145 571
878 1117 1042 1152 torvasq.
1072 1107 1164 1139 Gud.
1195 1119 1213 1139 a
1235 1119 1279 1139 m.
1299 1118 1352 1149 pr.
1386 1105 1456 1138 vid.
1483 1106 1604 1139 Heius.

68 1164 113 1197 ad
133 1164 225 1203 Vlll,
249 1162 331 1197 289.
383 1169 574 1205 tortosque
594 1158 699 1191 facile
721 1156 848 1202 aliquis
874 1155 985 1196 malit,
1011 1161 1045 1186 et
1069 1153 1118 1186 sic
1142 1153 1234 1187 Picr.
1262 1153 1410 1196 aliquot,
1436 1165 1477 1185 ex
1492 1153 1606 1185 Hein-

70 1209 178 1244 sianis
200 1217 316 1242 autem
336 1208 430 1240 solus
458 1207 584 1240 Hamb.
607 1212 643 1238 et
664 1205 770 1238 Goth.
798 1215 867 1236 sec.

68 1269 120 1292 vs.
141 1256 223 1292 476.
250 1255 346 1300 ην.)

919 1205 987 1247 (-—
1007 1203 1087 1237 572.
1114 1202 1282 1234 intentas
1301 1200 1443 1241 Medic„
1468 1200 1538 1233 vid.
1560 1200 1606 1233 ad

421 1255 490 1290 573
507 1254 682 1297 horrifico
704 1253 820 1296 Bigot.
840 1261 915 1283 cum
939 1249 1047 1282 Goth.
1068 1261 1138 1282 sec.
1189 1248 1319 1282 ordine
1336 1248 1440 1283 Witt.
1493 1260 1521 1281 c,
1540 1260 1605 1281 sa—

68 1317 134 1339 cra
152 1305 243 1338 Gud.
264 1316 284 1337 a
302 1315 348 1337 m.
365 1314 422 1347 pr.
472 1313 580 1336 serae
602 1303 646 1335 P.
671 1308 806 1347 porcae
824 1310 894 1331 sec.
911 1296 1081 1331 Rotteud.

68 1434 345 1489 percensendo
398 1431 579 1484 singula3
638 1435 687 1468 ut
733 1428 808 1481 ipsi

64 1495 353 1547 percurrimus,
385 1493 692 1542 perlustramus,
724 1488 810 1525 sin-

71 1553 184 1605 gula,
226 1552 283 1590 ita
322 1550 387 1588 alii
423 1563 496 1588 nos
540 1547 699 1586 ducunt
737 1558 810 1597 per

69 1617 225 1664 partes3
263 1623 333 1648 seu
354 1614 400 1647 ut
434 1608 587 1647 Hecate
618 1605 810 1656 Sibyllam

70 1683 167 1709 vere
187 1681 259 1720 per
287 1667 448 1705 Tartari
468 1678 648 1704 recessus
678 1663 812 1701 duxe-

70 1728 148 1776 J'it3
180 1734 220 1764 et
241 1739 336 1764 sane
360 1725 446 1766 582
463 1726 551 1762 Hic
581 1731 617 1760 et
634 1721 811 1759 Aloidas

75 1809 123 1814 —-
151 1784 408 1822 vicli—vicli·
434 1791 470 1819 et
499 1782 735 1819 Salmonea.
772 1783 813 1815 et

72 1845 158 1886 596
196 1842 358 1880 Cernere
393 1848 490 1878 erat.
550 1839 647 1881 567.
678 1837 808 1884 dolos,

72 1901 222 1938 scelera
274 1899 368 1937 dolo
428 1897 534 1935 malo
590 1894 812 1933 commissa.

72 1960 202 1998 Porro
227 1957 333 2009 cogit
365 1956 485 1994 fateri
504 1955 697 2006 piacula,
733 1952 814 1990 cri-

73 2017 198 2064 mina,
237 2017 456 2054 commissa
485 2013 602 2064 apud
630 2025 811 2062 superos,

73 2076 116 2114 in
144 2075 253 2123 vita,
285 2088 391 2126 quae
420 2073 511 2124 quis
538 2071 716 2119 distulit,
759 2082 813 2107 se.

63 2135 211 2186 fateri,
248 2132 429 2182 adeoque
451 2129 686 2177 occultavit,
717 2127 757 2165 h.
783 2139 816 2165 e.

73 2191 222 2240 effecit,
256 2204 305 2228 ne
336 2190 379 2228 in
406 2188 602 2227 iudicium
634 2186 817 2225 adduce-

77 2256 195 2289 retur
229 2255 267 2286 et
296 2248 511 2300 puniretur
550 2244 615 2298 (ut
648 2258 813 2292 caussa,

78 2310 291 2355 iudicium,
322 2320 458 2357 poena
479 2304 637 2357 differri
667 2302 817 2341 dicitur

77 2367 119 2404 in
160 2365 317 2416 vulgari
356 2365 557 2413 sermone)
608 2364 651 2399 in
686 2374 818 2398 seram

78 2432 269 2472 mortem,
313 2422 353 2461 h.
383 2436 414 2460 e.
448 2435 530 2460 non
563 2432 657 2458 reus
687 2420 818 2469 factus

79 2488 159 2529 est,
191 2494 321 2531 neque
348 2480 448 2518 adeo
479 2491 652 2531 poenam
674 2490 815 2515 eorum

78 2539 295 2592 persolvit,
342 2539 438 2576 dum
479 2538 659 2585 viveret,
694 2536 814 2587 surm

79 2599 254 2635 laetatus
272 2598 403 2642 inani,
434 2595 546 2646 quod
568 2596 694 2632 latere
720 2593 816 2631 deos

79 2662 120 2693 et
149 2654 312 2706 impune
362 2654 438 2692 sibi
486 2653 596 2691 abire
644 2651 818 2703 putabat

80 2713 311 2762 commissa,
342 2712 412 2749 sed
430 2717 594 2749 temere.
632 2710 692 2747 113
716 2715 816 2760 puto

78 2771 179 2809 haec
214 2769 466 2822 expedienda
505 2782 600 2805 esse.
669 2769 819 2804 Seneca

80 2829 200 2871 Herc.
243 2829 322 2867 sur.
352 2830 436 2869 729
475 2825 636 2864 addidit
668 2837 821 2862 novum

82 2887 335 2926 auctarium:
376 2885 516 2923 oblitos
559 2885 625 2921 sni
664 2882 822 2921 sceleris

81 2955 261 2984 nocente-s
313 2943 466 2982 debitas
502 2955 659 2993 poenas
707 2941 819 2977 dare.

869 1426 1039 1479 Propius
1062 1425 1114 1464 ad
1134 1425 1343 1464 Maronem
1367 1424 1520 1462 Statius
1542 1424 1605 1463 IV.

871 1488 952 1529 531
990 1484 1121 1523 Minos
1140 1507 1197 1513 —
1216 1485 1427 1535 adigitque
1460 1497 1608 1533 expro-

870 1558 973 1581 mere
996 1545 1103 1581 1'ila3
1126 1558 1251 1595 usque
1268 1551 1365 1580 relro
1387 1550 1423 1579 et
1444 1542 1608 1579 landem

871 1615 1096 1654 poenarum
1113 1601 1225 1639 lucra
1239 1601 1377 1651 fateri.
1438 1599 1608 1637 Rhada-

869 1659 1063 1698 manthus
1093 1666 1229 1705 autem
1256 1658 1296 1697 11.
1325 1659 1350 1696 l.
1387 1659 1607 1695 Triumviri

870 1720 1066 1769 capitalis
1104 1732 1210 1755 more
1251 1716 1444 1769 supplicia
1484 1716 1607 1754 sumit

871 1782 909 1813 et
930 1776 1204 1826 quaestionem
1225 1776 1438 1813 tormentis
1462 1774 1607 1812 admo-

870 1835 921 1872 tis
935 1834 1059 1871 babet
1071 1834 1111 1871 in
1126 1847 1214 1872 reos
1232 1834 1282 1871 ad
1301 1833 1606 1884 exprimendam

870 1893 1065 1930 scelerum
1104 1892 1404 1930 consessionem.
1446 1891 1494 1928 cf.
1522 1892 1608 1928 Ex-

873 1964 977 1988 curs.
995 1950 1065 1988 XI.

933 2008 1192 2051 570-572.
1232 2006 1474 2057 Tisiphone,
1517 2020 1608 2043 car-

873 2067 1001 2107 nificis
1046 2079 1116 2104 seu
1162 2065 1267 2103 servi
1313 2063 1463 2117 publici
1506 2064 1608 2114 loco,

874 2139 965 2165 reos
991 2125 1204 2163 damnatos
1237 2122 1288 2160 ad
1310 2135 1512 2160 carcerem
1539 2136 1610 2160 ra-

874 2190 974 2237 ptat.
1015 2185 1147 2236 quatit
1167 2181 1501 2232 sontesflagello,
1531 2180 1608 2219 do-

876 2249 952 2281 cte.
1021 2241 1187 2293 Proprie
1233 2241 1413 2292 quatitur
1446 2240 1610 2290 flagel-

874 2302 981 2350 lum,
1030 2314 1110 2351 quo
1149 2304 1283 2336 sontes
1313 2297 1609 2349 percutiuntur.

875 2359 998 2412 Apud
1027 2358 1200 2396 Statium
1224 2356 1382 2397 ITheb.
1411 2358 1505 2396 112.
1527 2357 1609 2397 113

877 2416 1094 2468 Tisiphone
1118 2416 1243 2453 altera
1274 2427 1399 2453 manu
1419 2413 1609 2465 hydram,

877 2477 1002 2514 altera
1026 2475 1211 2513 titionem
1239 2473 1378 2524 quatit.
1439 2474 1612 2523 agmina

873 2548 1052 2572 sororum
1084 2532 1134 2570 de
1171 2532 1325 2580 Furiis,
1356 2537 1402 2567 ut
1433 2544 1519 2581 sup.
1543 2529 1610 2578 IV,

873 2595 971 2634 469.
1034 2591 1226 2629 Inclamat
1244 2590 1310 2626 illa
1331 2601 1500 2636 sorores,
1532 2601 1611 2638 qua

877 2650 926 2689 de
953 2662 1089 2687 caussa
1111 2649 1246 2686 statim
1269 2646 1507 2685 videbimus.

937 2707 1195 2749 573—579.
1228 2706 1332 2742 Dum
1353 2704 1535 2753 loquitur
1549 2703 1612 2740 Si-

875 2766 998 2816 bylla,
1030 2770 1146 2814 porta
1172 2763 1331 2801 Tartari
1350 2762 1495 2813 aperiri
1516 2762 1612 2800 vul—

877 2837 925 2874 go
950 2828 1133 2874 putatur.
1182 2822 1224 2859 [n
1246 2821 1324 2858 hoc
1346 2821 1424 2858 iam
1446 2820 1613 2858 Servius

880 2881 1064 2933 praeivit.
1145 2881 1184 2917 Si
1219 2886 1351 2916 tamen
1389 2891 1525 2917 rerum
1569 2891 1615 2914 ac

882 2938 1172 2977 sententiarum
1192 2937 1375 2976 ordinem
1390 2935 1615 2974 accuratius
