1779 3420
186 202 288 250 496
514 199 568 246 Ρ.
605 196 966 247 VIRGILII
1002 194 1384 244 MARONIS

188 325 311 377 Sola
333 340 562 386 novum,
601 323 854 389 dictuque
878 319 1053 385 nesaS,
1090 322 1316 386 Harpyia
1339 319 1576 371 Celaeno
1604 323 1705 373 365

185 395 500 459 Prodigium
521 394 680 456 canit,
720 402 772 442 et
795 392 951 441 tristis
986 391 1266 440 denuntiat
1286 391 1402 453 iras,

189 467 605 529 Obscenamque
625 462 853 527 famem)
881 478 1017 529 quae
1040 462 1212 527 prima
1233 460 1471 526 pericula
1490 460 1597 508 vito
1616 465 1638 509 ἓ

190 535 397 599 Quidve
423 549 652 599 sequens
676 541 853 581 tantos
876 532 1077 597 possim
1101 547 1352 595 superare
1377 531 1625 580 labores?

187 609 284 656 Hic
304 605 567 664 Helenus,
608 603 768 651 caesis
791 602 1028 668 primum
1053 600 1121 649 (16
1146 617 1302 649 more
1337 601 1587 663 iuvencis,

185 681 380 728 Exorat
401 690 592 740 pacem
616 672 822 735 divom,
864 671 1125 737 vittasque
1145 669 1365 720 resolvit
1606 674 1708 721 370

258 773 375 822 365.
408 782 599 816 NOVUM
633 781 680 816 D.
717 778 881 813 NEFAS
918 765 979 814 H.

279 898 349 934 365
375 908 506 930 novom
535 893 625 928 Gud.
672 895 811 940 Arpia,
843 894 1008 940 Arpyia,
1043 893 1211 937 Ilarpeia
1239 892 1303 937 (sic
1331 891 1458 926 Medic.
1486 891 1522 925 h.
1551 891 1575 925 l.
1608 891 1708 934 lVr.)

189 947 358 980 aberratt.
382 943 485 976 codd.
537 943 603 985 (An
620 941 688 973 hoc
706 941 882 974 Latinum:
905 941 1118 986 prodigiam
1138 940 1237 971 dictu
1261 937 1391 985 nefas?
1416 938 1505 972 Mihi
1522 939 1630 971 verba
1651 938 1711 970 di—

188 1002 320 1038 ctuque
358 989 467 1035 nefas
500 988 714 1021 secludenda
752 988 934 1026 videntur3
975 994 1010 1020 et
1042 986 1092 1019 sic
1124 986 1301 1018 interdum
1331 987 1456 1032 copula
1482 984 1711 1031 parenthesin

187 1040 330 1083 incipit3
355 1037 422 1070 vid.
456 1039 498 1076 Q.
533 1037 577 1068 V.
610 1036 778 1073 XXXV,
807 1036 841 1069 9.
870 1034 966 1078 llfr.)
1063 1035 1133 1068 368
1168 1034 1319 1076 Quodve
1355 1046 1382 1066 s.
1421 1034 1557 1079 possim
1585 1040 1712 1065 tantos

187 1086 362 1126 Parthas,
386 1084 481 1116 forte
500 1081 625 1122 etiam,
651 1081 790 1114 subiicit
811 1083 938 1121 Burm.‚
974 1093 1048 1126 qua
1079 1094 1117 1127 p.
1146 1094 1185 1127 p.
1218 1081 1315 1113 vito?
1351 1093 1417 1125 qua
1449 1080 1522 1121 via,
1559 1079 1710 1112 ratione.

187 1134 248 1167 Nil
269 1143 422 1165 necesse.
457 1137 492 1162 at
505 1141 655 1175 possum
677 1128 803 1161 nullibi
821 1134 1003 1172 repertum
1024 1127 1140 1160 video.
1192 1128 1242 1170 (at
1256 1136 1389 1174 potero
1410 1127 1487 1160 Alb.
1531 1130 1621 1160 Sane
1640 1126 1709 1158 mi—

186 1180 258 1213 rari
277 1180 423 1218 subeat,
457 1175 665 1209 indicativus
696 1188 800 1220 quum
826 1175 1017 1221 praecedat
1048 1176 1136 1216 vito,
1161 1174 1206 1207 de
1226 1186 1294 1219 quo
1324 1174 1394 1207 vid.
1426 1177 1467 1215 Q.
1500 1176 1543 1206 V.
1570 1174 1710 1213 XXXI,

186 1229 233 1269 4.,
259 1225 384 1259 subiici
403 1222 660 1257 coniunctivum
675 1225 826 1269 possim.
876 1222 946 1255 Sed
968 1222 1110 1264 Quidue
1136 1234 1291 1266 sequens
1308 1223 1447 1268 possim
1467 1221 1557 1253 hune
1576 1220 1611 1252 in
1632 1231 1711 1252 mo-

187 1275 268 1307 dum
288 1272 428 1316 accipe:
455 1270 589 1312 Quidve
615 1282 808 1314 sequor,
835 1276 880 1301 ut
906 1269 1051 1313 possim.
1086 1268 1215 1301 Similis
1235 1268 1324 1301 ratio
1347 1281 1451 1313 supra
1470 1270 1496 1307 Ι,
1522 1269 1603 1303 706.
1629 1268 1712 1300 Non

188 1329 263 1354 erat
283 1320 363 1353 huic
381 1319 461 1350 1060
481 1317 735 1362 comparandus
756 1329 777 1351 a
796 1316 985 1352 XVunderl.
1003 1317 1108 1360 Prop.
1132 1317 1173 1356 ΙΙ,
1198 1317 1256 1355 30,
1281 1316 1338 1350 27.
1359 1328 1448 1361 sqq.‚
1482 1315 1526 1347 de
1547 1326 1615 1359 quo
1645 1313 1711 1347 vid.

186 1370 230 1404 V.
250 1369 289 1401 L.
313 1367 358 1400 ad
381 1365 454 1400 Ecl.
475 1366 536 1407 IV,
562 1365 618 1399 52.
640 1364 737 1408 lVr.)

188 1475 322 1514 adhue
340 1473 494 1526 accepi,
524 1472 650 1510 laetae
676 1471 765 1509 illae
792 1477 830 1509 et
854 1485 919 1509 se-

188 1533 355 1572 cundae.
397 1533 558 1570 numine
573 1561 583 1579 ,
608 1530 729 1568 etiam
744 1529 823 1568 1106
844 1544 919 1582 pro

189 1592 306 1630 ess'ato
328 1590 467 1628 divino
494 1595 534 1627 et
560 1595 680 1627 sorte.
740 1597 920 1638 repostas

189 1649 424 1700 exquisitius
473 1660 593 1698 quam
634 1652 834 1696 remotas,
879 1651 919 1684 et

190 1716 337 1746 tentare
359 1720 478 1757 quam
497 1711 644 1757 petere.

248 1765 501 1807 365—367.
532 1763 643 1801 (lietu
661 1761 795 1813 nefas,
822 1762 923 1800 abo-

190 1822 438 1861 minandum.
490 1819 588 1873 (vid.
629 1821 674 1860 V.
715 1821 756 1858 L.
802 1818 921 1873 lVr.)

192 1881 452 1930 Prodigium,
472 1885 662 1917 eventum
674 1891 811 1916 rerum
825 1892 924 1930 pro-

191 1939 285 1990 digii
324 1938 500 1976 similem.
560 1939 643 1975 iras
675 1936 716 1974 h.
749 1949 780 1975 e.
814 1937 922 1973 cala—

191 1998 391 2045 mitatem,
424 1996 595 2044 malum,
636 2007 687 2032 ex
721 1996 784 2031 ἱνα
811 1994 921 2032 Har-

191 2055 324 2107 pyiae,
355 2055 477 2092 boum
498 2053 618 2091 caede
649 2059 690 2090 et
719 2052 921 2090 Troiano-

191 2127 282 2151 rum
303 2112 421 2150 armis
448 2112 592 2161 laesae,
624 2124 851 2163 poenasque
881 2116 921 2148 et

191 2171 385 2209 ultionem
409 2170 600 2221 parantis.
644 2169 691 2207 cs.
718 2182 806 2219 sup.
837 2166 921 2210 234

192 2243 247 2279 sq.
275 2229 357 2270 245
380 2242 436 2279 sq.
496 2228 705 2265 obscenam
726 2227 919 2278 firmem:

193 2292 386 2337 quatenus
408 2286 459 2323 ad
480 2286 619 2323 ultima
632 2285 785 2323 redacti
801 2285 922 2322 etiam

193 2357 238 2380 ea
259 2344 490 2392 comedent,
522 2356 622 2394 quae
652 2356 839 2380 nauseam
862 2343 924 2380 sa-

194 2402 318 2439 ciunt.
379 2401 463 2449 Sic,
497 2401 683 2438 obscenas
712 2401 847 2449 cibas,
885 2406 925 2437 et

194 2459 361 2495 obst-ena
380 2467 504 2509 pasta
527 2461 617 2496 avis
644 2472 782 2509 upupa
814 2458 923 2509 apud

194 2516 292 2554 Ptin.
325 2517 375 2563 X,
408 2519 462 2558 29
493 2530 522 2553 5.
560 2515 627 2555 44.
688 2516 776 2553 1106
811 2517 922 2553 Serv.

194 2574 374 2612 volebat:
406 2588 508 2624 (succe
530 2573 709 2609 homines
728 2575 849 2610 eliam
867 2573 927 2610 acl

195 2631 361 2668 obscena
388 2631 600 2679 eompellil.

254 2690 511 2729 369-373.
553 2701 703 2737 pat-em
744 2687 924 2724 benevo-

195 2746 356 2784 lentiam
382 2745 466 2793 dei,
507 2750 553 2782 ut
574 2745 649 2781 iam
672 2757 792 2794 supra
815 2745 922 2782 vidi-

195 2818 306 2853 1nus3
355 2803 451 2840 dum
484 2802 690 2840 oraculum
722 2802 924 2852 expetitu—

195 2875 265 2900 rus
300 2866 371 2898 est.
431 2859 748 2898 Sacrificantium
778 2866 817 2896 et
849 2874 922 2896 va-

195 2926 280 2958 tum
323 2918 481 2957 habitus
525 2920 624 2955 villa
657 2917 722 2956 vel
754 2918 888 2967 infida
909 2933 920 2953 .-

832 1365 901 1399 369
921 1364 1082 1410 primum
1104 1364 1223 1396 caesis
1241 1364 1330 1398 Ven.
1351 1369 1386 1395 et
1407 1362 1568 1396 Pan-has.

980 1471 1159 1509 Solvitur
1173 1469 1213 1509 h.
1252 1471 1277 1509 1.
1296 1471 1385 1520 illa,
1416 1469 1599 1522 religioso
1622 1482 1713 1507 mo—

977 1542 1043 1578 re,
1084 1529 1166 1567 sive
1199 1529 1321 1566 animi
1345 1534 1552 1581 respectu,
1593 1540 1712 1578 quem

977 1587 1054 1625 iam
1086 1587 1135 1623 ab
1167 1587 1276 1624 omni
1302 1594 1461 1625 terrena
1495 1587 1603 1624 faece
1635 1599 1711 1624 va-

979 1659 1100 1683 cuum
1127 1645 1201 1682 deo
1230 1644 1302 1683 soli
1333 1658 1477 1682 vacare
1510 1643 1710 1695 significa-

977 1703 1099 1752 bant,
1150 1716 1229 1753 quo
1263 1703 1346 1740 fere
1388 1702 1580 1741 Serviana
1619 1714 1712 1752 spe-

981 1767 1114 1809 ctant,
1146 1761 1210 1799 vel
1236 1767 1434 1811 quatenus
1461 1761 1576 1798 furor
1604 1759 1712 1798 divi—

980 1833 1056 1857 nus
1081 1824 1121 1855 et
1152 1819 1331 1870 corporis
1355 1818 1519 1870 agitatio
1549 1817 1713 1856 vincula

980 1891 1062 1915 non
1085 1877 1249 1914 serebat.
1308 1876 1386 1925 At,
1416 1876 1549 1927 inquit
1570 1875 1711 1924 cerda,

980 1935 1023 1973 in
1052 1934 1138 1972 aliis
1176 1934 1273 1972 locis
1306 1941 1418 1973 vates
1451 1934 1529 1971 iam
1563 1934 1712 1972 vatici-

979 1993 1093 2031 nium
1122 1992 1272 2030 edituri
1303 1995 1414 2030 vittis
1443 1993 1600 2043 ligant,
1632 1994 1712 2028 im-

968 2052 1151 2102 plicant,
1194 2051 1345 2102 caput?
1385 2052 1528 2099 Recte,
1563 2050 1713 2087 scilicet

978 2115 1092 2147 vates
1113 2123 1195 2147 non
1214 2115 1411 2161 perpetuo
1440 2108 1568 2146 vittae
1588 2121 1712 2146 orna-

980 2172 1025 2204 tu
1049 2181 1141 2205 usos
1163 2180 1244 2204 esse
1275 2166 1523 2204 credendum
1553 2171 1611 2203 est
1639 2178 1713 2203 nee

981 2238 1045 2262 eas
1080 2226 1287 2273 sumsisse,
1329 2225 1405 2263 nisi
1441 2238 1526 2263 rem
1557 2236 1713 2262 sacram

980 2284 1178 2332 facturos3
1237 2283 1374 2333 itaque
1418 2283 1594 2320 instante
1633 2281 1713 2319 iam

981 2342 1119 2379 surore
1161 2341 1298 2379 divino
1338 2341 1459 2378 modo
1487 2340 1611 2379 vittas
1641 2352 1713 2376 su-

983 2412 1090 2437 mere
1128 2398 1250 2436 modo
1287 2399 1443 2436 solvere
1481 2402 1712 2435 narrantur.

984 2457 1043 2493 acl
1071 2466 1142 2494 lua
1178 2457 1323 2493 limina
1361 2455 1530 2493 Phoebe.
1613 2455 1711 2491 Erat

980 2514 1101 2563 igitur
1130 2513 1325 2564 >templum
1351 2513 1546 2564 Apollinis
1572 2512 1611 2549 in
1636 2526 1715 2549 110-

980 2585 1032 2608 va
1050 2570 1169 2608 Troia
1189 2571 1240 2608 ad
1263 2571 1491 2621 exemplum
1511 2570 1714 2620 Pergamei

980 2628 1073 2666 sani.
1116 2630 1362 2678 *S'uspensmn
1380 2628 1420 2666 11.
1444 2629 1467 2665 l.
1490 2627 1612 2665 modo
1636 2628 1714 2665 mi-

983 2699 1059 2723 nus
1105 2686 1261 2735 vulgari
1300 2700 1373 2737 pro
1417 2686 1712 2736 perturbatum,

982 2756 1228 2794 percussum,
1261 2742 1415 2781 dicium
1437 2750 1556 2795 puto,
1589 2743 1715 2781 adeo-

983 2814 1060 2850 que
1102 2802 1226 2838 mullo
1261 2816 1499 2851 ,511511611511111
1539 2803 1714 2849 numine,

982 2859 1192 2896 turbatum
1214 2858 1383 2897 horrore
1411 2873 1460 2897 ex
1490 2858 1716 2911 praesentia

982 2915 1058 2957 dei,
1089 2917 1137 2955 cf.
1165 2917 1234 2955 ins.
1268 2917 1331 2966 VI,
1364 2917 1430 2959 45.
1451 2917 1518 2960 54.
1552 2931 1713 2965 numen,
