1779 3420
122 239 224 302 964
448 235 502 284 P.
551 235 912 286 VIRGILII
959 237 1334 289 MARONIS

193 361 462 427 Principio
486 361 702 411 coelum
729 379 786 412 ac
817 371 998 426 terras,
1031 380 1359 432 camposque
1383 365 1653 433 liquentiS,

122 433 529 498 Lucentemque
552 432 779 496 globum
801 436 1008 496 Lunae,
1041 435 1355 502 Titaniaque
1384 447 1534 503 astra,
1550 444 1581 490 7
1586 442 1654 491 25

125 501 350 567 Spiritus
375 502 514 551 intus
543 502 654 565 alit,
696 511 976 569 totamque
1006 503 1179 553 infusa
1202 522 1302 572 per
1327 516 1469 556 artus

122 575 276 622 Mens
298 572 453 636 agitat
475 571 710 636 molem,
743 581 795 622 et
818 588 1016 637 magno
1038 590 1094 622 se
1120 591 1348 641 corpore.
1371 578 1574 630 miscet.

215 700 285 736 724
310 714 353 734 ac
377 701 479 734 ‹leest
505 701 595 734 binis
623 703 807 734 Burmann.
857 710 893 734 et
918 701 1028 735 Goth.
1056 707 1139 735 tert.
1190 711 1328 737 terram
1360 706 1461 739 Rom.
1494 713 1529 740 et
1565 708 1654 740 Gud.

121 761 199 781 cum
225 749 334 782 Goth.
361 761 430 780 sec.
459 757 493 781 et
518 750 642 792 fragm.
674 749 788 783 Vatic.
817 760 836 782 a
870 761 914 781 m.
950 760 1026 793 pr.,
1065 751 1137 791 (est
1173 750 1261 784 haec
1296 751 1395 796 prior
1427 753 1500 786 eius
1534 754 1654 788 lectio.

126 797 222 838 JVr.)
249 803 285 828 at
311 795 354 827 cf.
380 796 509 838 Georg.
535 797 595 838 IV,
621 797 689 831 222
720 798 928 841 Terra-sque
953 803 1170 841 tractusque
1194 800 1308 831 maris
1329 800 1540 846 coelumque
1559 814 1654 847 pro—

112 842 289 888 fundum.
339 844 492 885 <terram
533 842 606 887 legi
648 844 770 876 iubent
810 844 955 877 Wakef.
991 842 1036 875 ad
1069 843 1210 877 Lucret.
1243 846 1303 887 IV,
1337 848 1394 881 70.
1433 853 1469 880 et
1502 848 1654 881 Iahnius.

121 891 213 922 Bene
238 889 348 922 habet
373 889 559 932 singularis
585 902 690 935 supra
716 891 742 931 1,
771 891 848 925 133.
874 892 934 932 lv,
966 892 1065 930 184.;
1091 890 1177 924 alibi
1202 903 1273 925 non
1302 894 1407 933 item,
1433 895 1496 928 cfr.
1512 921 1520 935 ,
1545 907 1654 940 prae-

120 945 174 969 ter
199 937 329 980 Georg.
369 936 391 968 l.
418 936 441 968 l.
469 945 502 969 et
528 940 613 970 Aen.
642 940 666 979 Ι,
691 938 773 979 58.,
800 940 842 979 Q.
868 939 913 972 V.
941 938 1049 974 VIIII.
1075 938 1108 980 2,
1135 938 1168 971 b.
1201 940 1296 984 lVr.)
1346 949 1468 974 terras
1492 943 1654 975 coelum—

120 995 189 1028 que
207 984 438 1029 prosimdum
464 985 592 1017 Donat.
618 985 663 1017 ad
689 987 834 1018 Terent.
850 1010 859 1026 ,
896 983 1112 1018 memoriter.
1140 998 1170 1018 v.
1198 987 1309 1020 Burm.
1407 989 1477 1023 725
1511 991 1654 1035 Ingen—

119 1041 261 1075 temzsue
283 1044 320 1075 g.
348 1031 479 1064 Medio.
506 1044 524 1064 a
550 1045 594 1064 m.
624 1044 676 1076 pr.
710 1039 748 1065 et
786 1031 899 1065 Colot.
936 1034 1006 1076 (est
1039 1043 1080 1064 ea
1112 1033 1212 1076 prior
1245 1033 1354 1068 lectio
1388 1035 1517 1069 Medic.
1556 1037 1653 1081 Wr.)

124 1078 296 1110 Tithonia
321 1078 430 1110 Goth.
456 1085 537 1111 tert.
586 1082 656 1112 Aut
681 1079 798 1113 Solem
823 1079 859 1111 in
886 1080 1046 1113 Titaniis
1069 1080 1173 1113 astris
1198 1080 1312 1114 latere
1346 1089 1408 1115 aut
1446 1085 1654 1127 'Ficanaque

119 1133 155 1157 et
189 1134 294 1157 astra
328 1125 535 1168 legendnm,

116 1219 240 1262 fragm.
278 1220 393 1253 Vatic.
442 1232 462 1253 a
498 1233 542 1253 m.

587 1127 769 1159 contendit
802 1126 1000 1171 Trappius‚
1047 1125 1131 1170 (hoc
1168 1128 1308 1172 quidem
1342 1130 1513 1174 proponit
1547 1131 1653 1163 etiam

119 1172 261 1205 Wukef.
287 1172 331 1204 ad
357 1173 496 1205 Lucret.
524 1175 583 1215 IV,
612 1175 670 1209 70.
703 1176 798 1217 lVr.)
836 1174 899 1206 sed
924 1186 955 1207 v.
982 1175 1065 1207 Not.

580 1233 634 1266 pr.
685 1221 805 1266 effusa
843 1221 943 1254 Leid.
978 1233 1034 1254 un.
1082 1220 1212 1267 infusa
1244 1231 1382 1269 partus
1418 1224 1529 1258 Goth.
1568 1231 1650 1258 tert.

1163 1175 1232 1210 726
1267 1184 1457 1222 tutamque
1490 1179 1528 1210 ιή
1555 1178 1653 1223 saca

117 1267 186 1301 727
212 1267 337 1299 miscet
364 1279 401 1299 se
427 1280 580 1313 corpore
604 1268 693 1301 nihil
719 1268 815 1302 aliud
846 1274 900 1302 est
925 1280 1026 1313 quam
1050 1268 1165 1303 forma
1198 1270 1369 1315 loquendi
1405 1271 1546 1305 doctior
1584 1283 1650 1316 pro

118 1313 272 1358 vulgari,
297 1315 421 1347 miscet
445 1327 483 1347 se
507 1317 665 1362 corpori.

174 1408 258 1450 724
275 1423 359 1461 sqq.
392 1411 447 1448 De
482 1417 569 1451 toto
598 1412 677 1452 hoc
707 1412 855 1451 illustri

116 1466 233 1516 loco,
272 1469 312 1505 in
349 1483 429 1519 quo
467 1471 550 1508 sere
581 1472 855 1524 lnterpretunl

115 1526 380 1564 subtilitatem
419 1528 648 1579 desideres,
690 1531 855 1569 Servius

115 1597 213 1622 vero
246 1586 544 1637 neoplatonicas
585 1590 760 1641 argutias
791 1590 854 1626 af-

114 1643 214 1691 fert,
235 1644 384 1694 partim
407 1652 447 1683 et
466 1648 747 1697 grammaticas
772 1662 852 1686 nu—

113 1715 203 1750 gas,
236 1715 273 1739 v.
297 1702 461 1741 Excurs.
484 1705 573 1743 ΧΠ.
634 1706 710 1744 Hic
727 1706 852 1744 verba

113 1759 422 1810 interpretanda
443 1768 551 1800 sunt.
612 1765 785 1814 spiritus
813 1770 852 1801 et

114 1831 248 1863 mens;
286 1824 334 1854 ut
366 1817 483 1871 Ψυχή
509 1826 548 1856 et
581 1824 720 1871 Νοῦς,
753 1821 792 1859 11.
817 1835 849 1861 e.

113 1874 244 1912 anima
264 1876 428 1925 mundi,
462 1891 563 1928 quae
591 1880 724 1917 onmia
752 1893 849 1931 per-

112 1939 240 1982 meat,
272 1947 443 1985 cumque
471 1937 707 1975 universum
729 1938 851 1976 semel

112 1991 186 2029 sub
208 1995 384 2042 corporis
402 1995 529 2045 specie
545 2003 850 2047 repraesentas-

112 2055 189 2098 set,
216 2058 326 2088 recte
345 2064 418 2102 pro
438 2053 622 2103 partibus
640 2063 751 2092 artus
772 2069 850 2106 po—

112 2108 217 2157 suit3
250 2108 314 2146 Sic
348 2109 397 2146 de
435 2111 560 2149 Terra
594 2113 663 2151 Ge.
693 2113 740 2162 ΙΙ,
765 2114 849 2155 325

113 2191 164 2195 —
184 2169 280 2208 327.
341 2168 628 2208 commentarii
650 2171 738 2210 loco
767 2184 850 2209 esse

110 2231 282 2275 possunt
299 2226 502 2265 Ciceronis
522 2243 660 2267 versus
675 2243 723 2268 ex
739 2231 849 2268 Con-

111 2282 265 2331 sulatu,
296 2284 363 2322 lib.
384 2285 431 2333 Il,
450 2289 492 2323 in
514 2287 563 2324 de
594 2288 680 2327 Div.
715 2288 745 2338 I,
782 2292 847 2330 11.

112 2341 359 2392 Comparant
391 2344 457 2381 alii
490 2345 601 2384 Iliad.
633 2359 668 2395 σ,
695 2346 847 2387 483—

111 2397 208 2439 485.
269 2402 421 2438 eoelum
455 2416 529 2453 pro
568 2417 657 2442 aere
691 2404 847 2442 (lictum

112 2456 182 2493 vix
209 2457 387 2509 dubites,
419 2466 458 2497 et
489 2476 657 2512 campos
686 2464 847 2514 liquen-

112 2522 183 2562 tes,
218 2529 293 2566 pro
316 2518 429 2566 mari,
463 2525 520 2565 ut,
546 2533 697 2571 aequor
718 2534 847 2571 aqua-

110 2585 215 2609 rum.
288 2572 398 2625 (alibi
451 2581 592 2628 campi
641 2587 843 2627 nalanles,

114 2629 194 2667 vid.
223 2630 375 2670 Wakes.
398 2633 448 2671 ad
479 2635 635 2674 Lucret.
669 2637 716 2685 V,
749 2635 847 2677 489.

116 2688 238 2738 Wr.)
298 2690 342 2726 In
389 2699 535 2740 quarto
579 2700 716 2731 tamen
766 2695 847 2731 ele—

112 2752 249 2784 mento
298 2749 563 2787 extundendo
610 2752 848 2790 laborarunt

113 2804 387 2843 Grammatici.
458 2807 581 2844 Docta
638 2822 690 2846 ex
747 2816 846 2847 vett.

113 2870 327 2902 comment.
353 2872 512 2902 servata
534 2872 628 2903 nota
648 2873 708 2903 est
738 2867 848 2916 apud

112 2921 390 2972 Pomponium,
411 2923 481 2960 ubi
500 2923 604 2961 inter
622 2925 717 2961 alia:
747 2925 847 2973 „Ri-

113 2978 292 3018 diculum
332 2987 392 3019 est
441 2982 658 3033 intelligere
695 2984 848 3022 caelum

914 1427 989 1465 pro
1009 1411 1159 1464 duplici
1177 1412 1395 1461 elemento,
1418 1413 1461 1451 id
1483 1420 1542 1451 est
1561 1427 1652 1453 aere

914 1478 952 1509 et
972 1470 1148 1509 aethere.
1193 1471 1386 1510 Aemilius
1411 1473 1536 1524 Asper
1560 1486 1650 1510 cum

912 1529 1024 1568 hunc
1044 1529 1179 1568 locum
1208 1537 1445 1579 annotaret,
1488 1531 1544 1568 sic
1578 1532 1650 1569 ait:

911 1588 1119 1638 „Membra
1148 1595 1315 1627 natm-ae
1345 1589 1401 1626 sic
1430 1589 1529 1627 solet
1554 1589 1650 1627 iun-

912 1660 1003 1698 gere
1029 1646 1241 1697 Virgilius,
1275 1653 1321 1685 ut
1348 1648 1389 1684 in
1429 1648 1507 1685 tria
1538 1647 1648 1686 divi-

912 1705 1010 1753 dat,
1051 1719 1145 1744 nain
1183 1712 1221 1742 et
1260 1705 1381 1744 alibi:
1429 1708 1562 1743 maria
1599 1720 1649 1743 ac

910 1772 1035 1801 terras
1077 1764 1314 1815 caelumque
1354 1765 1609 1814 profundum
1629 1780 1646 1810 ,-

909 1821 1083 1858 Ennium
1107 1828 1325 1871 sequutus,
1359 1823 1427 1872 qui
1458 1822 1533 1859 ait:
1566 1822 1645 1869 Qui

908 1885 981 1917 tuo
1004 1878 1154 1917 lumine
1188 1892 1318 1928 mare,
1350 1885 1522 1928 terram,
1555 1893 1647 1917 cae-

909 1937 1018 1986 lum,
1051 1937 1268 1976 contines.“
1336 1939 1502 1975 Τι’ίαηία
1520 1946 1643 1976 astra.

909 1995 971 2034 Ex
1005 1995 1053 2033 iis
1075 2025 1086 2045 ,
1134 2008 1236 2046 quae
1278 1995 1386 2047 apud
1422 1996 1646 2034 Diodorum

909 2059 1173 2104 exponuntur
1213 2053 1356 2107 (altero
1391 2054 1479 2092 loco
1510 2054 1556 2103 V,
1590 2058 1644 2097 66

907 2112 1044 2150 fabula
1079 2111 1264 2161 Cretica,
1319 2112 1446 2150 altero
1487 2113 1554 2162 Ill,
1589 2114 1644 2154 57

908 2169 1099 2223 Libyca),
1130 2170 1232 2208 nihil
1260 2171 1374 2208 facile
1406 2170 1488 2209 huc
1518 2184 1643 2209 revo-

909 2230 991 2267 cari
1013 2235 1167 2281 potest,
1198 2243 1298 2278 nec,
1330 2229 1462 2267 sidera
1492 2229 1543 2266 ad
1573 2229 1643 2266 Ti-

906 2295 1020 2326 tanes
1057 2287 1227 2337 referri,
1281 2288 1528 2338 scriptorum
1566 2301 1643 2325 usu

906 2352 966 2384 est
1023 2346 1238 2397 cognitum.
1305 2345 1432 2397 Igitur
1479 2346 1642 2384 Servius

907 2404 1155 2455 sequendus,
1187 2404 1257 2454 qui
1289 2404 1415 2442 altero
1444 2404 1533 2442 loco
1564 2404 1641 2440 So—

906 2464 985 2500 lem
1003 2463 1310 2514 interpretatur.
1371 2463 1532 2501 Dictum
1562 2463 1641 2499 sci-

906 2521 999 2558 licet
1018 2522 1175 2573 poetico
1200 2534 1312 2558 more
1343 2535 1442 2572 pro,
1488 2529 1642 2558 astrum,

915 2581 1150 2627 Tilarzilcm,
1182 2578 1222 2617 h.
1259 2592 1289 2617 e.
1325 2579 1466 2628 Titan,
1498 2578 1638 2629 Hype-

906 2637 996 2674 rion
1019 2651 1089 2675 seu
1117 2638 1205 2685 Sol,
1238 2644 1284 2674 ut
1314 2637 1380 2684 IV,
1417 2639 1509 2677 119.
1570 2636 1639 2672 Ti-

906 2695 1017 2733 tania
1058 2696 1170 2732 Luna
1207 2695 1271 2733 vel
1314 2695 1439 2731 Diana
1483 2693 1639 2745 saepius

908 2753 1119 2799 occurrit,
1173 2752 1375 2803 Apollonii
1426 2752 1638 2796 exemplo:

913 2811 1073 2862 Τιτηνὶς
1092 2810 1158 2847 lib.
1176 2811 1241 2857 IV,
1265 2809 1331 2859 54,
1353 2811 1421 2848 ubi
1444 2825 1482 2849 v.
1505 2809 1637 2848 Schol.

907 2869 1038 2919 (aslm
1079 2882 1160 2906 non
1199 2874 1308 2906 recte
1339 2869 1536 2921 acceperis
1563 2882 1638 2920 pro

908 2940 990 2963 uno
1035 2927 1125 2963 Sole
1163 2926 1350 2977 (lictum,
1393 2933 1488 2964 sunt
1528 2926 1638 2973 haec,

916 2986 1161 3037 Titaniaque
1190 2994 1326 3036 astra,
1369 2986 1426 3023 ita
1455 2985 1639 3037 superio—
