1827 3436
405 191 815 247 AENEIDOS
853 190 999 239 LIB.
1038 190 1104 250 ll,
1141 193 1418 240 360—376
1585 197 1680 242 321

170 330 518 391 Victoresque
547 319 742 370 cadunt
762 317 941 368 Danai.
1018 313 1264 364 Crudelis
1289 313 1492 380 ubique

169 404 387 458 Luctus,
423 393 624 457 ubique
644 405 835 457 pavor,
877 395 929 435 et
950 384 1179 451 plurima
1201 383 1389 431 mortis
1414 385 1603 448 imago.

237 467 445 518 Primus
464 479 534 525 se,
555 464 800 511 Danaum
821 472 1012 521 magna
1034 454 1321 503 comitante
1344 462 1564 517 caterva,
1585 461 1686 506 370

169 537 484 601 Androgeos
508 529 689 580 obfert
707 528 891 590 nobis,
931 525 1071 575 socia
1092 523 1301 589 agmina
1327 523 1552 573 credens

169 607 394 668 Inscius,
436 612 595 668 atque
615 600 756 650 ultro
776 598 952 648 verbis
973 594 1244 661 conpellat
1269 594 1471 644 amicis:

169 677 460 737 Festinate‚
498 672 619 732 viri3
657 687 782 718 nam
808 684 944 736 quae
965 676 1073 715 tam
1094 682 1210 714 sera
1235 672 1480 713 moratur

173 746 464 812 Segnities?
503 742 586 791 alii
606 741 819 806 rapiunt
839 741 1054 787 incensa
1079 735 1371 800 feruntque

170 823 451 881 Pergama:
471 829 566 861 vos
582 811 731 860 celsis
749 825 891 858 nunc
912 808 1149 874 primum
1174 823 1199 853 a
1224 803 1444 852 navibus
1460 804 1691 856 itis?375

169 888 330 945 Dixit;
370 893 422 934 et
454 881 723 947 extemplo
754 885 957 945 (neque
983 878 1128 926 enim
1150 891 1407 940 responsa
1429 873 1692 923 dabantur

241 974 357 1021 371.
394 969 719 1015 ANDROGEUS

265 1087 336 1122 369
360 1085 478 1118 noctis
501 1085 621 1129 imago
647 1081 780 1125 aliquot
803 1079 897 1124 apud
917 1078 1009 1110 Pier.
1036 1076 1185 1121 (Clercq.
1206 1075 1240 1108 in
1259 1075 1358 1108 Obss.
1378 1075 1422 1106 ad
1448 1074 1576 1106 Lucan.
1597 1085 1693 1118 spec.

176 1137 218 1168 11.
238 1148 272 1179 p.
298 1135 353 1169 65.
380 1143 470 1165 corr.
493 1130 620 1163 lurida
640 1136 745 1162 mort.
763 1128 821 1159 im.
851 1126 948 1169 ll‘r.)
1043 1126 1114 1160 370
1140 1124 1285 1155 Primus
1308 1122 1373 1154 sed
1395 1121 1564 1154 Rottend.
1613 1133 1693 1153 ma-

173 1195 251 1229 gna
280 1185 451 1213 Danaum
482 1176 630 1209 Dorvill.
726 1175 794 1209 371
820 1173 1045 1217 Androgeus
1069 1169 1252 1213 rescripsit
1282 1169 1401 1201 Heius.
1432 1175 1513 1212 post
1541 1167 1695 1200 Pierium

175 1242 249 1263 cum
267 1227 366 1261 libris
384 1224 596 1270 potioribus.
647 1221 762 1265 Vulgo
784 1220 1018 1264 Androgeos.
1051 1230 1083 1250 v.
1107 1217 1225 1249 Heius.
1262 1216 1498 1260 (Androgeos
1518 1214 1626 1247 Palat.
1659 1221 1695 1247 et

175 1275 285 1310 Paris.
305 1275 338 1308 3.
388 1272 560 1305 Firmatur
584 1270 672 1302 haec
695 1267 802 1300 lectio
821 1266 931 1299 Servii
963 1265 1177 1308 aliorumque
1201 1259 1510 1296 Grammaticorum
1528 1262 1696 1294 testimo-

176 1324 258 1362 niis3
285 1321 354 1354 vid.
378 1318 497 1352 Heius.
546 1317 654 1349 Iidem
683 1313 907 1348 Grammatici
936 1312 1025 1343 infra
1045 1312 1104 1351 Vl,
1129 1312 1186 1345 ΞΟ.
1216 1317 1354 1342 tuentur
1384 1308 1584 1341 Genitivum
1612 1311 1695 1342 An-

178 1371 326 1416 drogeo.
377 1368 452 1407 Qua
472 1365 508 1396 in
526 1376 565 1396 re
591 1363 678 1395 istos
698 1374 768 1394 non
789 1372 887 1393 suum
906 1358 1091 1397 iudicium,
1117 1357 1181 1390 sed
1205 1356 1316 1389 libros
1339 1368 1420 1388 mss.
1447 1362 1586 1388 secutos
1608 1367 1694 1394 esse,

179 1430 219 1449 ex
246 1428 288 1449 eo
308 1413 530 1447 manifestum
559 1417 632 1450 est,
667 1409 761 1453 quod
792 1408 897 1440 iidem
926 1412 1048 1438 nostro
1074 1404 1167 1437 libro
1189 1416 1238 1437 vs-
1270 1404 1351 1438 392.
1380 1403 1574 1448 Androgei
1599 1402 1695 1435 inta—

179 1471 271 1496 ctum
294 1461 516 1504 relinquunt,
543 1457 590 1490 ita
613 1458 768 1489 variasse
786 1453 975 1498 Virgilium
992 1452 1205 1484 dictitantes.
1231 1451 1313 1483 Cum
1326 1450 1568 1482 Grammaticis
1591 1450 1696 1494 plane

178 1508 356 1543 consentit
376 1506 499 1547 Palat„
522 1505 557 1537 in
577 1515 645 1548 quo
668 1504 771 1536 etiam
799 1503 877 1537 382.
897 1500 1128 1544 Androgeos,
1154 1499 1235 1533 392.
1258 1497 1472 1542 Androgei,
1498 1503 1533 1528 et
1554 1498 1613 1537 VI,
1638 1498 1695 1531 ΞΟ.

177 1558 388 1601 Androgeo.
438 1554 482 1585 Et
508 1551 537 1584 si
558 1551 718 1594 vulgares
740 1550 869 1581 formas
890 1546 1055 1579 Heinsius
1074 1546 1108 1577 in
1129 1543 1386 1589 antiquioribus
1410 1543 1479 1575 suis
1499 1543 1599 1575 libris
1615 1555 1696 1575 mss.

179 1602 328 1642 invenit,
356 1602 504 1633 Graecas
524 1598 560 1630 in
582 1596 839 1630 recentioribus
853 1621 861 1636 ‚
894 1593 1073 1627 Palatinus
1103 1592 1180 1625 cod.
1200 1590 1300 1624 testis
1320 1598 1392 1632 est,
1416 1601 1486 1622 non
1513 1590 1548 1622 in
1569 1602 1698 1623 recen-

178 1651 286 1684 tiores
313 1649 449 1681 demum
472 1646 583 1678 libros
605 1644 695 1677 hanc
723 1643 929 1686 scripturam
958 1640 1091 1673 illatam
1124 1651 1211 1671 esse.
1260 1639 1380 1681 Itaque
1410 1638 1516 1670 satius
1544 1637 1624 1669 duxi
1654 1637 1698 1670 ad

177 1697 271 1730 illius
293 1694 535 1729 auctoritatem
560 1703 615 1724 me
646 1691 712 1724 hac
741 1690 776 1722 in
810 1701 848 1722 re
875 1698 1098 1732 componere.
1147 1687 1192 1718 Et
1227 1685 1419 1717 Demoleos
1440 1684 1531 1716 infra
1550 1686 1593 1725 V,
1618 1684 1698 1719 265.

178 1745 246 1777 iam
269 1742 361 1786 apud
381 1739 633 1782 Quintilianum
661 1743 784 1770 exstat.
834 1735 1029 1779 Λζγαιιεο,
1054 1730 1271 1772 Ἀλυάττεω,
1309 1731 1523 1763 reddiderim
1549 1731 1697 1763 Horatio

179 1791 244 1825 Od.
263 1791 320 1830 ΙΙΙ,
349 1790 401 1828 16,
426 1788 483 1823 41.
514 1785 610 1828 Wr.)
660 1797 698 1817 Se
722 1783 829 1828 offert
847 1782 907 1815 alii
929 1781 1021 1826 apud
1039 1780 1129 1813 Pier.
1180 1779 1286 1823 effert
1314 1780 1450 1821 Hugen.
1546 1779 1615 1812 372
1637 1777 1698 1823 as-

170 1837 283 1884 fatur
305 1835 420 1879 Bigot.
516 1833 585 1868 373
612 1841 685 1864 tam
704 1831 806 1863 lenta
828 1829 946 1869 Witt.,
973 1827 1035 1860 sed
1058 1827 1093 1860 in
1112 1838 1220 1869 marg.
1241 1838 1336 1858 sera.
1419 1825 1488 1859 375
1515 1837 1612 1857 nunc
1633 1825 1699 1856 de-

180 1892 231 1917 est
248 1885 387 1926 Menag.
436 1894 459 1914 α
483 1880 581 1913 deest
596 1878 759 1912 Parrhas.
787 1883 822 1909 et
845 1876 954 1908 Goth.
979 1881 1060 1907 tert.
1109 1886 1208 1906 nunc
1224 1874 1381 1918 primum
1414 1872 1522 1904 celsis
1547 1884 1569 1904 α
1588 1873 1699 1904 navi-

180 1931 246 1964 bus
260 1933 341 1963 Exc.
360 1931 473 1961 Burm.
524 1939 589 1960 vos
616 1937 716 1958 nunc·
745 1937 768 1957 a
796 1922 955 1957 navibus
981 1923 1097 1954 Lutat.
1127 1921 1171 1953 ad
1201 1923 1288 1952 Stat.
1318 1920 1383 1951 VII
1414 1918 1529 1950 Theb.
1546 1919 1626 1953 229.
1677 1932 1699 1951 a

176 1977 360 2024 puppibus
378 1976 501 2009 Hamb.
522 1986 593 2007 sec.
642 1975 678 2005 In
699 1972 766 2004 fine
787 1982 906 2004 versus
927 1968 1243 2012 interrogationem
1262 1965 1396 1999 addunt
1418 1965 1487 1998 duo
1507 1965 1698 1998 Heinsiani.

178 2026 248 2060 376
271 2036 388 2070 neque
409 2025 481 2056 iam
506 2021 619 2065 Bigot.

181 2121 277 2162 481.
348 2118 466 2156 Petiit
516 2116 612 2154 hinc
659 2115 821 2152 Tacitus
871 2113 911 2150 in

182 2178 310 2229 Agris.
335 2179 401 2218 37.
432 2176 480 2213 de
498 2173 701 2213 Britannis
722 2171 911 2223 fugienti-

181 2236 276 2273 bus:
317 2242 353 2271 et
388 2232 609 2285 aliquando
638 2233 759 2268 eliam
797 2231 912 2266 vietis

183 2296 245 2331 ira
264 2295 477 2343 virlusqzte.
503 2289 738 2342 (quondam,
753 2287 777 2324 i.
793 2300 824 2324 e.
838 2300 909 2324 suo

181 2358 381 2402 tempore3
422 2348 504 2386 vid.
523 2347 656 2385 Hand.
679 2346 731 2383 ad
750 2346 846 2382 Stat.
871 2345 908 2381 S.

182 2410 229 2458 Π,
244 2412 309 2450 67.
328 2406 439 2460 Wr.)
482 2408 577 2448 368.
597 2406 692 2446 369.
732 2402 912 2441 Crudelis

183 2468 335 2513 luctus,
369 2470 414 2503 ut
435 2479 579 2501 saevus
604 2462 737 2510 dolor,
773 2460 841 2511 qui
870 2460 911 2496 in

184 2539 255 2562 nos
273 2523 408 2562 saevit.
436 2523 619 2573 plurima
643 2521 778 2557 morli-3
803 2520 911 2555 ima-

181 2596 258 2633 go,
307 2581 347 2619 h.
383 2593 414 2618 e.
453 2580 597 2631 ubique
637 2577 775 2616 caedes
808 2577 911 2613 facta

187 2639 383 2687 cernitur3
409 2638 552 2690 passim
571 2649 775 2674 caesorum
790 2633 912 2671 cada—

186 2710 277 2735 vera
290 2696 479 2748 proiecta.
511 2695 632 2746 Magis
650 2693 730 2731 hoc
751 2705 911 2730 accom-

188 2754 394 2792 modatum
413 2752 762 2800 antecedentibus,
793 2762 913 2800 quam

187 2811 316 2849 varias
359 2811 488 2850 caedis
518 2812 669 2850 formas
702 2815 742 2846 et
770 2820 915 2859 genera

186 2869 412 2920 intelligere.

215 2929 308 2967 370.
321 2927 555 2977 Androgeos
567 2925 659 2963 alibi
671 2937 753 2961 non
770 2935 915 2960 occur—

254 2995 460 3043 VIRGIL.
501 2994 642 3041 ΤΟΜ.
680 2990 742 3040 ΙΙ.

972 2111 1025 2149 rit
1043 2111 1082 2148 in
1112 2108 1275 2147 Troicis.
1307 2107 1550 2158 Pomponius
1583 2108 1699 2144 Sabi-

971 2182 1047 2206 nus
1061 2184 1068 2205 ;
1084 2169 1197 2204 miles
1208 2165 1425 2213 stlnesffzei,
1444 2166 1557 2202 ducis
1569 2165 1699 2202 Allze-

970 2239 1141 2272 narnm,·
1166 2223 1299 2262 nescio
1315 2223 1422 2260 unde
1441 2222 1596 2260 habeat.
1629 2223 1699 2259 Di—

971 2297 1111 2322 versus
1138 2288 1197 2319 est
1231 2280 1375 2318 Minois
1408 2280 1512 2318 filius
1535 2280 1598 2328 VI,
1630 2283 1699 2321 20.

972 2345 1067 2383 373.
1098 2355 1196 2377 nam
1229 2353 1345 2390 qaae,
1388 2351 1489 2388 quae
1517 2337 1699 2387 taudem3

971 2413 1009 2438 v.
1041 2398 1092 2435 ad
1123 2399 1191 2436 Ge.
1219 2397 1284 2445 IV,
1312 2394 1408 2438 445.
1477 2395 1571 2436 374.
1606 2398 1699 2433 Ha—

967 2456 1327 2508 pizmtferzmtque,
1361 2450 1505 2507 ἄγουσι
1532 2452 1598 2493 καὶ
1624 2453 1700 2504 φέ-

970 2527 1098 2567 ρουσι,
1130 2520 1175 2551 ut
1203 2519 1358 2550 notum.
1399 2525 1436 2549 v.
1463 2511 1525 2549 vel
1560 2512 1698 2549 Cerda.

971 2573 1180 2620 Quaenam
1230 2569 1412 2621 segnities
1460 2575 1543 2606 tam
1598 2584 1671 2606 ser(
1699 2599 1707 2618 ,

970 2643 1070 2681 quae
1099 2643 1206 2668 seros
1226 2628 1330 2676 facit,
1362 2626 1403 2664 id
1438 2633 1516 2675 est,
1548 2627 1697 2665 tardos.

968 2690 1080 2726 Serv.

1032 2749 1126 2788 376.
1164 2746 1374 2794 Responsa
1403 2756 1481 2778 non
1501 2742 1598 2789 fida
1627 2756 1698 2778 sa-

973 2806 1046 2851 tis,
1113 2802 1258 2853 quibus
1296 2798 1395 2836 fides
1434 2798 1570 2836 haberi
1618 2813 1697 2835 11011

972 2866 1125 2913 potest,
1156 2872 1256 2910 quae
1281 2857 1402 2894 fidem
1432 2870 1512 2894 11011
1534 2856 1698 2903 faciunt,

974 2919 1151 2969 adeoque
1172 2920 1363 2968 suspecta.
1394 2914 1585 2966 Respexit
1604 2926 1697 2950 ver-

1352 2983 1415 3027 21
