1811 3388
418 164 827 216 AENEIDos
869 169 1009 222 ΜΒ.
1053 175 1140 238 vl,
1176 182 1466 238 201-213

1600 200 1697 247 883

181 284 248 333 Et
270 300 461 336 croceo
485 287 601 338 fetu
626 292 805 341 teretis
831 294 1162 349 circumdare
1185 310 1424 360 truncos:

182 353 320 402 Talis
353 365 461 405 erat
484 360 690 424 species
718 363 829 412 auri
850 363 1152 418 frondentis
1174 388 1337 438 opaca

177 421 329 482 Ilice3
367 426 438 475 sic
460 426 567 477 leni
599 432 888 497 crepitabat
910 435 1121 488 bractea
1148 452 1324 495 vento.

179 493 422 560 Com-ipit
449 501 656 548 Aeneas
683 504 973 570 extemplo,
1012 509 1301 578 avidusque
1322 514 1566 583 refringit
1590 531 1691 577 210

176 562 556 631 Cunctantem,
601 579 653 619 et
681 573 809 620 vatis
831 585 1008 640 portat
1027 579 1124 627 sub
1151 589 1285 632 tecta
1313 585 1555 650 Sibyllae.

242 634 352 682 Nec
374 638 551 686 minus
573 639 775 691 interea
797 645 1064 697 Misenum
1090 649 1141 697 in
1167 650 1324 703 litore
1348 658 1540 709 Teucri

259 843 330 878 207
351 854 494 880 veteres
512 860 543 882 c.
579 862 632 894 pr.
660 852 829 887 Rottend.
860 867 879 888 a

167 898 210 920 ex
235 887 563 936 interpretamento.
614 906 829 934 truncorum
848 902 896 934 eti

165 934 340 970 divellere
371 947 525 983 trunco,
563 955 604 976 ex
633 944 702 978 hoc
727 946 804 991 ipso
831 948 923 982 locO.

123 752 126 755 ,
170 700 421 770 Flebant,
469 717 521 758 et
549 709 713 761 cineri
736 712 942 778 ingrato
965 733 1214 786 suprema
1235 721 1494 780 ferebant.

899 867 944 889 m,
970 869 1052 897 sec„
1078 859 1178 894 male.
1226 875 1256 897 c.
1278 876 1400 900 ramos
1418 867 1554 913 aliquot
1578 871 1682 920 Pier.,

899 915 953 937 am
972 905 1070 938 ovid.
1094 907 1180 941 Met.
1199 908 1297 953 XIV,
1333 914 1399 948 115
1419 916 1598 962 iussitque
1615 932 1682 955 suo

1018 953 1086 987 209
1118 954 1192 988 lem·
1215 968 1284 993 sec.
1313 959 1441 994 Moret.
1471 963 1580 997 Goth.
1610 978 1679 1000 sec.

163 981 256 1014 Ilice
286 983 353 1016 sub
380 986 453 1019 levi
477 989 640 1023 Parrhas.
689 992 756 1025 sub
788 995 864 1027 leni
896 996 1004 1031 Witt.
1036 1006 1070 1030 et
1101 1001 1187 1034 Ven.
1236 1006 1466 1050 crepitabant
1489 1010 1607 1045 Heius.
1637 1025 1679 1047 ex

163 1028 265 1061 codd.
286 1033 445 1075 protulit,
476 1043 511 1068 ut
530 1038 757 1081 exquisitiore
778 1047 813 1073 et
834 1041 993 1076 doctiore
1024 1045 1162 1080 ratione
1194 1049 1324 1083 dictum
1348 1053 1416 1096 sit,
1453 1055 1533 1090 dum
1559 1058 1677 1103 plures

163 1083 281 1108 essent
303 1078 477 1113 bracteae.
525 1083 685 1117 Adstruit
703 1086 795 1119 idem
819 1089 936 1123 multis
957 1093 1143 1137 exemplis»,
1179 1107 1267 1139 quae
1289 1105 1401 1132 tamen
1421 1100 1588 1149 pleraque
1618 1107 1677 1140 di·-

160 1122 253 1154 versi
272 1126 409 1167 generis
433 1134 532 1171 sunt,
558 1130 768 1175 elegantiam
789 1134 889 1176 hanc,
926 1137 1020 1170 cuius
1041 1141 1246 1175 suavitatem
1274 1145 1390 1179 fateor
1412 1159 1466 1180 me
1489 1150 1572 1183 satis
1588 1165 1674 1196 per-

160 1167 279 1212 cipere
300 1183 368 1204 non
389 1185 504 1217 posse.
556 1178 604 1209 Ex
621 1178 733 1212 altera
754 1188 855 1224 parte
872 1182 1093 1218 librariorum
1113 1187 1274 1222 ludibriis
1296 1191 1413 1235 plures
1435 1194 1537 1229 huius
1561 1210 1674 1242 gene-

158 1214 205 1247 ris
230 1216 378 1251 deliciae
408 1220 631 1266 iniputandae
661 1225 832 1261 videntur.
881 1231 994 1264 Etiam
1016 1231 1049 1264 h.
1071 1233 1095 1266 l.
1117 1236 1320 1280 crepitabat
1348 1248 1400 1273 est
1423 1240 1458 1273 in
1484 1253 1672 1287 praestan-

156 1260 305 1296 tioribus
327 1267 453 1300 Medic.
481 1275 516 1301 et
543 1271 657 1313 Rom„
690 1273 748 1317 qui
779 1274 939 1310 diversae
968 1285 1085 1312 sectae
1105 1281 1242 1316 codices
1260 1283 1289 1317 si
1316 1284 1351 1318 in
1380 1288 1524 1323 eandem
1543 1291 1671 1326 lectio-

155 1319 232 1341 nem
255 1313 475 1356 conspirant‚
502 1316 586 1349 satis
613 1330 750 1361 gravem
771 1323 1015 1358 auctoritatem
1035 1326 1175 1362 habent.
1225 1331 1335 1364 Porro
1357 1332 1512 1378 brattea,
1544 1340 1595 1381 (ut
1617 1344 1670 1374 est

154 1353 189 1387 in
213 1357 339 1391 Medic.
369 1361 465 1404 IVr.)

153 1401 267 1436 doctis
290 1405 487 1441 hominibus
512 1410 631 1454 quidni
649 1420 812 1456 expectes
825 1441 834 1456 ,

152 1449 236 1493 (vid.
257 1452 298 1491 Q.
320 1454 363 1487 v.
387 1455 478 1495 vni,
504 1458 538 1497 2,
565 1457 598 1490 b.
630 1460 723 1503 πῆ.)

150 1507 215 1528 nee
235 1497 410 1542 displicet.
438 1501 509 1545 (hic
533 1504 620 1537 ordo
643 1513 696 1538 est
713 1507 747 1539 in
768 1508 898 1549 Palat.;

149 1550 292 1585 praeter
321 1558 424 1579 unum
455 1550 615 1583 Parthas.
651 1554 748 1596 JVr.)
797 1556 938 1602 reficgit
966 1559 1072 1592 Goth.
1103 1566 1183 1595 tert.

491 1361 638 1405 bratea,
668 1364 842 1410 brathea,
869 1368 1057 1413 brachtea,
1093 1375 1248 1410 scribunt
1274 1377 1421 1414 librarii.
1471 1387 1499 1415 A
1520 1391 1591 1418 tam
1610 1386 1670 1420 in—

860 1428 924 1460 pro
947 1418 1074 1462 plurali
1102 1422 1241 1456 nomine
1264 1424 1333 1458 hoc
1356 1426 1511 1462 habitum
1533 1432 1668 1470 fuisse?

818 1463 889 1498 210
909 1467 1088 1511 extemplo
1112 1472 1259 1503 Aeneas
1284 1472 1401 1517 vulgg.
1431 1483 1512 1509 ante
1532 1478 1665 1524 Heins.,

936 1512 998 1544 sed
1018 1516 1111 1546 Aen.
1132 1524 1203 1549 ext.
1233 1517 1269 1550 in
1291 1521 1449 1554 omnibus
1467 1524 1664 1561 Heinsianis

1287 1567 1353 1600 211
1391 1570 1598 1605 sectantem
1623 1587 1664 1607 ex

151 1590 318 1624 Waddel.
337 1593 515 1628 Animadv.
539 1597 613 1632 crit.
636 1612 717 1644 pag.
739 1602 784 1636 22
804 1612 975 1637 memorat
1000 1607 1126 1651 Burm.,
1152 1608 1310 1644 inutilem
1327 1625 1410 1647 sane
1439 1619 1662 1653 emendatio-

146 1647 237 1671 nem.
288 1642 382 1672 votis
402 1642 574 1677 Montalb.

676 1648 745 1681 213
771 1661 965 1695 supprema
994 1653 1094 1686 Rom.
1124 1661 1160 1686 et
1186 1656 1333 1699 Zulich.,
1374 1661 1494 1704 (etiam
1521 1666 1661 1710 Media,

146 1683 208 1715 sed
235 1683 345 1719 altera
361 1700 387 1732 p
408 1698 537 1732 puncto
559 1698 690 1727 notata.
720 1697 817 1740 Wr.)
844 1708 885 1729 ex
904 1700 1193 1741 pronuntiatione
1219 1716 1262 1737 an
1282 1716 1323 1738 ex
1342 1706 1433 1742 falso
1453 1709 1593 1756 timore,
1616 1726 1660 1748 ne

143 1737 292 1764 metrum
320 1741 450 1769 rueret.

141 1849 257 1887 nere,
298 1852 372 1878 nec
397 1842 529 1881 minus
557 1850 692 1884 tamen
721 1847 763 1886 in
787 1850 871 1888 aliis

140 1894 369 1946 arboribus,
421 1901 542 1939 ramis
585 1905 715 1943 enasci
740 1908 868 1958 solito,

138 1952 248 1989 unde
277 1955 475 2005 glutinum
497 1967 688 2011 paratur,
721 1976 771 2001 ex
801 1964 868 2002 hi—

138 2010 263 2047 storia
311 2015 487 2053 naturali
531 2019 642 2056 notio
679 2022 864 2071 petenda.

136 2066 264 2105 Notae
283 2076 378 2108 sunt
401 2073 669 2125 antiquorum,
692 2079 866 2117 maxime

138 2137 159 2160 a
191 2125 351 2164 Druidis
373 2130 578 2182 vulgatae,
609 2136 864 2185 superstitio-

134 2194 216 2224 nes.
277 2184 337 2222 Ex
365 2188 538 2238 antiquis
570 2204 608 2229 v.
629 2192 729 2234 Plin.
753 2194 860 2244 XVI,

132 2238 188 2279 44
210 2254 239 2278 s.
263 2243 331 2291 93,
352 2249 390 2281 et
406 2246 551 2295 XXIV,
575 2247 601 2288 4
620 2263 648 2287 S.
678 2252 716 2291 6.
763 2254 859 2293 206.

131 2298 241 2348 quod
254 2313 332 2337 non
355 2316 431 2339 sua
452 2307 623 2342 seminat
640 2307 771 2355 arbos,
806 2322 857 2348 ex

129 2360 266 2393 vetere
308 2358 515 2410 opinione,
565 2363 662 2400 salsa
699 2371 855 2406 tamen:

126 2411 226 2454 Plin,
254 2413 279 2451 l.
312 2429 343 2453 c.
376 2417 549 2456 Omnino
567 2430 701 2459 aulem
720 2432 854 2462 satum

127 2467 315 2525 (viscum)
357 2477 468 2513 nullo
507 2479 624 2515 modo
657 2483 848 2531 nascitur,

123 2541 195 2565 nec
224 2531 306 2566 nisi
331 2546 407 2581 per
432 2534 572 2572 alvum
594 2539 734 2575 avium
760 2540 852 2576 recl-

123 2584 251 2623 clitum
270 2592 445 2627 maxime
463 2593 673 2641 palumbis
695 2610 745 2633 ac
765 2605 851 2635 lur-

123 2642 199 2679 slis.
264 2646 366 2684 Satis
396 2662 504 2686 nunc
537 2658 694 2690 constat
731 2654 851 2705 plan—

121 2704 202 2737 tam
231 2714 312 2739 esse
342 2707 617 2757 parasiticai'n,
651 2710 762 2749 euius
786 2726 849 2750 se-

119 2757 227 2795 mina
247 2773 338 2798 aves
366 2770 562 2814 appetunt
583 2773 620 2804 et
642 2767 846 2809 interdum

115 2822 249 2854 rostro
283 2818 515 2871 absportata
551 2824 591 2861 in
625 2827 745 2864 ramis
772 2842 844 2866 ar-

113 2871 257 2911 borum
270 2881 309 2913 et
322 2879 470 2917 cortice
491 2880 711 2933 deponunt.
742 2884 844 2925 Male

929 1848 1072 1903 habet,
1120 1854 1229 1904 quod
1270 1856 1404 1898 Heins.
1442 1867 1482 1900 et
1518 1863 1654 1907 Burm.

927 1909 980 1947 ad
1026 1912 1242 1962 aucupium
1291 1915 1418 1956 delabi
1470 1927 1653 1971 potuere.

925 1965 1102 2006 brumali
1106 1969 1285 2020 frigore,
1319 1978 1418 2012 tunc
1437 1978 1542 2015 enim
1563 1993 1652 2018 ma-

923 2029 1064 2062 turum
1103 2032 1173 2065 est.
1202 2028 1312 2066 Serv.
1383 2036 1478 2074 207.
1517 2050 1651 2076 croceo

909 2081 1019 2131 fidu,
1038 2095 1087 2119 ex
1104 2089 1249 2121 natura
1268 2086 1376 2126 visci.
1388 2089 1485 2131 Plin.
1501 2093 1647 2145 XXIV,

921 2136 948 2178 4
968 2152 997 2176 s.
1018 2141 1042 2180 6
1068 2140 1276 2190 Optimum
1298 2152 1647 2202 est—extrasul-

926 2209 1022 2233 vum
1035 2226 1046 2245 ,
1097 2200 1203 2235 inlus
1229 2214 1481 2250 parrae-eum.
1545 2211 1643 2251 208.

919 2253 1010 2290 talis
1033 2261 1118 2292 erat
1137 2269 1273 2295 ramus
1295 2272 1452 2312 aureus,
1484 2270 1523 2302 et
1549 2279 1643 2318 spe-

917 2312 975 2348 cie
998 2317 1039 2349 ct
1059 2319 1192 2352 motu:
1223 2315 1381 2369 quippe,
1414 2334 1503 2360 cum
1523 2323 1642 2362 lami-

913 2381 965 2405 na
988 2376 1089 2407 esset
1109 2384 1248 2422 aurea,
1280 2381 1402 2414 vento
1423 2386 1532 2417 mota
1549 2395 1640 2420 cre-

910 2425 1039 2477 pitare
1062 2427 1212 2467 debuit.
1271 2435 1367 2474 211.
1389 2445 1639 2478 cunctantem

911 2496 992 2521 non
1018 2497 1063 2521 eo
1084 2486 1218 2536 modo,
1246 2502 1325 2539 quo
1354 2492 1445 2534 147.
1471 2495 1550 2538 148
1574 2497 1637 2536 di-

909 2547 1044 2591 xerat,
1085 2544 1154 2582 sed
1182 2558 1288 2584 nunc
1320 2557 1457 2601 ornat,
1498 2560 1546 2591 ut
1575 2563 1635 2592 te-

908 2613 1006 2648 nax,
1030 2601 1186 2640 lentus:
1216 2609 1254 2641 et
1271 2612 1357 2644 erat
1381 2621 1420 2647 v.
1445 2612 1526 2652 137
1546 2613 1633 2649 len-

907 2664 946 2693 to
968 2660 1115 2696 vimine
1132 2674 1284 2711 ramus,
1319 2665 1465 2718 quippe
1488 2681 1537 2705 ex
1557 2683 1631 2707 au-

906 2727 965 2752 ro.
1026 2716 1090 2754 Sic
1127 2718 1162 2756 II
1202 2719 1341 2772 Georg.
1369 2726 1454 2766 236
1487 2726 1630 2776 glebas

904 2782 1134 2812 cunctantes
1155 2776 1339 2817 vidimus.

960 2833 1221 2875 212-217.
1268 2838 1448 2887 ingrato,
1493 2839 1624 2877 malim

900 2893 946 2925 ut
957 2889 1118 2928 Servius
1140 2891 1265 2929 altero
1283 2892 1370 2931 loco
1390 2896 1515 2945 ponit,
1532 2911 1623 2947 gra—

1229 2959 1346 3004 56*
