1779 3420
137 230 239 278 426
537 218 1260 272 EXCURSUSX

141 354 212 407 qui
233 354 443 406 diligenter
467 353 693 392 discernere
713 351 859 389 soleam
886 361 953 395 ea,
988 360 1090 397 quae
1120 348 1249 386 famae
1279 347 1464 399 antiquae
1490 346 1661 385 fundum

136 413 478 465 qualemcunque,
520 417 593 449 aut
622 409 851 463 opinionem
882 405 1091 456 antiquam
1123 420 1198 458 pro
1238 406 1371 455 sonte,
1412 405 1583 455 habere,
1623 413 1664 444 et

135 484 239 523 quae
260 470 428 509 diversis
443 469 538 508 inde
559 482 629 507 seu
648 467 900 519 ingeniorum
921 477 991 502 seu.
1012 463 1269 516 opinionum,
1302 470 1511 515 tamquam
1536 477 1663 514 aqua—

134 542 228 568 rum
254 528 461 577 divortiis,
491 527 613 566 fuisse
630 526 834 572 derivata,
876 522 1073 573 novisque
1094 536 1291 574 aquarum
1314 522 1427 562 venis
1448 522 1664 561 corrivatis

135 593 254 626 aucta
275 600 425 627 novam
445 591 633 624 naturam
651 582 832 622 induisse
857 580 1088 621 videantur.

538 880 1120 941 EXCURSUS
1205 881 1271 937 X

647 997 745 1039 De
817 994 1138 1039 Coroebo.

244 1115 292 1164 ΙΙ,
326 1113 405 1156 341
427 1127 483 1165 sq.
515 1115 599 1156 386
621 1127 678 1165 sq.
705 1112 802 1155 424.
824 1112 921 1156 425.
981 1112 1037 1149 De
1058 1112 1239 1150 Coroebo
1259 1111 1470 1163 Mygdonis
1493 1112 1518 1149 s.
1542 1125 1662 1162 argu-

133 1179 336 1221 mentum,
368 1187 442 1224 pro
460 1171 639 1224 episodio
673 1172 885 1210 inductum
907 1185 928 1208 a
953 1171 1139 1222 Virgilio,
1185 1170 1304 1209 variis
1335 1169 1467 1207 modis
1499 1183 1519 1206 a
1546 1176 1660 1208 vete-

132 1231 244 1269 ribus
277 1231 398 1268 fuisse
425 1236 645 1268 tractatum
678 1229 862 1280 videtur,
907 1229 1037 1267 donee
1068 1228 1232 1266 tandem
1266 1228 1380 1265 stulti
1407 1234 1446 1265 ct
1475 1228 1662 1265 vecordis

131 1288 304 1327 hominis
321 1302 532 1340 personam
559 1289 593 1326 ei
612 1288 855 1337 induerent,
887 1294 935 1325 ut
956 1288 1056 1325 adeo
1077 1288 1117 1325 in
1147 1286 1410 1334 proverbium
1430 1286 1578 1324 abiret:
1612 1285 1661 1323 de

131 1361 212 1398 quo
241 1361 280 1385 v.
303 1346 455 1385 Aelian.
479 1347 524 1385 V.
543 1347 592 1384 H.
612 1347 718 1395 XIII,
754 1346 819 1387 15.
840 1346 913 1383 alia
937 1346 1025 1384 loca
1049 1345 1158 1397 apud
1180 1345 1363 1382 Cerdam.
1425 1343 1488 1381 Ad
1514 1358 1551 1382 v.
1576 1343 1654 1385 341

132 1405 313 1443 Servius:
345 1406 471 1443 Ilunc
492 1414 627 1442 aulem
653 1404 870 1442 Coroebum
889 1405 1054 1441 slullum
1074 1404 1229 1441 inducit
1247 1402 1485 1453 Euphorion
1498 1432 1508 1451 ,
1543 1416 1661 1453 quem

134 1472 171 1500 et
199 1464 403 1514 l'irgililcs
435 1465 634 1515 sequilur,
671 1465 776 1500 (lans
806 1464 844 1499 ei
875 1463 952 1512 ins.
989 1465 1073 1503 390
1101 1463 1236 1499 Dolus
1261 1476 1317 1499 ans
1347 1463 1471 1497 virtus
1502 1462 1590 1512 quis
1618 1462 1657 1497 in

131 1521 241 1559 lzosle
265 1522 471 1573 requirat?
509 1536 601 1558 eum
621 1523 671 1559 sil
703 1522 941 1570 turpissima
967 1520 1058 1557 dolo
1083 1522 1268 1570 quaesita
1297 1520 1481 1556 victoria.
1545 1517 1660 1555 Prius

131 1579 233 1617 illud
265 1585 409 1617 notatu
437 1579 622 1629 dignum,
662 1578 896 1630 Euphorion
929 1578 1032 1615 enim
1066 1578 1270 1625 Coroebo,
1309 1575 1524 1613 temerario
1554 1576 1659 1613 sorte

131 1638 171 1675 in
184 1636 361 1675 Achivos
380 1638 485 1675 facto
508 1637 673 1688 impetu,
709 1650 922 1688 personam
947 1635 1132 1674 vecordis
1152 1635 1327 1673 hominis
1344 1635 1519 1685 primum
1540 1633 1658 1670 addi—-

133 1696 237 1733 disse
267 1695 453 1743 videtur,
493 1695 589 1732 dum
620 1695 771 1732 scilicet
805 1700 1041 1745 argumento
1071 1693 1120 1730 ab
1148 1694 1232 1730 aliis
1259 1699 1435 1730 tractato
1464 1691 1658 1729 novitatis

131 1754 300 1806 gratiam
319 1753 530 1790 conciliare
561 1753 734 1791 volebat.
796 1752 926 1789 Etiam
949 1753 1143 1803 Pompon.
1177 1751 1267 1788 Sab.
1288 1750 1549 1800 Euphorion,
1590 1749 1655 1787 in·-

132 1812 243 1862 quit,
275 1812 430 1848 inducit
453 1826 543 1847 eum
564 1812 743 1847 slullzzm.
809 1810 887 1847 Sed
909 1810 1094 1857 alterum,
1127 1809 1237 1858 quod
1259 1809 1299 1845 in
1320 1808 1458 1845 Servio
1485 1808 1656 1857 Eupho—

131 1872 282 1907 rionem
310 1869 510 1919 Visgilius
535 1871 649 1920 sequi
670 1868 848 1906 traditur
863 1898 872 1916 ‚
903 1867 1150 1918 grammatici
1172 1872 1444 1904 commentum
1465 1871 1542 1914 est,
1574 1878 1654 1903 non

132 1927 238 1965 enim
273 1926 487 1964 vecordem
520 1933 560 1964 et
590 1926 783 1964 stolidum
816 1925 1002 1963 exhibuit
1040 1926 1285 1974 Coroebum,
1333 1937 1429 1972 nec,
1469 1923 1544 1960 nisi
1582 1923 1654 1960 alia

131 1986 243 2024 sucre
272 1985 312 2023 in
350 1983 628 2035 Euphorione,
673 1997 774 2035 quae
810 1997 997 2035 expressa
1020 1984 1123 2021 sorte
1146 1990 1241 2021 sunt
1264 1997 1283 2019 a
1314 1988 1453 2033 poeta,
1494 1981 1655 2018 aliunde

130 2044 278 2094 liquet,
320 2056 370 2080 an
405 2041 704 2093 Euphorionem
754 2048 847 2079 ante
895 2042 1031 2079 oculos
1065 2041 1254 2079 habuerit
1285 2039 1493 2091 Virgilius3
1544 2039 1652 2088 quod

131 2102 231 2140 adeo
263 2101 346 2138 sine
379 2100 505 2138 fundo
534 2100 679 2138 idoneo
713 2113 761 2137 ex
787 2099 826 2137 h.
851 2100 876 2139 l.
913 2100 1028 2152 ponit
1055 2100 1128 2137 lac.
1157 2099 1240 2137 Nic.
1263 2099 1421 2136 Loensis
1452 2096 1653 2148 Epipliyll.

130 2160 178 2209 II,
199 2163 237 2209 3,
268 2166 315 2197 ut
338 2172 417 2196 non
442 2159 565 2209 magis
587 2171 683 2197 vera
706 2164 814 2206 sunt,
847 2172 948 2208 quae
970 2158 1017 2194 de
1042 2159 1216 2195 carmine
1237 2157 1441 2194 filim-(ule
1464 2155 1652 2206 deprom—

130 2224 171 2255 ta
195 2233 217 2255 a
240 2217 405 2269 Virgilio
442 2230 524 2254 esse
550 2217 652 2255 vult.
714 2216 759 2254 In
780 2216 988 2267 Polygnoti
1016 2216 1152 2253 tabula
1179 2215 1288 2268 apud
1319 2215 1485 2252 Pausan.
1515 2215 1565 2261 X,
1598 2216 1652 2253 27

130 2276 335 2314 Coroebus
362 2276 481 2312 ctiam
506 2281 593 2312 erat
619 2288 711 2325 expi
723 2288 852 2322 essus,
880 2274 948 2311 ubi
968 2274 1034 2310 ille
1058 2274 1192 2313 addit:
1235 2273 1318 2310 eius
1344 2278 1650 2310 monumentum

129 2334 262 2372 nobile
292 2334 333 2370 in
363 2332 567 2384 Phrygum
595 2332 761 2380 finibus,
795 2338 833 2369 et
863 2332 1083 2383 Mygdonas
1115 2332 1163 2368 ab
1191 2345 1236 2369 eo
1268 2344 1415 2368 nomen
1445 2329 1652 2378 habuisse3

130 2392 240 2442 quod
267 2391 426 2429 salsum:
458 2405 549 2428 nam
573 2392 799 2441 lllygdones
822 2390 988 2440 antiqua
1015 2389 1219 2427 Thracum
1251 2389 1368 2440 stirps
1389 2389 1511 2425 suere.
1572 2386 1651 2424 Ve-

130 2450 232 2487 nisse
265 2463 354 2486 eum
378 2450 428 2485 ad
452 2448 696 2485 Cassandrae
729 2449 911 2499 nuptias,
952 2454 992 2485 et
1023 2450 1222 2491 occis-zan,
1267 2445 1322 2493 ὥς
1348 2443 1421 2496 μὲν
1445 2443 1469 2484 ὁ
1500 2444 1652 2483 πλείων

130 2505 269 2560 λόγος,
308 2522 334 2543 ιι
368 2507 660 2555 ΛὛιᾸορΙοΙι-ηιο;
704 2505 906 2542 Les-chem·
937 2515 1073 2542 aulem,
1110 2520 1136 2541 α
1171 2503 1371 2541 Diomede
1401 2504 1649 2539 inlerrmlmn

129 2564 374 2602 carminibus·
394 2564 589 2613 procliclll.
656 2563 697 2599 ln
728 2561 806 2599 hoc
830 2562 1016 2611 Virgilius
1042 2562 1207 2599 tertium
1240 2561 1408 2610 aliquem
1444 2565 1649 2596 auctorem

131 2628 322 2672 sequutus
360 2627 442 2668 est,
486 2635 574 2657 nam
606 2620 637 2656 is
670 2634 706 2656 v.
744 2620 827 2660 425
860 2620 1026 2656 l'eneleo
1060 2620 1319 2657 intersectum
1348 2617 1487 2655 tradit.
1550 2618 1648 2654 Cum

129 2680 301 2717 Leselieo
323 2679 417 2716 facit
437 2678 617 2725 Quintus
638 2676 770 2713 Calab.
793 2677 898 2724 Xlll,
936 2680 1015 2719 168
1041 2690 1097 2726 sq.
1158 2677 1220 2714 Ad
1251 2690 1359 2713 aram
1394 2676 1648 2712 intersectum

129 2738 293 2776 exliibot
325 2737 442 2773 etiam
471 2736 621 2772 Tabula
655 2734 770 2771 Iliaca
798 2748 835 2771 n.
870 2732 962 2775 104.
1024 2734 1247 2771 Coroebum
1282 2733 1488 2784 Mygdonis
1524 2733 1647 2770 lilium

129 2798 235 2834 inter
266 2795 430 2846 vigilum
460 2793 581 2830 duros
609 2792 790 2828 nominat
822 2790 974 2828 Auctor
1009 2791 1124 2828 Rhesi
1161 2791 1257 2832 539.
1318 2792 1474 2828 Patrem
1509 2790 1647 2827 saltem

131 2856 385 2905 flbgdunem
407 2852 606 2889 Homerus
637 2848 990 2899 suppeditaverat3
1023 2864 1112 2886 nam
1143 2849 1381 2900 Mygdonom
1414 2856 1453 2886 et
1477 2850 1646 2886 (rm-eum

129 2913 309 2950 Priamus
328 2910 421 2948 olim
454 2910 583 2960 copias
606 2906 805 2957 Phrygum
829 2906 1022 2944 advorsus
1050 2908 1269 2944 Amazones
1294 2908 1441 2945 ducere
1466 2906 1646 2944 viderat:

125 2971 238 3011 Iliad.
261 2987 298 3024 y,
336 2967 413 3010 184
435 2980 518 3018 sqq.
579 2966 623 3003 ln
644 2965 826 3017 Epitome
854 2964 997 3002 Iliados
1022 2979 1059 3003 v.
1078 2964 1162 3006 248
1192 2971 1251 3003 cst
1284 2967 1397 3003 clara
1425 2972 1537 3002 salu-s·
1573 2964 1647 3001 lel-
