1827 3436
344 208 756 263 AENEIDOS
800 207 940 255 LIB.
985 206 1052 267 ΙΙ,
1091 207 1384 256 477-493

1529 211 1629 257 337

188 344 252 391 At
273 339 464 389 domus
490 335 713 386 interior
737 331 941 397 gemitu
961 330 1273 395 miseroque
1293 329 1528 380 tumultu

117 412 392 470 Miscetur3
429 407 751 474 penitusque
774 417 927 451 cavae
951 399 1297 466 plangoribus
1324 398 1484 448 aedes

117 480 383 531 Femineis
403 477 632 535 ululant3
672 472 795 522 ferit
817 488 972 520 aurea
993 469 1167 518 sidera
1189 469 1403 520 clamor.

120 554 260 600 Tum
287 547 507 614 pavidae
532 544 684 595 tectis
707 550 902 591 matres
926 539 1230 605 ingentibus
1254 547 1446 601 errant,

119 618 511 683 Amplexaeque
535 622 723 664 tenent
741 620 937 678 postes,
960 620 1118 676 atque
1137 608 1315 658 oscula
1333 607 1518 672 figunt.
1534 611 1634 660 490

118 691 282 739 Instat
306 688 356 736 vi
382 686 547 753 patria
569 683 827 749 Pyrrhusg
867 697 966 730 nec
995 679 1242 742 claustra,
1280 694 1459 743 neque
1485 677 1581 742 ipsi

123 757 386 808 Custodes
405 754 635 805 sufferre
654 752 843 802 valent.

916 750 1081 800 Labat
1103 749 1265 798 ariete
1289 748 1480 797 crebro

121 830 305 891 Ianua,
345 836 397 877 et
419 826 584 875 emoti
609 820 976 890 procumbunt
1000 818 1216 869 cardine
1239 827 1434 885 postes

217 990 285 1025 487
312 987 550 1034 clangoribus
568 994 717 1032 quatuor
737 986 830 1031 apud
852 986 1046 1025 Burmann„
1072 981 1224 1016 sollenni
1244 981 1429 1015 varietate.
1455 1001 1499 1005 —
1544 979 1638 1025 (488.

124 1037 246 1070 ardua
272 1037 376 1069 Hafn.
404 1038 445 1068 ΙΙ.
487 1036 580 1076 Wr.)

125 1084 215 1117 Pier.

676 1034 747 1069 490
774 1041 903 1079 postes
931 1044 972 1064 ex
988 1030 1095 1063 Probi
1121 1029 1308 1063 sententia.
1353 1029 1474 1075 postis
1495 1027 1574 1069 alii,
1607 1039 1638 1063 v,

260 1092 457 1131 postesque
475 1090 510 1114 et
528 1081 634 1115 Witt.
675 1081 834 1125 fingunt
853 1080 941 1111 ven.
979 1085 1012 1110 et
1031 1077 1131 1111 Leid.
1153 1088 1239 1109 unus
1262 1088 1281 1109 a
1309 1088 1355 1108 m.
1376 1087 1444 1120 pr.‚
1479 1083 1515 1107 ut
1532 1086 1638 1117 saepe

124 1130 219 1167 alibi.
246 1131 330 1173 (vid.
353 1130 458 1162 etiam
479 1129 573 1162 Cort.
591 1128 635 1160 ad
654 1127 781 1159 Lucan.
803 1127 863 1165 Vl,
889 1126 969 1160 565.
995 1125 1091 1168 Wr.)

1187 1124 1254 1158 491
1282 1135 1398 1167 neque
1422 1123 1495 1167 ipsi
1518 1121 1638 1153 Heius.

126 1190 144 1211 e
164 1178 290 1210 Medic.
312 1184 346 1209 et
367 1177 454 1209 aliis.
481 1175 543 1220 (sio
562 1175 665 1207 etiam
680 1175 714 1208 2.
733 1174 766 1207 4.
788 1175 821 1209 7.
850 1173 946 1215 lVr.)
1001 1171 1113 1215 Vulgo
1134 1182 1209 1203 nec.
1245 1169 1326 1214 (vid.
1351 1170 1393 1211 Q.
1421 1170 1465 1201 V.
1483 1169 1639 1208 XXXII,

127 1228 182 1260 10.
223 1224 315 1266 Wr.)

411 1222 482 1258 492
515 1220 682 1266 subferre
712 1219 858 1264 aliquot.
900 1217 1074 1265 proferre
1099 1229 1170 1249 sec.
1198 1218 1325 1249 Moret.

1431 1215 1501 1250 493
1525 1223 1638 1248 emoto

125 1271 275 1304 cardine
292 1270 428 1304 Nonius
449 1269 542 1314 apud
560 1267 721 1308 Pierium‚
748 1266 935 1309 Hamburg.
958 1271 994 1296 et
1012 1264 1066 1297 ed.
1089 1265 1178 1296 Ven.
1226 1266 1317 1296 Sane
1338 1269 1520 1306 utrumque
1543 1268 1640 1294 recte

126 1317 273 1357 dicitur,
322 1317 426 1349 etiam
456 1328 476 1349 a
502 1321 619 1360 poeta.
653 1326 685 1346 v.
717 1313 873 1357 exempla
901 1311 995 1357 apud
1022 1310 1144 1343 Heins.
1169 1316 1205 1342 et
1231 1310 1294 1346 inf.
1313 1322 1344 1344 v.
1364 1310 1443 1344 610.
1469 1309 1528 1349 VI,
1553 1309 1640 1346 3823

127 1364 303 1410 vulgatam
326 1370 442 1397 tamen
464 1362 660 1395 suaviorem
682 1372 758 1393 esse
785 1367 882 1405 puto.
933 1366 1070 1392 remoto
1095 1370 1124 1390 c.
1146 1358 1269 1390 Franc.
1320 1356 1449 1389 ordine
1464 1368 1503 1402 p.
1522 1355 1640 1399 Bigot.

129 1506 270 1544 magna
305 1505 396 1531 cum
425 1497 510 1529 arte
539 1490 731 1529 traducta
763 1502 856 1538 esse,

129 1551 208 1589 iam
239 1550 302 1588 alii
343 1555 436 1601 post
465 1549 708 1600 Scaligerum
741 1547 856 1585 vide-

130 1614 240 1647 runt.
308 1606 402 1648 485.
443 1607 607 1644 ,Armati
633 1610 748 1654 sunt,
789 1604 857 1656 qui

130 1679 169 1705 v.
191 1664 287 1708 449.
307 1663 391 1708 450
419 1664 759 1702 memorabantur.

189 1778 273 1821 486
292 1792 374 1830 sqq.
407 1778 571 1830 Proprie
591 1778 758 1826 clamor,
792 1777 859 1814 la-

131 1839 290 1886 crimae,
318 1839 493 1887 gemitus
513 1839 723 1883 miscetur,
758 1848 859 1885 qua—

132 1901 250 1933 tenus
278 1894 502 1946 promiscue
530 1908 552 1931 a
580 1893 762 1945 pluribus
794 1892 859 1930 vel

138 1952 305 1991 diversis
324 1952 390 2002 fit,
420 1951 526 2000 hinc,
558 1951 590 1988 si
610 1965 688 2002 quo
707 1951 748 1988 in
769 1950 857 1988 loco

132 2009 212 2048 hoc
246 2010 396 2048 factum
438 2009 702 2061 significatur,
742 2014 790 2046 ut
818 2006 856 2045 h.

134 2068 161 2107 l.
193 2068 235 2105 in
266 2067 385 2105 domo
411 2067 515 2119 ipsa,
553 2068 693 2104 domus
717 2068 860 2103 misce-

137 2134 201 2162 tur
232 2127 408 2175 gemitu,
451 2138 525 2176 pro
545 2123 742 2176 pedestri:
781 2125 860 2160 im-

134 2182 277 2233 pletur.
337 2181 434 2219 Mox
452 2197 578 2220 cavae
599 2195 689 2219 cum
710 2180 862 2218 dilectu

137 2239 312 2291 positum
335 2238 541 2290 epitheton
572 2244 758 2290 respectu
786 2237 862 2275 ha-

138 2297 221 2335 bito
251 2296 302 2334 ad
324 2310 478 2334 sonum.
538 2297 697 2334 ululant
719 2295 862 2346 exqui-

139 2354 252 2392 sitius
282 2367 401 2404 quam
431 2362 645 2401 resonant5
683 2352 864 2404 exemplo

140 2412 387 2450 Graecorum
421 2412 526 2466 βοᾷν
562 2411 605 2449 in
646 2411 762 2448 simili
805 2422 861 2458 re,

139 2482 178 2508 v.
201 2483 233 2508 c.
256 2470 392 2520 Eurip.
414 2468 560 2507 Troad.
582 2471 649 2510 29.
700 2468 867 2520 Proprie

140 2527 317 2565 ululatus
336 2527 383 2565 sit
402 2527 444 2564 in
464 2526 627 2564 aedibus
641 2540 731 2564 cum
751 2526 866 2577 plan-

141 2585 321 2635 goribus,
365 2584 434 2635 qui
470 2590 673 2622 resonant.
741 2584 867 2621 Porro

142 2654 302 2680 versum
335 2641 419 2685 486
443 2654 495 2679 ex
523 2642 641 2680 Ennii
670 2640 813 2679 Annal.
833 2641 868 2678 II

145 2698 194 2736 de
212 2698 333 2736 Albae
354 2700 513 2737 excidio
533 2712 614 2737 esse
627 2700 868 2737 translatum

143 2756 305 2793 Servius
339 2756 391 2793 ad
420 2756 460 2795 h.
498 2757 523 2795 l.
556 2763 684 2799 notat,
729 2758 775 2795 cs.
797 2756 867 2796 ins.

144 2811 214 2861 XI,
245 2815 326 2854 213
347 2827 430 2864 sqq.
459 2820 497 2852 et
524 2814 658 2853 Livius
692 2814 741 2852 de
768 2814 869 2852 Alba

146 2868 184 2917 I,
215 2871 283 2909 29.
359 2871 478 2919 Quod
523 2881 670 2909 malres
702 2871 870 2909 familias

146 2933 300 2973 errant,
343 2925 597 2979 discurrunt,
642 2942 713 2981 per
750 2934 869 2977 tecta,

215 2993 421 3043 VIRGJL.
459 2996 600 3045 TOM.
625 2996 687 3045 II.

914 1487 958 1526 id
994 1500 1045 1524 ex
1088 1491 1273 1525 veterum
1305 1483 1486 1522 moribus
1528 1491 1641 1522 tanto

915 1544 1036 1596 magis
1062 1543 1113 1581 ad
1133 1544 1340 1590 affectum,
1374 1541 1484 1592 quod
1508 1541 1643 1579 thala-

914 1616 980 1641 mo
1000 1602 1176 1640 inclusae
1196 1600 1290 1639 alias
1301 1599 1494 1638 latebant.
1526 1614 1643 1637 osca-

915 1661 1052 1698 lantur
1062 1668 1195 1710 postes
1215 1659 1285 1706 (cf.
1298 1657 1417 1695 Ovid.
1430 1657 1522 1695 Met.
1537 1657 1643 1707 XIII,

916 1717 1012 1758 412.
1043 1715 1158 1769 413),
1202 1713 1349 1768 (valer.
1378 1715 1437 1753 Fl.
1469 1715 1516 1764 II,
1551 1717 1643 1756 168.

923 1773 1042 1827 lVr.)
1074 1775 1219 1826 quippe
1247 1772 1437 1812 ultimum
1470 1773 1558 1811 vale
1579 1773 1643 1810 di-

919 1839 1076 1881 cturae,
1108 1832 1266 1869 iamiam
1289 1830 1337 1868 ab
1353 1829 1468 1868 hoste
1486 1830 1644 1868 abstra-

916 1890 1085 1928 hendae.
1162 1888 1420 1941 Apollonium
1470 1887 1545 1937 IV,
1589 1891 1645 1931 26

916 1949 995 1986 iam
1024 1949 1187 1986 Servius
1226 1946 1307 1984 huc
1333 1945 1571 1994 advocavit3
1609 1951 1646 1983 et

918 2006 1070 2045 Ariosti
1109 2005 1242 2044 locum
1275 2003 1472 2056 egregium
1510 2001 1644 2054 (Cant.

919 2065 1033 2103 XVII
1052 2064 1204 2102 Stanza
1229 2061 1297 2116 13)
1320 2062 1550 2100 wartonus.

979 2176 1237 2221 491—493.
1288 2177 1347 2215 Va·
1369 2177 1526 2226 patria.
1574 2191 1646 2214 πα-

920 2234 1014 2290 τρός
1062 2235 1134 2276 ἑοῦ
1203 2234 1464 2284 καταείμενος
1517 2227 1648 2284 dimit}

921 2294 1064 2342 Quint.
1086 2292 1166 2330 Cal.
1186 2291 1293 2340 XIH,
1325 2293 1421 2333 219.
1472 2290 1647 2342 szff’rre,

923 2352 1119 2390 sustinere
1157 2348 1304 2401 Pyrrhi
1340 2350 1538 2400 impetum
1566 2360 1648 2385 non

921 2415 1091 2463 potuere
1113 2420 1187 2445 neo
1204 2408 1392 2453 claustra,
1424 2404 1465 2443 h.
1487 2418 1518 2442 e.
1542 2405 1648 2443 fores

922 2467 1115 2506 roboreae
1147 2479 1185 2504 v.
1215 2463 1312 2505 481.
1350 2464 1433 2504 482
1458 2462 1650 2500 firmitate

924 2539 1018 2573 sua,
1069 2538 1140 2561 neo
1170 2524 1252 2572 ipsi
1274 2521 1473 2570 custodes,
1515 2520 1584 2571 qui
1609 2534 1649 2559 v.

925 2582 1008 2625 485
1045 2588 1085 2619 et
1127 2579 1222 2621 449.
1273 2578 1437 2616 adstant
1481 2578 1648 2625 foribus,

922 2638 1152 2692 pugnaturi.
1202 2637 1458 2675 Burmannus
1478 2635 1649 2673 mavult:

924 2699 1088 2750 sufferre
1106 2709 1158 2734 sc.
1174 2708 1225 2744 se,
1248 2694 1443 2732 sustinere
1461 2706 1512 2731 se.
1543 2695 1650 2729 arle—

926 2764 1004 2793 tem.
1056 2754 1180 2792 nolim
1230 2752 1409 2803 accipere
1468 2750 1650 2802 proprie,

926 2813 1073 2864 quippe
1107 2809 1217 2862 quod
1236 2810 1447 2848 inventum
1470 2807 1649 2845 Troianis

926 2870 1176 2922 temporibus
1195 2867 1321 2905 serius
1343 2872 1415 2904 est.
1433 2865 1481 2903 ef.
1495 2864 1544 2901 ad
1555 2863 1649 2905 441.

928 2927 1007 2966 Sed
1030 2927 1079 2964 de
1104 2925 1339 2964 arietatione
1367 2930 1407 2962 et
1427 2920 1650 2975 pulsatione

1304 2992 1371 3037 22
