1779 3420
113 238 214 284 518
458 235 511 282 P.
551 231 909 281 VIRGILII
940 231 1312 280 MARONIS

184 358 544 410 Provehimur
572 357 762 424 pelago
786 358 956 406 vicina
980 357 1242 407 Ceraunia
1264 357 1418 417 iuxta,

114 430 275 483 Unde
299 430 400 479 iter
420 429 626 478 Italiam
651 444 942 494 cursusque
972 427 1316 476 brevissimus
1337 426 1509 477 undis.

118 501 212 551 Sol
238 501 345 550 ruit
372 500 602 561 interea,
645 507 696 547 et
722 507 937 547 montes
961 498 1282 546 umbrantur
1305 498 1470 565 opaci.

118 572 426 622 Sternimur
448 578 658 635 optatae
684 569 891 632 gremio
916 568 1120 617 telluris
1142 568 1209 616 ad
1231 567 1453 631 undam,

119 642 304 692 Sortiti
328 657 536 703 remos,
574 639 884 705 passimque
905 639 958 686 in
986 638 1141 687 litore
1164 638 1303 686 sicco

120 715 367 778 Corpora
388 727 660 767 curamus3
698 708 867 757 sessos
892 725 1058 774 sopor
1085 709 1277 771 inrigat
1305 716 1460 758 artus,

117 782 368 834 Necdum
392 781 586 829 orbem
609 779 855 828 medium
877 783 994 828 Nox
1015 779 1163 827 horis
1197 787 1310 826 acta
1336 778 1570 828 subibat:

118 852 277 903 Haud
298 852 473 916 segnis
503 859 668 899 strato
694 850 860 914 surgit
882 849 1187 911 PalinurUS,
1222 857 1275 896 et
1296 849 1473 896 omnis

189 939 306 987 507.
345 935 573 982 ITALIAM
586 973 598 996 ,

1548 644 1651 690 510

214 1052 283 1087 506
308 1050 374 1085 Vir
397 1051 523 1083 doctus
546 1049 731 1083 Britannus
750 1050 894 1083 volebat
914 1061 1036 1083 versus
1054 1051 1134 1085 506.
1156 1050 1238 1085 507.
1263 1050 1441 1083 collocare
1466 1055 1549 1093 post
1568 1048 1656 1087 5903

122 1111 321 1144 repugnare
341 1098 432 1131 enim
454 1098 548 1130 inter
572 1110 631 1139 se,
657 1098 751 1142 quod
773 1104 944 1142 provecta
961 1098 1100 1130 dicatur
1116 1097 1239 1130 classis
1271 1105 1305 1130 et
1333 1104 1450 1129 tamen
1479 1108 1558 1128 mox
1590 1095 1657 1128 ad—

120 1149 188 1180 huc
207 1147 243 1179 in
267 1146 392 1178 littore
412 1152 583 1178 moretur.
634 1149 679 1178 At
715 1157 745 1177 v.
775 1151 850 1177 not.
903 1145 1032 1189 (Atque
1064 1145 1230 1187 eosdem,
1267 1145 1297 1177 si
1327 1144 1416 1176 infra
1441 1143 1657 1187 legerentur,

120 1195 190 1228 huc
210 1193 327 1238 potius
354 1193 575 1225 revocandos
597 1204 694 1233 esse,
720 1192 827 1225 docet
850 1203 918 1225 vox
941 1200 1092 1238 optatae
1113 1205 1166 1225 vs·
1189 1193 1270 1227 509.
1297 1192 1379 1225 coll.
1400 1193 1426 1232 Ι,
1450 1192 1528 1225 172.
1558 1191 1656 1234 Wr.)

121 1241 365 1275 Provehimus
383 1240 484 1273 Leid.
507 1252 562 1272 nn.
587 1252 617 1273 v.
647 1252 723 1284 sup.
750 1252 782 1272 v.
814 1240 872 1274 72.
924 1240 1047 1283 (Recte
1082 1239 1227 1271 sustulit
1261 1251 1415 1281 comma,
1449 1238 1546 1283 quod
1576 1245 1659 1282 post

121 1289 271 1322 Italiam
289 1293 383 1328 erat,
411 1287 622 1326 VVunderL3
650 1287 720 1319 vid.
749 1286 823 1319 eius
845 1287 996 1320 Praefat.
1026 1299 1062 1330 p.
1084 1287 1175 1320 VIII.
1209 1288 1304 1330 JVr.)
1404 1287 1472 1321 503
1501 1293 1536 1318 et
1555 1286 1658 1317 deest

122 1335 232 1370 Wall.
327 1335 396 1369 509
422 1336 630 1367 Scerninms
653 1335 710 1367 ed.
733 1336 769 1367 P.
792 1335 880 1366 Dan.
929 1335 978 1366 ad
1000 1334 1123 1367 undas
1141 1335 1231 1366 Ven.
1330 1333 1394 1368 511
1426 1332 1452 1376 s]
1489 1345 1517 1365 S.
1549 1345 1657 1365 occu-

117 1392 187 1430 pat
207 1384 313 1416 Voss.
353 1382 557 1426 repetitum,
585 1382 635 1414 ait
656 1383 783 1423 Burm.‚
811 1394 852 1414 ex
873 1382 921 1414 IV
946 1382 1077 1426 Georg.
1101 1383 1178 1416 109.
1230 1379 1378 1425 (fessus
1403 1373 1531 1413 Medic.
1562 1381 1658 1423 lVr.)

121 1431 192 1466 512
227 1438 314 1463 acra
353 1429 446 1462 alter
485 1429 612 1462 Hamb.
662 1430 777 1463 liora-9
817 1437 904 1462 atra
939 1430 1030 1463 Ven.
1080 1429 1183 1462 horis
1221 1437 1312 1475 apta
1339 1427 1446 1461 Goth.
1478 1439 1553 1473 pr.,
1589 1439 1659 1459 non

122 1477 215 1510 malo
239 1476 352 1522 lapsu·

123 1574 313 1625 Epirum,
345 1571 427 1609 scit.
462 1570 731 1621 Buthrotum,
771 1586 862 1610 cum

123 1632 276 1670 Heleno
312 1630 536 1677 tenebant,
578 1636 618 1667 et
651 1629 753 1678 hos,
795 1630 863 1681 qui

125 1703 217 1728 cum
273 1689 405 1726 Aenea
452 1688 609 1725 Italiam
658 1688 862 1740 petebant,

125 1761 248 1800 supra
270 1747 448 1785 vidimus
472 1760 511 1785 v.
533 1749 628 1788 167.

184 1806 268 1847 506
288 1826 346 1834 -
371 1805 465 1846 511.
515 1804 735 1854 Postquam
776 1804 862 1842 Bu-

127 1864 268 1902 throto
289 1863 517 1911 solverant,
549 1862 718 1914 legendo
749 1862 864 1900 littus

126 1922 177 1960 ad.
201 1925 358 1959 montes
379 1921 597 1963 Ceraunios
621 1920 864 1972 procedunt.

126 1981 204 2019 Hie
235 1980 309 2018 sub
338 1985 496 2017 noctem
538 1979 791 2017 descendunt
821 1979 864 2017 in

128 2039 270 2087 littus,
313 2038 486 2086 scilicet,
526 2043 574 2075 ut
595 2067 604 2084 ‚
647 2051 739 2074 cum
771 2052 865 2076 mu-

127 2096 278 2135 tandus
312 2095 391 2133 iam
424 2101 527 2133 esset
560 2109 722 2144 cursus,
763 2109 865 2134 ven-

126 2161 217 2194 tum
247 2154 469 2192 secundun]
499 2154 715 2205 excipiant.
775 2169 867 2191 mn-

128 2213 295 2251 brantur
314 2226 364 2250 ex
384 2215 583 2252 σκιᾶσθαι
612 2212 677 2250 vel
709 2209 866 2260 σκιάζε-

130 2276 232 2311 σθαι
256 2270 484 2309 Homerico.
526 2271 575 2307 cf.
609 2270 686 2308 Od.
715 2286 750 2323 y,
781 2270 867 2312 487

130 2335 170 2366 et
199 2329 249 2368 al.
309 2329 424 2376 Quae
445 2334 691 2378 sequuntur,
723 2342 772 2365 ex
789 2328 866 2366 Od.

131 2403 158 2434 ι,
193 2388 274 2427 168
311 2400 368 2437 sq.
401 2386 670 2423 illustrantur.
733 2388 869 2424 ὁόνίίίί

130 2458 284 2491 remos,
319 2457 391 2495 per
414 2452 565 2480 sortem
587 2444 704 2482 divisi
729 2443 780 2481 ad
807 2446 869 2482 os-

132 2500 222 2539 ficia
260 2501 496 2551 remigandi.
540 2502 647 2539 Serv.
691 2507 738 2539 ut
769 2503 868 2540 adeo

131 2573 226 2610 pars
244 2559 284 2596 in
308 2559 404 2597 navi
424 2559 474 2595 ad
499 2572 630 2596 remos
650 2566 869 2610 pernocta-

131 2623 211 2655 ret:
244 2623 337 2665 aut,
382 2616 493 2666 quod
524 2617 658 2653 verius
689 2630 770 2653 esse
802 2632 869 2655 ar-

132 2675 285 2712 bitror:
319 2688 413 2722 nos,
455 2674 521 2723 qui
555 2686 713 2711 eramus
742 2677 872 2712 sor-lili

132 2747 260 2770 remos
273 2763 282 2781 ,
318 2732 386 2782 qui
408 2732 512 2769 diem
530 2744 662 2768 remos
682 2733 869 2782 agitando

134 2804 410 2842 exegeramus,
448 2790 755 2831 .s·terni1m1retc.
813 2793 869 2827 ir—

132 2851 257 2899 rigat.
290 2862 377 2899 sup.
410 2847 438 2894 I,
469 2849 551 2888 692
574 2847 708 2885 Venus
736 2848 870 2885 Asca—

134 2909 200 2944 nio
213 2907 428 2957 plac-idam
456 2920 530 2954 ster
551 2905 729 2942 membra
756 2909 867 2957 quic*

137 2975 217 3002 tem,
236 2967 405 3013 [rt-igal,
441 2962 643 3011 infundit,
677 2964 743 3001 ubi
768 2964 870 3002 vide.

922 1570 976 1609 At
999 1585 1110 1609 nune
1129 1578 1208 1620 est,
1252 1570 1463 1623 perfundit
1483 1571 1661 1609 membra

921 1644 1075 1667 somno.
1146 1628 1317 1681 (irrigat
1355 1630 1449 1668 vide
1492 1644 1542 1667 an
1586 1643 1660 1681 pro

920 1697 1070 1725 recreat
1092 1688 1243 1726 dictum
1257 1689 1308 1725 sit
1320 1688 1370 1725 ad
1386 1702 1502 1726 usum
1517 1688 1661 1725 Graeci

921 1746 1036 1784 verbi
1059 1743 1224 1798 ἄρδειν,
1263 1746 1312 1783 de
1346 1760 1425 1796 quo
1457 1753 1660 1797 lnterpre-

921 1810 981 1843 tes
1010 1804 1061 1842 ad
1089 1804 1227 1856 Eurip.
1257 1805 1396 1856 Suppl.
1428 1807 1526 1846 207.
1569 1817 1662 1855 ege-

922 1868 1034 1901 runt.
1060 1861 1214 1914 Jl‘iclz.)

983 1921 1262 1962 512—517.
1320 1920 1552 1958 Traiectum
1612 1933 1662 1957 ex

924 1978 1047 2030 Epiro
1065 1979 1116 2016 ad
1135 1978 1272 2016 Italiae
1295 1978 1410 2016 littus
1430 1979 1535 2016 iusta
1554 1984 1668 2024 teni--

925 2037 1058 2089 poris,
1091 2037 1202 2088 quod
1219 2036 1284 2074 ille
1302 2037 1515 2088 poscebat,
1544 2050 1662 2074 men—

926 2109 1019 2133 sura
1040 2102 1088 2134 ut
1113 2095 1336 2133 declararet
1363 2101 1501 2147 poeta:
1530 2094 1662 2132 media

927 2154 977 2192 <le
1008 2160 1126 2192 nocte
1147 2154 1281 2191 classis
1301 2154 1487 2192 solvitur.
1547 2155 1662 2191 Πτερ-

926 2213 1025 2249 clam
1069 2214 1168 2250 IVox
1217 2212 1378 2249 subibat
1415 2212 1547 2249 orbem
1575 2226 1662 2248 me-

925 2271 1062 2319 dium,
1107 2277 1245 2308 evecta
1282 2277 1370 2308 erat
1405 2270 1556 2308 eaelum
1595 2268 1662 2321 (cf.

926 2329 1096 2367 Excurs„
1120 2329 1170 2366 ad
1195 2329 1241 2377 Il,
1262 2331 1300 2369 8.
1320 2327 1378 2380 9),
1413 2337 1508 2366 cecla
1536 2329 1660 2376 lim-ix,

929 2388 1124 2436 exquisite
1187 2401 1263 2438 pro
1329 2386 1440 2424 horis
1500 2386 1662 2423 exactis.

930 2445 1062 2492 Quem
1112 2445 1260 2496 poetici
1304 2443 1499 2482 sermonis
1546 2457 1664 2481 usum

929 2503 1004 2540 nisi
1029 2509 1187 2550 teneas,
1214 2503 1338 2552 possis
1365 2503 1555 2549 Noctem,
1581 2501 1664 2539 sive

929 2560 1012 2597 eius
1033 2560 1152 2611 bigas
1178 2559 1229 2596 ab
1248 2561 1376 2596 ,Hm-als·
1397 2568 1527 2607 aclas,
1552 2560 1665 2597 suavi

929 2631 1065 2655 rerum
1112 2618 1261 2669 specie,
1311 2617 1543 2668 intelligere.
1613 2617 1666 2655 At

928 2675 1063 2712 Horae
1087 2676 1260 2724 iungunt
1282 2689 1468 2723 currum,
1497 2690 1577 2713 non
1597 2690 1664 2714 re—

929 2740 1051 2784 gunt,
1093 2734 1125 2770 si
1159 2735 1255 2770 bene
1297 2733 1471 2771 memini.
1533 2734 1664 2772 Media

929 2798 1062 2828 auten]
1105 2797 1222 2828 noete
1244 2822 1254 2838 ,
1313 2792 1476 2841 quando
1517 2793 1665 2830 scilicet

930 2863 1050 2897 aura,
1083 2849 1265 2900 inprimis
1287 2849 1325 2886 in
1354 2851 1477 2901 plagis
1506 2851 1666 2888 mariti-

932 2907 1028 2956 mis,
1055 2907 1151 2945 oriri
1178 2907 1241 2945 vel
1262 2909 1410 2945 mutari
1431 2909 1544 2956 solet,
1566 2922 1665 2946 ven-

932 2972 997 3003 tus
1019 2972 1128 3003 reete
1148 2965 1385 3017 exploratur
1421 2981 1441 3003 a
1467 2967 1668 3017 guberna-
