1811 3388
319 173 727 226 AENEIDOS
777 174 915 224 LIB.
956 174 1043 237 IV,
1089 180 1385 228 262—275
1512 186 1611 232 639

95 303 462 355 Fundamenta
486 299 651 359 locaS‚
690 297 1039 366 pulei-amque
1068 301 1283 350 uxorius
1306 301 1502 351 urbem

94 373 356 425 Exstruis?
392 369 500 417 heu
520 368 671 432 regni
696 385 990 436 rerumque
1016 370 1180 420 oblite
1204 377 1438 421 tuarum!

93 448 214 510 Ipse
243 441 407 489 deum
426 438 521 486 tibi
549 455 639 487 me
667 438 807 488 claro
834 439 1065 489 demittit
1090 442 1326 508 Olympo

94 517 393 575 Regnator,
428 508 642 557 coelum
665 517 717 557 et
736 518 902 558 terras
929 510 1018 576 qui
1040 512 1262 560 numine
1288 520 1530 577 torquet3

94 587 213 648 Ipse
238 580 370 628 haec
391 577 533 628 ferre
557 578 706 628 iubet
727 579 913 628 celeris
931 580 1178 629 mandata
1198 598 1296 647 per
1315 598 1486 631 auras:
1510 587 1612 634 270

97 651 238 715 Quid
259 649 413 698 struis
428 656 450 700 ?
484 658 571 697 aut
593 665 696 715 qua
719 665 812 715 spe
835 649 1039 713 Libycis
1057 651 1180 699 teris
1205 651 1310 700 otia
1332 652 1485 701 terris
1500 657 1523 702 Ρ

98 724 150 772 Si
172 731 224 771 te
249 719 392 769 nulla
410 728 595 767 movet
618 727 883 767 tantarum
907 720 1071 784 gloria
1098 737 1296 782 rerum,

95 796 205 843 Nec
225 806 387 856 super
406 790 518 855 ipse
546 797 632 837 tua
657 789 860 838 moliris
886 789 1043 838 laude
1065 790 1333 850 lahorem3

95 862 377 912 Ascanium
400 868 735 923 surgentem,
778 868 829 907 et
851 875 970 925 spes
993 859 1207 909 heredis
1229 861 1325 910 Iuli

95 932 346 998 Respice3
388 930 471 978 cui
492 945 720 993 regnum
743 929 920 979 Italiae
942 932 1294 998 Romanaque
1320 930 1477 980 tellus
1508 933 1608 982 275

190 1116 257 1151 267
287 1118 477 1149 Con-struis
503 1115 694 1150 Zulicliem.
746 1116 983 1160 (Exclamandi
1015 1117 1148 1161 signum
1177 1124 1258 1160 post
1290 1118 1461 1151 Exstrais
1490 1117 1610 1162 posuit

95 1163 281 1198 VV'underl.
313 1164 408 1207 ll‘r.)
503 1165 571 1197 283
596 1164 697 1196 claro
723 1163 790 1196 tibi
822 1177 876 1195 me
908 1165 1042 1207 Menag.
1074 1177 1124 1208 pr.
1175 1165 1324 1197 dimittit
1346 1164 1445 1196 multi
1471 1171 1506 1196 et
1540 1165 1607 1198 hic.

96 1213 164 1245 269
189 1223 232 1242 ac
252 1219 399 1247 terram,
426 1219 461 1242 ec
478 1218 613 1242 terram
633 1210 690 1242 alii
707 1211 797 1254 apud
816 1210 934 1243 Heius.
961 1213 1023 1255 qui
1039 1211 1194 1254 fulmine
1213 1211 1373 1244 Parrhas.
1444 1213 1514 1246 270
1532 1212 1608 1244 cel-

97 1270 158 1290 sus
177 1269 243 1289 sec.
266 1257 432 1288 Rottend.
530 1258 595 1290 271
620 1259 708 1298 Quis
728 1258 819 1289 Gud.
868 1266 893 1289 t.
916 1259 1034 1290 omnia
1052 1259 1106 1291 ed.
1130 1260 1268 1297 venet„
1290 1258 1390 1291 male.
1460 1260 1530 1293 273
1550 1259 1608 1291 Ne

96 1317 124 1337 S.
147 1305 226 1336 Exc.
248 1305 361 1335 Burni.
411 1315 479 1335 ,sua
507 1303 650 1336 Mentel.
680 1316 733 1348 pr.
782 1305 894 1336 Totus
919 1316 1037 1336 versus
1068 1305 1168 1337 abest
1202 1317 1221 1337 a
1254 1306 1394 1346 Medic„
1437 1317 1513 1338 cum
1539 1317 1608 1350 quo

96 1350 259 1383 convenit
289 1349 395 1382 Goth.
426 1356 531 1391 tert.‚
563 1351 610 1394 (et
638 1353 667 1385 1.
686 1353 719 1385 Ξ.
737 1352 770 1385 3.
792 1352 824 1385 7.
850 1353 902 1385 10.
929 1351 1025 1394 IVr.)
1062 1351 1097 1383 in
1127 1352 1302 1384 nonnullis
1329 1364 1429 1384 manu
1457 1353 1609 1385 secunda

96 1397 248 1430 insertus
273 1403 332 1429 aut
350 1396 496 1439 margini
522 1396 729 1440 adscriptus.
776 1398 877 1440 Apud
896 1399 1064 1442 Pompon.
1085 1399 1165 1431 Sab.
1186 1398 1332 1442 legitur:
1375 1400 1477 1439 „IVec
1498 1412 1610 1445 super

96 1445 283 1477 secundum
299 1444 570 1487 Apronianum.‘⁴
606 1444 754 1476 Videtur
771 1444 903 1488 aliquid
920 1445 1100 1477 excidisse.
1149 1446 1237 1477 Nam
1257 1453 1434 1478 corrector
1450 1446 1510 1478 ille
1522 1446 1609 1479 Vir-

96 1491 217 1535 giliani
237 1490 354 1534 operis
378 1493 421 1533 (v.
443 1491 543 1523 Tom.
573 1492 588 1522 I
610 1498 689 1535 post
712 1492 821 1534 praef.
846 1491 888 1523 de
918 1492 995 1524 cod.
1013 1492 1187 1533 mediceo)
1217 1505 1351 1525 versum
1375 1493 1466 1525 hunc
1496 1493 1609 1526 resci-

96 1539 209 1577 derat,
229 1544 267 1569 ut
291 1549 331 1569 ex
354 1537 502 1570 Medicei
521 1538 652 1570 codicis
678 1538 831 1570 lectione
853 1545 1010 1583 apparet.
1061 1540 1140 1572 Vss.
1158 1540 1341 1574 271—275
1359 1540 1444 1572 facti
1465 1541 1509 1572 ad
1537 1553 1606 1573 vss.

94 1585 292 1619 232—236.
326 1583 458 1616 Pierius
492 1584 541 1616 nil
572 1585 615 1616 de
646 1584 714 1616 suis
745 1585 898 1624 monuit3
934 1585 992 1629 qui
1023 1586 1111 1618 adeo
1143 1586 1231 1618 nihil
1259 1597 1407 1618 novasse
1435 1587 1607 1620 videntur.

97 1633 209 1676 (Hunc
223 1642 358 1670 versum
378 1631 443 1662 etsi
464 1642 531 1663 non
555 1631 638 1663 satis
662 1639 758 1663 certo
788 1640 989 1675 argumento
1008 1633 1170 1672 tuebere,
1217 1632 1246 1665 si
1268 1640 1415 1678 propter
1435 1634 1608 1677 geminum

94 1679 229 1719 locum,
255 1677 313 1721 qui
335 1690 439 1721 supra
459 1678 605 1722 legitur,
632 1678 826 1710 desiderari
853 1691 957 1723 posse
987 1691 1116 1722 neges,
1151 1678 1277 1712 eiicere
1311 1687 1425 1712 tamen
1457 1692 1526 1713 non
1547 1693 1609 1713 au-

94 1726 178 1764 sim,
203 1731 275 1756 tum
297 1724 392 1768 quod
412 1724 648 1769 oppositionis
674 1725 763 1757 ratio
787 1737 851 1769 pro
873 1737 913 1758 eo
934 1733 1085 1770 pugnat,
1111 1734 1176 1758 tum
1207 1727 1301 1771 quod
1321 1739 1340 1759 a
1362 1727 1508 1760 librario
1530 1740 1608 1760 me-

93 1773 240 1805 moriter
268 1771 356 1803 huec
383 1772 558 1804 scribente
577 1771 679 1804 facile
694 1798 701 1811 ,
722 1778 760 1804 ut
787 1772 862 1804 lieri
883 1773 996 1813 solet,
1022 1772 1209 1816 praeteriri
1232 1780 1384 1818 poterat.
1433 1776 1553 1807 Exstat
1571 1775 1608 1808 in

93 1819 203 1852 Palat.
224 1818 315 1861 ll'r.)
411 1821 481 1853 274
500 1830 584 1864 spes
606 1820 793 1865 surgentis
822 1831 875 1864 pr.
906 1820 1029 1853 Hamb.
1054 1820 1199 1853 Dorvill.
1225 1833 1267 1853 ex
1285 1820 1348 1854 lib.
1371 1822 1419 1863 X,
1442 1822 1521 1863 524,
1547 1828 1608 1854 aut

93 1865 212 1911 potius
229 1877 270 1898 ex
291 1866 450 1898 anteced.
469 1865 596 1898 verbiS.

95 2020 235 2067 (liclis,
287 2019 529 2069 alloquitur,
570 2016 719 2055 habere
754 2017 817 2055 di-

96 2083 217 2114 ctum.
266 2074 463 2127 (Rectius,
494 2080 614 2125 puto,
646 2075 820 2113 Servius.

877 2020 948 2070 qui
963 2018 1094 2055 sidera
1116 2020 1271 2057 mundi.
1325 2020 1508 2072 Virgilius
1529 2035 1606 2060 ve-

876 2090 922 2113 ro
948 2090 1029 2113 non
1045 2077 1255 2127 ignoravit,
1286 2086 1431 2115 terram
1455 2081 1605 2116 circum

97 2135 282 2171 Ceterum
311 2134 419 2170 allae
440 2145 489 2168 ex
512 2139 652 2182 poetae
675 2139 820 2181 mente,

96 2205 178 2229 non
201 2189 401 2238 Mercurii,
423 2189 621 2227 adiectum
644 2190 818 2227 videtur.

100 2246 218 2300 IsVr.)
278 2251 375 2290 266.
406 2250 569 2284 uxorius
607 2260 695 2284 cuni
721 2248 824 2284 (lile-

97 2312 166 2344 ctu
197 2305 371 2353 dictum,
413 2304 463 2341 ad
503 2304 669 2342 Didonis
714 2305 824 2342 arbi-

95 2364 232 2401 trium.
290 2365 374 2404 268
393 2376 449 2412 sq.
475 2362 621 2399 Versus
642 2375 692 2399 ex
713 2362 823 2399 Iliad.

97 2424 142 2471 λ,
172 2424 269 2462 201.
297 2422 406 2458 claro
443 2420 631 2471 Olympo.
675 2414 821 2472 Ὀλύμ-

96 2494 176 2518 που
211 2475 455 2532 αἰγλήεντος.
533 2480 630 2518 269.
673 2485 822 2528 torquet

97 2536 330 2587 exquisitius
359 2549 476 2585 quam
502 2541 651 2582 movet,
681 2535 823 2572 mode-

97 2600 222 2631 ratur.
277 2594 341 2630 Sic
356 2593 443 2641 XII,
468 2595 558 2633 180.
582 2593 733 2629 Cuncta
755 2601 820 2630 tuo

98 2653 168 2701 qui
189 2651 292 2688 bella
309 2659 429 2700 pater
448 2650 518 2686 sul)
550 2652 711 2686 numine
739 2659 821 2688 tor-

97 2722 217 2758 ques:
249 2708 362 2759 regis.
394 2707 552 2756 (Omnia
574 2707 734 2758 proprie
759 2707 822 2745 di·-

98 2770 161 2801 cta
182 2771 294 2814 puto.
343 2765 497 2813 Motus,
529 2765 672 2814 quibus
699 2772 821 2803 natu-

96 2834 143 2859 ra
163 2821 316 2859 eoelum
336 2828 373 2859 et
391 2828 541 2859 terram
560 2822 702 2871 agitat,
733 2823 820 2860 Iovi

97 2878 349 2927 tribuuntur,
379 2885 427 2916 ut
448 2879 517 2927 IX,
549 2881 637 2920 93.:
670 2887 820 2930 torquet

878 2148 995 2170 axem
1019 2148 1057 2170 se
1085 2149 1244 2171 summa
1276 2136 1471 2173 celeritate
1503 2151 1606 2173 con—

878 2199 1020 2227 vertere,
1041 2200 1078 2227 et
1104 2200 1149 2228 to
1162 2207 1252 2242 rqzt
1266 2206 1372 2239 ere;
1393 2207 1492 2243 quae
1512 2199 1607 2231 sunt

882 2248 1004 2285 verba
1027 2249 1225 2286 Ciceronis
1241 2250 1282 2286 in
1297 2250 1460 2297 Quaest.
1482 2251 1606 2291 Acad.

881 2306 946 2354 JV,
968 2308 1033 2346 39.
1055 2304 1212 2357 §.123
1241 2307 1301 2344 En
1321 2309 1607 2359 omnipotentis

880 2363 1244 2414 Iovismagnificam
1267 2366 1452 2415 speciem!
1474 2368 1602 2407 ltsclz.

880 2420 961 2458 vid.
978 2421 1070 2459 Not.
1091 2421 1141 2458 ad
1164 2422 1233 2470 IX,
1265 2425 1330 2463 93.
1359 2423 1476 2477 lVr.)
1526 2440 1606 2463 nu—

880 2481 984 2515 mine
1002 2478 1041 2516 h.
1060 2479 1085 2517 l.
1107 2479 1148 2517 vi
1171 2493 1252 2517 sua.
1294 2483 1384 2518 teris
1407 2485 1500 2531 otia,
1534 2496 1607 2520 ex-

880 2536 1023 2585 quisite
1063 2542 1110 2574 ut
1150 2540 1393 2575 consumitur
1406 2569 1416 2587 ,
1472 2543 1609 2579 tert'lnr

878 2602 1046 2643 tempus.
1105 2594 1306 2645 Exemplis
1325 2609 1410 2633 rem
1430 2597 1608 2637 firmavit

880 2651 1144 2689 Marklandus
1167 2652 1218 2690 ad
1246 2654 1347 2693 Stat.
1378 2654 1431 2692 III
1451 2656 1545 2694 Silv.
1566 2656 1605 2705 5,

882 2712 949 2750 60.
979 2709 1113 2757 Liv.1‚
1146 2711 1213 2752 57.
1262 2712 1363 2749 conf.
1387 2712 1605 2751 Burmann.

879 2775 1103 2817 surgentem
1134 2767 1291 2804 mavult
1322 2769 1452 2807 dicere
1475 2777 1605 2822 poeta,

879 2837 997 2873 quam
1019 2831 1271 2862 crescentem.
1290 2839 1328 2863 v.
1352 2826 1378 2873 Ι,
1401 2830 1496 2870 366.
1516 2843 1606 2865 snr-

875 2889 1110 2933 genlequte
1168 2896 1295 2920 novae
1347 2884 1606 2934 Carthaginis
