1811 3388
1 2679 4 2751 i

2 2754 5 2820 ἱ

406 211 807 261 AENEIDOS
845 210 980 261 LlB.
1021 214 1114 273 Vl,
1154 218 1336 264 4—16

1509 225 1619 271 855⁷

123 340 230 384 laun
254 335 480 382 subeunt
501 335 703 382 Triviae
728 333 896 396 lucos,
935 343 1089 399 atquc
1109 353 1260 384 aurea
1285 346 1427 388 tecta.

189 402 470 464 Daedalus,
507 411 565 451 ut
593 400 729 450 sama
759 412 859 462 est,

123 470 460 535 Praepetibus
480 473 667 536 pennis
686 488 838 520 ausus
859 489 912 520 se
937 472 1153 522 credere
1178 474 1346 536 coelo,

898 402 1101 466 fugiens
1123 405 1318 453 Minoia
1346 422 1517 470 regua,

1543 482 1603 528 15

119 542 389 588 Insuetum
416 556 512 605 per
535 541 632 589 iter
647 540 842 604 gelidas
868 542 1037 590 enavit
1063 542 1127 590 ad
1152 546 1350 606 Arctos,

212 665 254 699 14
278 674 332 698 est
356 677 374 698 a
400 666 514 698 multis
541 667 627 700 Pier.
651 668 783 700 aberat.
834 669 883 700 M.
909 677 1003 701 tecta
1029 670 1134 710 νεα,
1164 670 1312 702 sollenui
1337 669 1599 715 permutatione.

121 711 164 743 cf.
191 712 303 744 Burin.

400 713 439 747 15
461 714 584 757 pinnis
609 713 732 746 Medic.
779 714 893 746 Possis
918 714 1077 757 iungere:
1114 716 1350 761 Praepetibus
1376 717 1510 761 pennis
1532 729 1600 748 au-

118 769 182 789 sus
206 770 243 789 se
273 758 437 797 credere,
473 759 570 791 coelo
594 761 779 791 Insuetnm
802 779 842 783 —
864 764 913 803 (et
940 761 986 792 itu
1021 760 1177 794 distinxit
1212 762 1367 802 &Vakefq
1403 761 1468 794 vid.
1502 763 1600 794 eund.

116 802 160 835 ud
185 803 320 835 Lucret.
345 804 402 843 lV,
431 805 505 838 173.
537 805 627 846 ll‘r.)
656 806 809 848 Languet
834 806 881 838 sic
909 807 1017 838 coelo.
1068 809 1107 839 Et
1132 807 1229 840 ovid.
1264 808 1344 841 Met.
1380 808 1421 848 ll,
1453 808 1521 842 377
1557 808 1601 840 de

116 860 243 892 cycno:
282 862 346 881 nec
379 861 417 881 se
449 850 618 895 coeloque
640 853 789 896 Iovique
813 852 932 884 Credit
955 872 994 875 —
1023 854 1164 898 Stagna
1194 856 1295 899 petit.

1390 854 1431 888 16
1459 855 1601 899 pariter

115 895 233 927 Franc.
283 896 419 927 erravit
446 896 548 931 Witt.
600 900 726 940 (Artos
750 898 873 931 Medic.
900 898 932 930 iu
958 898 1082 941 litura,
1110 900 1343 944 superscripta
1367 912 1396 932 c.
1425 900 1519 943 Wr.)

114 1010 222 1047 afflat
243 1010 324 1047 eius
351 1018 542 1060 mentem,
573 1020 725 1061 movet,
763 1014 827 1051 in—

114 1067 231 1114 citat,
263 1068 412 1105 surore:
443 1076 482 1105 et
500 1068 575 1107 hoc
593 1071 739 1108 melius.

173 1126 235 1164 13.
255 1124 334 1161 lter
351 1125 400 1161 ad
422 1124 613 1177 Apollinis
637 1128 825 1178 templum

114 1178 252 1231 (aurea
295 1180 411 1231 tec-ia)
454 1189 538 1219 erat
576 1197 645 1234 per
680 1185 825 1232 lucum,

113 1250 190 1286 quo
222 1237 318 1274 illud
339 1238 602 1289 ambiebatur,
644 1254 693 1278 ex
720 1254 828 1279 more

113 1300 256 1330 vetere.
316 1295 484 1332 Hecatae
512 1304 642 1334 autem
671 1298 732 1335 illc
762 1299 825 1335 lu-

111 1363 178 1387 cus
200 1363 288 1388 cum
312 1357 396 1388 toto
415 1352 572 1391 Averno
595 1367 721 1402 sacer,
750 1356 826 1403 vel,

111 1413 155 1443 ut
185 1406 403 1457 loquuntur
433 1410 518 1458 alii,
560 1411 825 1463 Proserpinae.

109 1464 211 1500 cons.
234 1465 394 1502 Excurs.
423 1465 466 1505 ll.

167 1522 359 1562 14—19.
391 1522 521 1559 Fuisse
552 1525 692 1561 samam
717 1525 823 1562 anti·—

109 1589 227 1625 quam
263 1585 445 1628 apparet,
481 1581 670 1631 templum
699 1582 821 1632 Apol-

108 1633 194 1670 linis
225 1635 444 1672 Cumanum
477 1650 497 1672 a
535 1638 702 1674 Daedalo
739 1651 820 1675 esse

107 1696 349 1729 extructum.
410 1693 604 1732 Videntur
635 1694 753 1732 Siculi
782 1701 820 1731 et

106 1746 192 1784 Itali
214 1776 224 1794 ,
262 1740 448 1798 quicquid
485 1751 591 1801 apud
630 1763 669 1787 se
698 1752 818 1788 mirae

106 1803 168 1840 vel
210 1805 430 1854 praeclarae
475 1808 569 1845 artis
614 1806 816 1856 haberent,

105 1861 154 1897 ad
178 1860 388 1899 Daedalum
409 1865 598 1901 retulisse.
657 1865 820 1914 Colligas

106 1916 180 1953 hoc
203 1918 262 1954 vel
292 1931 340 1955 ex
374 1920 532 1958 Diodori
564 1921 627 1958 lib.
660 1922 722 1969 IV,
753 1923 817 1961 78.

104 1973 330 2024 llabuitque
347 1976 444 2012 adeo
465 1978 563 2014 sorte
583 1976 723 2014 horum
745 1991 818 2027 po-

104 2030 289 2080 pulorum
311 2045 374 2068 ars
389 2032 619 2070 aedificandi
646 2041 684 2071 et
712 2034 818 2070 scul-

104 2086 221 2137 pendi
257 2089 443 2138 originem
485 2103 594 2126 sunm
635 2104 653 2126 e
690 2092 814 2127 Creta.

105 2144 331 2181 Communis
352 2146 526 2182 narratio
557 2152 632 2193 est,
666 2147 817 2183 Daeda-

104 2200 184 2237 lum
203 2213 252 2237 ex
279 2202 393 2238 Creta
418 2204 624 2252 profugum
649 2204 685 2239 in
717 2204 814 2240 Sici-

105 2257 153 2292 lia
188 2270 208 2293 a
254 2257 379 2294 Minoe
420 2259 535 2295 fuisse
574 2272 813 2309 oppressum.

103 2314 154 2350 At
181 2320 318 2364 poeta,
356 2315 469 2351 aliani
501 2317 641 2352 sarnam
669 2329 813 2365 sequu-

103 2377 186 2416 tus,
218 2371 428 2408 Daedalum
449 2385 495 2408 ex
514 2373 640 2409 Sicilia
659 2385 814 2422 quoque

103 2428 189 2476 suga
213 2429 377 2464 evasisse
407 2429 556 2466 statuit.
617 2430 814 2466 Praeclare

99 2484 277 2521 servius:
302 2486 512 2521 Daedalus
535 2500 620 2521 vero
637 2489 812 2536 primum

102 2541 329 2578 Sardiniam
349 2571 357 2587 ‚
391 2550 434 2578 ut
467 2544 561 2578 ‹lit-it
598 2544 811 2579 Sallustius·

99 2595 167 2631 lib.
203 2598 251 2634 ll
287 2599 579 2645 ilistoriarum,
618 2608 708 2647 post
739 2600 810 2635 ‹lv—

100 2653 205 2688 latus
243 2663 299 2690 est
355 2655 527 2691 Cumas:
592 2664 627 2691 el
668 2657 810 2704 templo

883 1022 1071 1064 sequutus
1102 1022 1159 1052 est
1197 1016 1311 1054 Silius
1348 1015 1433 1062 ΧΠ,
1467 1016 1520 1056 89
1543 1037 1597 1044 -—

888 1074 976 1112 103.
1036 1073 1275 1110 ornamenta
1310 1072 1447 1109 saltem
1488 1085 1597 1109 com-

882 1135 1023 1179 parent
1044 1129 1220 1167 studiosi.
1249 1151 1304 1157 —
1338 1130 1398 1170 15.
1416 1128 1553 1166 Horat.
1581 1128 1596 1166 1

884 1185 960 1223 Od.
989 1189 1027 1233 3,
1065 1186 1137 1227 34:
1188 1188 1383 1235 Expertus
1424 1199 1597 1222 vacuum

886 1244 1097 1279 Daedalus
1121 1257 1214 1281 aera
1242 1245 1392 1279 Pennis
1418 1256 1493 1278 non
1521 1241 1592 1278 lio—

886 1301 985 1336 mini
1002 1300 1121 1336 alatis,
1165 1299 1290 1336 Verba
1307 1312 1356 1336 ex
1377 1298 1594 1348 antiquiore

886 1368 1062 1393 sermone
1098 1357 1250 1407 poetico
1290 1361 1457 1392 servata.
1516 1355 1591 1392 Cic.

885 1412 932 1449 de
963 1413 1089 1450 Diw‘n.
1119 1413 1146 1461 1,
1175 1413 1228 1453 47
1256 1425 1304 1448 ex
1340 1412 1464 1449 Mario
1500 1424 1592 1448 suo:

889 1471 1006 1505 Hanc
1054 1469 1122 1506 ulai
1160 1469 1411 1519 praepetibus
1451 1470 1593 1517 pennis

882 1527 1076 1576 lapsuque
1121 1526 1316 1562 volantem.
1367 1526 1587 1574 Cbnspexit.

879 1583 925 1619 cs.
956 1595 1040 1633 sup.
1070 1583 1114 1629 V,
1144 1582 1238 1623 254.
1297 1582 1339 1618 ln
1370 1594 1590 1630 voc.prae-

874 1653 946 1688 pes·
988 1645 1225 1689 argutantur
1261 1644 1412 1675 veteres
1446 1639 1590 1674 Gram-

877 1695 1019 1732 uiatici.
1059 1709 1096 1735 v.
1127 1695 1223 1734 Gell.
1256 1695 1318 1742 Vl,
1351 1697 1375 1735 6
1404 1699 1442 1730 et
1479 1695 1588 1731 Serv.

874 1751 980 1789 Nihil
1002 1751 1108 1789 aliud
1131 1757 1186 1788 est
1208 1765 1337 1801 quam,
1369 1751 1483 1798 celer,
1517 1762 1588 1787 ve-

878 1808 957 1846 lox.
1019 1811 1082 1850 16.
1115 1809 1173 1845 ad
1187 1808 1326 1845 Arctos
1348 1808 1448 1844 cons.
1472 1807 1540 1843 Ge.
1560 1806 1587 1854 1,

878 1865 971 1906 245.
997 1866 1089 1905 246.
1149 1866 1272 1912 Sane,
1303 1865 1382 1901 sive
1402 1876 1450 1900 ex
1474 1863 1587 1899 Creta

877 1922 958 1958 sive
979 1934 1025 1957 ex
1046 1921 1174 1958 Sicilia
1202 1922 1282 1958 sive
1320 1933 1367 1957 ex
1394 1920 1586 1966 Sardinia,

877 1983 921 2014 ut
958 1978 1075 2014 modo
1113 1990 1133 2014 e
1169 1977 1350 2014 Sallustio
1394 1976 1585 2013 traditum

876 2033 1066 2081 vidimus,
1124 2035 1338 2084 profugus,
1395 2031 1585 2068 Daedalus

875 2090 1011 2127 volatu
1058 2103 1193 2127 versus
1243 2089 1583 2140 septentrionalem

872 2147 1022 2197 plagam
1061 2146 1283 2192 contendit,
1324 2145 1417 2182 duni
1444 2146 1583 2182 Cumas

873 2203 1085 2240 advolavit.
1154 2204 1240 2240 Erit
1279 2209 1427 2248 tamen,
1475 2201 1580 2250 quod

874 2259 979 2296 liaud
1002 2272 1134 2309 neges,
1159 2259 1235 2296 hoo
1251 2258 1364 2296 valde
1385 2257 1579 2294 tumidum

872 2331 890 2352 n
914 2322 1026 2366 poeta
1050 2317 1222 2353 dictum:
1259 2316 1418 2363 gelidas
1449 2316 1580 2350 enavit

872 2375 929 2408 ml
952 2374 1112 2413 Arc-tos.-
1147 2385 1216 2409 nec
1234 2372 1322 2408 satis
1350 2378 1407 2408 est
1438 2371 1577 2417 dicere,

871 2428 1079 2478 prudentia
1113 2429 1151 2466 id
1189 2429 1321 2465 secisse
1353 2427 1576 2472 Daedalum,

871 2498 916 2522 nc
936 2486 1017 2522 alae
1036 2492 1186 2522 ceratae
1205 2485 1283 2522 sole
1303 2485 1578 2534 liquescerent5

870 2548 936 2578 aut
977 2542 1249 2593 septentrionis
1288 2541 1576 2585 observationc3

870 2605 915 2635 ut
954 2600 1112 2636 Servius
1146 2605 1184 2635 et
1228 2598 1288 2635 alii
1329 2603 1573 2646 argutantur.

868 2655 1021 2692 Scilicet
1056 2657 1161 2692 suere
1210 2655 1342 2706 plures
1387 2654 1476 2690 olim
1527 2653 1573 2688 de

102 2709 283 2756 Apollini
311 2711 463 2747 condito
502 2714 744 2762 sacratisque
772 2714 808 2748 ei
866 2712 1019 2748 Daedali
1040 2712 1237 2749 erroribus
1259 2725 1325 2762 per
1339 2724 1463 2747 neroni
1479 2722 1570 2745 nar-

98 2765 174 2799 ali-s·
214 2767 254 2801 in
286 2765 445 2813 foribus
483 2768 580 2803 lma·
625 2771 805 2805 universa
863 2769 1035 2805 rationes
1058 2767 1119 2818 (ut
1151 2769 1188 2805 in
1220 2769 1300 2818 ipso
1333 2767 1447 2802 (ΝΜ.
1482 2765 1569 2800 Met.

93 2822 240 2868 pinxit.
311 2822 492 2859 Ceterum
536 2830 659 2860 totuin
684 2853 692 2870 ,
735 2825 802 2873 qui
864 2825 961 2871 Vlll,
986 2827 1066 2866 220
1085 2837 1160 2873 seq.
1183 2838 1259 2860 non
1282 2824 1569 2870 sntisusscqnor

95 2877 293 2926 sequitur,
335 2877 462 2914 locuni
495 2880 684 2929 copiosius
714 2894 802 2930 per·
864 2893 977 2929 quein
1007 2893 1163 2918 cursum
1195 2893 1260 2916 seu
1296 2880 1467 2916 volatum
1509 2883 1567 2913 tc-
