1779 3420
181 229 284 276 302

513 219 955 271 P.V1RG1L11
993 214 1369 265 MARONIS

186 348 485 400 Subiiciunt
504 347 705 413 lapsuS,
747 354 800 395 et
820 354 1045 409 stuppea
1065 339 1273 390 vincula
1296 339 1434 390 collo

183 418 493 470 Intendunt.

182 492 311 540 Feta
334 488 505 538 armis,

569 415 786 466 Scandit
807 413 973 463 fatalis
995 411 1243 460 machina
1267 427 1468 470 murOS,

577 486 736 536 Pueri
761 485 960 534 circum
984 482 1351 547 innuptaeque
1377 479 1591 547 puellae

189 562 346 609 Sacra
367 565 579 619 canunt,
611 554 914 620 funemque
935 568 1102 600 manu
1125 552 1437 615 contingere
1459 548 1709 615 gaudent.

185 629 283 679 Illa
306 628 471 691 subit,
507 626 830 691 mediaeque
851 623 1062 671 minans
1087 620 1339 670 inlabitur
1364 621 1499 672 urbi.

1608 625 1711 673 240

191 700 239 749 O
266 699 459 766 patria,
499 713 531 746 o
564 696 746 745 divom
773 694 967 743 domus
986 690 1170 751 Ilium,
1211 700 1263 740 et
1288 691 1486 740 incluta
1507 689 1656 740 bello

283 850 354 885 236
378 847 561 882 subiciunt
579 845 696 888 multi,
722 845 835 878 veteri
858 858 897 878 ac
915 841 1068 877 sollenni
1087 853 1185 875 more
1206 842 1241 874 in
1263 841 1413 884 talibus,
1439 848 1478 874 ut
1504 840 1622 883 obicit,
1647 839 1712 875 ob—

191 898 310 930 icitur.

193 944 246 987 (ut
270 943 380 976 Palat.
410 943 505 985 lVr.)

389 896 459 930 238
479 896 592 938 pueri
609 896 743 927 circum
760 892 881 926 Heius.
899 904 942 924 ex
961 889 1105 935 optimis
1140 889 1244 923 codd.
1300 889 1417 933 Vulgo
1440 890 1574 922 circum
1593 889 1712 934 pueri.

602 941 669 975 941
696 941 794 974 Ilion
815 940 957 984 inclyta
974 936 1135 970 nonnulli
1150 936 1233 969 libri
1254 943 1288 969 et
1306 936 1458 970 Priscan.
1481 936 1574 980 apud
1592 935 1712 968 Heius.

192 991 289 1024 Ilion
311 998 346 1023 ec
364 990 433 1022 duo
453 990 568 1022 Burm.
593 1000 670 1021 cum
692 987 800 1021 Goth.
826 999 897 1020 sec.
946 987 998 1029 (et
1020 984 1122 1017 deest
1150 983 1229 1017 Alb.
1265 984 1359 1027 Wr.)

193 1096 265 1146 tis,
297 1094 460 1146 quando
484 1094 711 1133 volvuntur
728 1116 785 1122 —
805 1092 861 1130 sic
882 1098 922 1130 et

194 1154 403 1192 intendunt
430 1152 686 1203 exquisitius,
726 1165 846 1202 quam
870 1150 923 1188 il-

194 1213 340 1263 ligant,
371 1211 598 1248 innectunt.
650 1210 794 1258 cf.1V,
827 1209 924 1250 506.

196 1269 264 1323 (cf.
283 1269 374 1307 Not.
398 1268 447 1306 ad
471 1269 539 1306 Ge.
559 1268 623 1317 IV,
652 1270 748 1309 399.
773 1265 923 1319 cht‘z.)

197 1328 241 1366 in
266 1328 368 1365 collo
392 1326 476 1364 noli
499 1325 697 1378 argutari:
744 1339 835 1363 cuni
856 1325 927 1363 fu-

197 1399 247 1424 ne
278 1398 328 1423 ex
358 1397 404 1422 eo
438 1398 542 1422 nexo
570 1383 680 1422 trahi
706 1397 832 1434 equus
857 1383 929 1422 vix

197 1442 407 1482 commode
426 1448 570 1494 posset.
603 1441 780 1492 Intellige
798 1440 928 1492 simpl.

197 1503 333 1540 sunem
353 1513 404 1537 ex
423 1500 624 1538 anteriore
643 1505 756 1551 parte
777 1505 929 1551 aptum.

199 1558 388 1598 Occurrit
414 1564 597 1610 aspectus
617 1558 659 1595 in
682 1556 930 1609 anaglyphis,

200 1618 388 1655 Ceterum
409 1623 582 1668 poetam,
613 1615 754 1653 saltem
773 1617 870 1656 238.
890 1617 930 1655 9.

201 1675 254 1713 ad
281 1673 444 1713 thensas
464 1675 741 1711 Romanorum
764 1686 931 1710 suorum

201 1744 434 1782 sacramque
476 1745 663 1783 pompam
712 1730 932 1782 respexisse

203 1804 285 1828 non
305 1789 565 1842 improbabile
582 1794 650 1826 est.

263 1848 504 1891 237-240.
538 1846 704 1884 *St-amm
716 1860 863 1893 muros,
887 1843 929 1882 lz.

205 1920 238 1942 e.
248 1904 507 1953 transcendit,
521 1905 646 1942 maior
659 1904 799 1954 imago,
814 1916 935 1953 quain

205 1963 235 2000 si
248 1969 407 2014 portam
428 1964 564 2011 inlr-al,
588 1975 701 2012 quae,
724 1974 935 1998 murorum

205 2021 484 2072 impositorum
497 2026 537 2057 et
550 2019 827 2071 allingentium
837 2033 936 2070 par-

206 2085 248 2116 te
273 2078 440 2127 deiecta,
466 2078 683 2116 eratlatior
701 2077 934 2125 sacta,cons.

207 2137 273 2174 ins.
314 2136 379 2184 VI,
411 2137 507 2179 514.
539 2137 642 2184 515,
674 2142 714 2172 et
743 2134 935 2172 machina

195 2194 373 2245 fatalis,
406 2194 575 2231 exitium
604 2193 723 2231 fatale
753 2192 935 2231 Troianis

208 2252 374 2289 afferens
388 2280 398 2300 ,
450 2257 489 2289 et
505 2252 602 2302 fieta
632 2253 776 2300 armis,
818 2251 935 2302 plena

210 2309 376 2347 armatis
407 2309 528 2358 viris3
566 2316 614 2347 ut
646 2310 723 2346 ianl
745 2303 936 2362 ἐγκύμον’

209 2367 336 2407 ἵππον
354 2367 524 2418 τευχέων
546 2367 665 2418 apud.
683 2369 776 2404 Eur.
789 2366 936 2404 Troad.

214 2428 289 2471 11,
321 2423 360 2461 ll.
393 2437 423 2461 C.
456 2424 649 2474 ἔνοπλος,
687 2431 735 2462 ut
768 2424 863 2462 ibid.
899 2437 937 2462 v.

212 2484 314 2524 520:
349 2494 437 2531 sup.
459 2496 495 2519 v.
517 2485 571 2522 20
593 2491 746 2519 uterum.
766 2482 938 2519 dixerat.

209 2541 352 2589 gravis
373 2539 444 2576 ins.
466 2539 531 2586 VI,
563 2539 645 2580 515
670 2548 706 2576 ec
737 2548 940 2577 armatum.

207 2597 385 2647 peclilem
398 2599 541 2645 gravi-s·
558 2597 693 2633 allztlc'l
716 2598 827 2634 alvo.
864 2598 941 2634 Lo·-

213 2668 283 2692 cus
305 2660 501 2691 autemex
523 2654 713 2691 Ennianis
733 2668 943 2705 expressus

214 2726 275 2763 ap.
299 2712 470 2749 Mam-ob.
499 2711 559 2759 Vl,
590 2716 615 2754 2
643 2726 739 2748 nam
766 2714 943 2749 maximo

214 2771 332 2807 Salm
362 2771 567 2819 snpvravit
585 2770 783 2818 gravidus
804 2784 943 2807 arma-—

214 2829 285 2864 tei-5
299 2841 477 2879 equus—
486 2828 568 2875 Qui
583 2841 654 2863 suo
669 2835 794 2876 parm
812 2829 943 2864 ardua

211 2886 356 2935 perdat
376 2882 591 2933 Pergama.
648 2886 774 2921 Sacra
795 2893 944 2921 canunt

214 2942 253 2981 h.
267 2956 298 2981 e.
314 2941 500 2994 hymnos,
521 2942 675 2980 utbene
692 2944 826 2991 Serv.;
860 2942 942 2980 scil.

980 1089 1323 1142 quemadmodum
1351 1088 1444 1126 alias
1473 1088 1582 1141 apud
1614 1101 1715 1140 poe-

982 1155 1065 1197 tas,
1097 1162 1238 1186 canere
1258 1147 1398 1195 dulce,
1421 1146 1573 1198 ferale.
1629 1144 1714 1199 (re-

984 1213 1048 1244 cte
1081 1219 1178 1244 vero
1205 1205 1416 1244 Wunderl.
1452 1211 1569 1256 negat
1595 1218 1715 1242 sacra

983 1264 1113 1303 instar
1137 1263 1318 1301 adverbii
1337 1262 1403 1300 hic
1421 1263 1599 1313 positum
1621 1275 1715 1300 esse,

990 1320 1107 1375 lVr.)
1150 1321 1238 1370 Hic,
1269 1327 1309 1358 et
1328 1321 1369 1358 in
1388 1326 1474 1358 toto
1496 1321 1597 1370 loco,
1628 1334 1716 1358 ma-

987 1380 1131 1418 nisesta
1166 1379 1371 1431 Euripidei
1407 1377 1521 1417 chori
1550 1378 1718 1430 vestigia

988 1437 1136 1476 Troad.
1163 1439 1248 1479 522
1278 1451 1362 1488 sqq.
1417 1438 1574 1474 mediae
1612 1436 1713 1474 arbi.

989 1497 1122 1534 omnia
1142 1495 1271 1532 media
1287 1495 1718 1546 dicunturpostinitia,

989 1554 1170 1604 adeoque
1188 1559 1274 1591 tota
1296 1553 1393 1591 urbs
1423 1553 1531 1590 intra
1560 1566 1698 1591 muros
1708 1567 1719 1602 ;

990 1611 1060 1650 etsi
1089 1611 1230 1662 utique
1270 1624 1342 1662 per
1371 1610 1544 1648 mediam
1577 1611 1720 1649 urbem

990 1670 1038 1707 ad
1061 1682 1194 1707 arcem
1222 1668 1369 1706 ductus
1398 1674 1457 1705 est
1479 1681 1605 1719 equus
1621 1699 1632 1718 ,
1672 1675 1720 1707 ut

990 1726 1161 1765 Palladis
1189 1726 1230 1764 in
1264 1726 1412 1778 templo
1442 1726 1719 1765 collocaretur.

993 1786 1041 1823 cs.
1056 1786 1146 1822 Eur.
1166 1784 1191 1822 l.
1213 1798 1244 1822 e.
1267 1783 1364 1832 540,
1388 1788 1458 1824 tet
1476 1785 1551 1823 Od.
1565 1789 1608 1834 θ,
1624 1784 1719 1828 504.

993 1845 1154 1880 minans
1197 1842 1325 1893 simpl.
1367 1841 1419 1880 ad
1465 1843 1721 1881 altitudinem

994 1901 1064 1939 res.
1115 1900 1238 1949 Nam,
1271 1913 1372 1950 quae
1401 1900 1616 1939 altitudine
1651 1914 1722 1939 sua

994 1972 1113 2010 super
1131 1965 1263 1996 cetera
1288 1958 1484 2007 eminent,
1513 1959 1658 1998 minari
1674 1959 1722 1997 iis

994 2017 1199 2054 dicuntur.
1266 2017 1313 2053 cs.
1347 2016 1444 2054 Aen.
1484 2017 1558 2066 IV,
1591 2019 1646 2059 88
1683 2023 1723 2055 et

993 2077 1105 2112 serv.
1173 2074 1314 2112 Melius
1363 2080 1496 2112 autem
1544 2075 1724 2127 iungitur

994 2132 1178 2170 illabitur
1202 2132 1291 2169 urba·
1319 2134 1496 2182 mediae,
1529 2134 1690 2171 minans
1706 2148 1722 2179 ;

993 2204 1112 2242 quam
1132 2192 1293 2228 minans
1306 2191 1464 2228 mediae
1485 2190 1587 2240 urbi,
1614 2189 1725 2242 quod

992 2255 1166 2287 tenums.

1052 2304 1291 2349 241—243.
1321 2305 1462 2343 clivum
1478 2306 1635 2354 (lomus,
1659 2306 1726 2343 in-

996 2371 1153 2403 certum
1184 2376 1266 2400 esse
1297 2369 1449 2415 potest,
1492 2378 1572 2415 quo
1608 2376 1727 2401 sensu

998 2423 1148 2460 dixerit
1185 2427 1313 2474 poeta.
1390 2422 1554 2473 Proprie
1591 2428 1726 2459 tamen

997 2481 1093 2518 urbs
1121 2481 1176 2518 ita
1199 2479 1391 2531 appellari
1412 2479 1531 2517 debet
1560 2486 1726 2531 propter

998 2544 1164 2590 augusta
1188 2538 1336 2589 templa
1355 2544 1394 2574 et
1415 2538 1644 2589 religiones,
1687 2542 1728 2574 et

999 2610 1049 2634 ex
1068 2609 1236 2648 persona
1264 2595 1319 2646 pii
1349 2595 1501 2632 Aeneae
1529 2594 1627 2632 haec
1659 2608 1728 2631 ac-

1001 2655 1133 2706 ceptio
1155 2660 1216 2691 est
1239 2652 1624 2691 convenientissima.
1665 2653 1729 2689 Sic

1003 2718 1042 2749 et
1068 2712 1111 2749 in
1143 2725 1266 2749 numo
1293 2711 1399 2763 apud
1426 2710 1589 2748 Eckhel.
1619 2710 1663 2748 V.
1687 2710 1728 2746 C.

1001 2770 1119 2807 Numi
1162 2775 1241 2807 vet.
1280 2769 1415 2807 anecd.
1446 2783 1483 2819 p.
1522 2772 1603 2811 170
1634 2767 1729 2805 urbs

1003 2827 1344 2879 Germanicopolis
1395 2825 1582 2878 Paphlag.
1623 2825 1730 2862 dicta

1003 2891 1063 2922 est
1091 2885 1201 2925 ἑστία
1235 2887 1372 2925 θεῶν·
1414 2891 1461 2922 ut
1494 2890 1533 2921 et
1562 2884 1611 2921 de
1647 2882 1731 2920 aliis

1003 2943 1170 2981 urbibus
1189 2942 1343 2981 dictum
1366 2942 1627 2980 meminimus.
1656 2941 1731 2977 Ce-
