1779 3420
127 189 228 239 254
388 180 1388 232 EXCURSUSXIX*XX

127 315 222 354 inde
255 329 276 352 a
304 313 470 363 Phidia,
499 312 702 364 sculptum
732 310 774 348 in
805 315 921 348 scuto
948 309 1152 347 Minervae
1184 308 1374 357 Athenis,
1406 307 1658 347 Amazonum

127 373 325 427 praelium
364 371 480 426 (Plin.
510 370 700 418 XXXVI,
739 368 779 418 4,
811 368 858 420 4)
891 373 931 405 et
960 368 1001 405 in
1028 367 1112 405 basi
1143 367 1347 406 simulacri
1376 367 1481 406 Iovis
1512 367 1658 419 Olym-

130 432 185 486 pii
215 432 405 482 (Pausan.
433 431 481 480 V,
516 433 581 471 11.
611 443 651 481 p.
683 425 800 480 402).
869 426 915 463 In
950 425 1078 463 lorica
1111 431 1244 464 autem
1285 439 1356 463 seu
1398 424 1542 464 humili
1584 438 1659 477 pa·-

129 491 251 539 rie-te,
283 495 375 528 ante
403 489 509 527 Iovis
532 486 792 525 simulacrum
822 482 969 533 ducto,
999 482 1249 521 Penthesilea
1285 484 1521 533 vulnerata,
1551 483 1660 535 picta

130 563 153 587 a
180 549 389 595 Panaeno,
419 545 584 585 Phidiae
613 544 739 581 fratre
771 540 916 594 (ibid).
976 540 1062 578 Alia
1090 547 1178 579 erat
1202 541 1474 580 Penthesileae
1498 541 1660 594 pictura

131 606 344 659 Polygnoti
372 603 535 656 Delphis
568 601 681 652 (ibid.
713 600 774 649 X,
807 602 875 640 31.
909 613 946 650 p.
981 599 1064 640 875
1098 597 1141 651 f.)
1175 605 1215 637 et
1239 613 1373 651 pugna
1402 599 1544 638 Thesei
1568 613 1660 638 cum

132 663 427 713 Amazonibus,
463 661 572 713 picta
596 660 639 697 in
674 658 828 696 Poecile
856 671 877 694 a
906 656 1065 695 Micone
1094 657 1209 707 (ibid.
1238 658 1267 706 Ι,
1304 656 1386 711 15).
1447 659 1662 696 Certamen

133 723 335 762 artificum
362 723 406 759 in
442 717 667 757 dedicando
696 729 747 754 ex
784 729 875 753 aere
912 715 1024 766 signo
1051 715 1092 752 in
1125 715 1275 767 templo
1319 715 1585 768 Ephesiorum
1620 730 1661 755 v.

134 781 245 834 apud
275 779 374 819 Plin.
404 776 604 825 XXXIV,
638 777 690 816 19
718 787 780 827 pr.
849 774 979 811 Fuere
1011 773 1038 811 ii
1068 773 1243 811 artifices
1274 773 1523 826 Polycletus,
1563 773 1662 813 Phi—

136 840 246 888 dias,
294 836 510 884 ctesilaus,
552 833 695 886 Cydon
730 839 770 870 et
799 831 1044 870 Plu-admon.
1104 831 1315 870 Praeterea
1340 832 1492 871 Plinius
1518 832 1663 871 Desilai

135 897 379 937 Amazonem
410 894 688 940 vulneratam,
720 890 928 944 (XXXIV,
961 892 1026 939 19,
1048 890 1117 940 15)
1149 896 1189 928 et
1215 891 1509 943 Strongylionis
1535 890 1664 930 Ama-

136 969 278 994 zonem
304 966 519 991 eucnemon
545 949 660 1003 (ibid.
690 963 719 988 S.
744 948 847 1003 21),
879 956 1095 999 utramque
1118 961 1169 986 ex
1197 962 1299 998 aere,
1332 956 1544 989 memorat.
1583 950 1664 987 De-

136 1014 228 1052 buit
258 1011 423 1050 Phidiae
456 1009 533 1048 alia
561 1021 645 1046 esse
676 1007 846 1046 Athenis
882 1008 1059 1045 Amazon
1101 1006 1245 1045 hastae
1283 1010 1449 1057 innixa,
1499 1008 1531 1046 si
1567 1021 1665 1047 vera

138 1072 244 1110 dixit
271 1069 437 1109 Lucian.
466 1068 610 1119 Imagg.
643 1064 682 1107 4.
743 1065 962 1116 Antiquius
1003 1065 1189 1103 omnibus
1229 1068 1473 1104 enumeratis
1509 1066 1666 1118 signum

138 1130 214 1168 suit
239 1127 449 1167 Aristoclis
481 1125 730 1178 Cydoniatae
756 1123 867 1162 ultra
892 1123 955 1161 Ol.
982 1123 1135 1162 XXIX.
1160 1137 1368 1176 assurgens
1389 1138 1501 1174 aevo,
1534 1125 1665 1175 (Paus.

138 1188 198 1236 V,
230 1186 309 1236 25,
351 1200 391 1238 p,
432 1182 556 1237 445.)
604 1182 818 1235 Olympiae
855 1182 1051 1234 positum,
1100 1182 1285 1220 Herculis
1326 1197 1419 1221 cum
1465 1183 1667 1222 Amazone

139 1245 319 1296 equestri
359 1243 590 1296 pugnantis.
662 1241 834 1279 Narrata
876 1239 976 1277 haec
1017 1246 1111 1278 sunt
1145 1253 1192 1278 eo
1233 1241 1419 1290 consilio,
1468 1248 1667 1292 utquam

140 1303 353 1354 vulgatum
390 1301 489 1340 artis
529 1305 813 1352 argumentum
843 1297 923 1336 hoc
955 1298 1101 1347 suerit,
1147 1305 1362 1351 appareat,
1403 1306 1530 1351 utque
1557 1306 1668 1339 recte

139 1361 221 1400 hoc
248 1375 269 1399 a
297 1360 464 1399 Marone
493 1359 601 1397 inter
630 1358 808 1410 picturas
842 1356 987 1394 referri
1021 1356 1285 1409 intelligatur.
1355 1358 1415 1395 Ex
1443 1358 1491 1396 iis
1520 1372 1669 1397 monu-

143 1419 308 1468 mentis,
356 1431 458 1470 quae
497 1417 548 1454 ad
580 1423 719 1454 nostra
757 1422 941 1467 tempora
980 1421 1139 1454 servata
1169 1422 1285 1465 sunt,
1333 1416 1450 1454 facile
1483 1417 1670 1469 princeps

144 1485 205 1516 est
242 1478 402 1529 signum
440 1490 459 1514 e
494 1488 714 1524 marmore,
767 1488 858 1512 cum
889 1473 1026 1511 titulo:
1066 1476 1267 1512 lranslczla
1309 1475 1357 1511 cle
1393 1475 1533 1513 schola
1570 1477 1671 1513 Me-

143 1538 337 1584 dic-orum,
371 1532 432 1587 (ἐκ
467 1532 625 1587 λέσχης)
651 1532 748 1571 olim
775 1532 818 1570 in
848 1530 980 1569 hortis
1009 1531 1345 1581 Matthaeiorum,
1377 1546 1489 1571 nunc
1513 1533 1556 1572 in
1575 1533 1670 1571 Mu—

145 1607 212 1633 seo
243 1593 606 1632 Pio-clementino
638 1589 743 1644 (Vol.
775 1590 822 1639 II,
856 1588 927 1643 38)
957 1590 996 1627 in
1028 1591 1280 1642 pulcerrimis
1312 1589 1515 1642 habitum5
1541 1606 1671 1629 mam-

147 1667 211 1691 ma
249 1652 397 1690 dextra
426 1650 577 1689 nudata
610 1656 734 1688 stans.
806 1650 909 1686 Sunt
942 1648 1017 1685 alia
1054 1648 1093 1686 in
1124 1648 1261 1688 Museo
1296 1650 1544 1701 Capitolino,
1596 1649 1673 1687 alia

147 1711 233 1749 aliis
261 1710 305 1748 in
332 1710 451 1758 locis,
502 1708 710 1761 praeclara
741 1705 918 1744 Amazon
952 1707 1146 1757 equestris
1176 1721 1224 1745 ex
1256 1721 1346 1745 aere
1382 1708 1487 1746 inter
1512 1708 1673 1746 Hercu-—

147 1770 347 1818 lanensia3
378 1767 448 1806 sed
479 1767 532 1805 ad
558 1766 693 1805 locum
727 1771 913 1803 nostrum
943 1765 1039 1802 facit
1070 1765 1342 1818 anaglyphum
1372 1766 1412 1803 in
1442 1766 1546 1804 Villa
1569 1767 1674 1804 Bor-

149 1827 286 1880 ghesia
329 1826 434 1878 apud
484 1825 805 1864 W'inckelmann.
848 1821 1057 1875 (Μοηιιηι.
1108 1825 1214 1862 ined.
1260 1824 1474 1878 CXXVII.)
1518 1825 1560 1862 in
1594 1837 1674 1875 quo

148 1885 424 1925 Penthesileae
455 1883 655 1922 adventus
685 1882 737 1920 ad
770 1880 973 1919 Priamum
1008 1880 1235 1921 exhibetur.
1294 1884 1545 1921 Amazonum
1571 1883 1675 1921 ima-

150 1945 259 1997 gines
278 1945 504 1994 frequentes
531 1947 626 1979 sunt
646 1941 687 1978 in
710 1940 842 1978 numis
871 1940 1093 1978 multarum
1121 1939 1236 1979 Asiae
1260 1941 1438 1990 urbium,
1468 1954 1570 1992 quae
1592 1940 1676 1980 ori-

150 2003 260 2055 gines
290 2015 381 2040 suas
409 2001 457 2039 ab
476 1999 746 2038 Amazonibus
766 1997 1015 2050 repetebant.

513 2322 1096 2383 EXCURSUS
1180 2325 1323 2381 XX

362 2464 599 2507 Dia-nae
649 2473 699 2507 et
749 2461 1154 2521 Nympharum
1208 2463 1471 2507 choreae.

277 2581 307 2629 I,
341 2581 600 2623 498—503.
638 2581 785 2630 Qualis
823 2582 864 2617 in
896 2581 1073 2617 Eurotae
1109 2582 1211 2630 ripis
1241 2587 1315 2617 aut
1341 2594 1417 2630 per
1444 2581 1548 2630 iuga
1580 2578 1687 2630 Cyn-

160 2640 221 2677 tla‘
252 2640 420 2676 Exercet
450 2639 597 2676 Diana
628 2639 783 2685 choros,
819 2652 945 2689 quam
977 2638 1089 2675 mille
1120 2646 1279 2675 seculae
1303 2638 1419 2674 Hinc
1450 2645 1570 2688 acque
1594 2636 1687 2673 lzim·

158 2699 441 2749 glomerantur
475 2696 651 2732 Oreades
664 2711 678 2742 ;
723 2696 797 2732 illa
829 2695 1069 2745 pharetram
1100 2697 1193 2733 Fert
1234 2695 1419 2745 humero,
1468 2695 1688 2746 gradiens-

163 2769 239 2808 que
271 2756 368 2792 cleas
398 2756 662 2804 supereminet
693 2767 827 2790 omnes
840 2768 855 2799 ,·
897 2755 1086 2790 Latonae
1125 2755 1294 2790 tacitum
1316 2761 1547 2804 pertentant
1575 2766 1689 2803 galh-

162 2814 234 2851 clia
260 2820 417 2864 pectus.
489 2812 601 2848 Talis
633 2819 717 2848 erat
746 2811 886 2857 ])iclo;
940 2810 1064 2847 talem
1095 2825 1134 2847 se
1165 2811 1276 2849 laeta
1303 2810 1468 2862 serebat
1495 2812 1577 2849 Per
1604 2824 1690 2847 me—

161 2872 264 2909 dios.
338 2871 535 2921 Expressa
576 2868 810 2907 suavissima
850 2868 1001 2906 formae
1045 2868 1211 2907 Didonis
1250 2875 1290 2906 et
1329 2868 1474 2922 speciei
1512 2867 1692 2920 corporis

162 2941 354 2982 procerae
383 2940 476 2967 cum
505 2927 634 2966 Diana
664 2926 936 2979 comparatio,
986 2926 1101 2966 cuius
1141 2927 1291 2966 semina
1331 2927 1411 2966 iam
1451 2927 1493 2966 in
1523 2925 1692 2965 nobilis-
