1779 3420
137 249 241 297 582
540 243 1264 293 EXCURSUSX

139 372 334 411 Tabulam
357 372 518 411 Iliacam
536 378 574 410 et
594 372 773 411 Fabrett.
798 386 836 425 p.
858 370 975 426 378),
1006 372 1089 411 sive
1107 372 1230 410 classe
1253 371 1413 410 advecti
1436 369 1502 424 (cf.
1525 370 1664 423 Steph.

139 431 309 484 Byzant.
330 437 370 469 et
387 431 559 484 Etymol.
578 431 630 470 M.
653 431 694 469 in
725 427 1009 482 Βουθρωτὸς),
1041 431 1116 468 alia
1145 430 1290 482 passim
1319 430 1359 468 in
1394 430 1523 482 poetis
1551 435 1668 467 erant

139 495 376 528 memorata:
407 490 572 528 Pausan.
599 490 625 539 I,
652 493 716 531 11.
743 489 790 536 11,
821 491 889 529 23.
952 488 1006 525 De
1037 489 1189 526 Heleno
1217 488 1322 527 enim
1348 489 1524 527 fabulam
1554 487 1668 526 varie

142 547 416 586 condiderunt
438 554 590 600 poetae.
624 548 670 586 cf.
698 547 803 584 inter
826 547 899 583 alia
919 546 1107 598 Sophocl.
1134 546 1305 585 Philoct.
1326 550 1407 589 613
1434 560 1519 597 sqq.
1556 545 1668 587 1375

142 619 226 656 sqq.
261 606 400 644 Conon
427 604 493 648 34.
525 605 644 644 Ovid.
678 604 770 642 Met.
806 604 907 653 VIII,
937 607 1005 654 99,
1040 611 1080 642 01
1111 603 1207 646 335.
1241 607 1337 646 336.
1379 605 1492 643 Adde
1523 604 1668 652 Quint.

143 664 225 702 Cal.
246 664 298 713 X,
327 665 409 706 346
434 677 517 714 sqq.
550 664 696 714 Dictyn
727 662 793 711 IV,
828 664 892 703 18.
923 662 971 710 V,
1006 665 1043 704 9.
1102 661 1232 700 Multa
1262 676 1312 700 ex
1342 661 1405 699 his
1435 661 1669 700 transscribi

142 727 327 775 possent,
366 722 439 760 nisi
467 721 676 760 brevitatis
707 720 889 758 studium
919 732 981 758 me
1017 726 1238 758 revocaret.
1298 720 1488 758 Omnium
1518 720 1670 758 fundus

142 780 222 819 suit
239 779 401 817 Lescliei
421 779 510 818 Ilias
541 793 688 832 parva,
720 784 919 829 quantum
950 791 1000 815 ex
1032 778 1163 816 Procli
1190 779 1328 829 fragm.
1360 776 1551 829 intelligo.
1611 776 1671 815 Ibi

144 838 218 876 sub
238 844 419 876 extrema
441 837 535 876 belli
565 843 749 889 tempora
778 836 954 875 Helenus
982 837 1031 874 ab
1061 836 1222 876 Achivis
1251 842 1390 888 captus
1424 836 1671 876 vaticinatur

144 896 306 935 Troiam
329 897 416 948 capi
440 910 519 933 non
541 909 654 948 posse
679 895 753 933 nisi
785 894 983 932 arcessitis
1011 895 1196 933 Herculis
1229 894 1400 945 sagittis,
1442 909 1540 946 quas
1572 893 1672 932 Phi-

144 955 309 993 loctetes
329 954 528 993 servabat.
587 954 634 992 In
656 953 838 992 Carmine
859 959 993 991 autem
1020 953 1166 1006 Cyprio
1187 967 1248 1005 ap.
1277 952 1463 991 Proclum
1498 953 1672 991 Helenus

145 1018 330 1065 suscepta
370 1026 391 1050 a
429 1012 572 1050 Paride
614 1012 866 1064 navigatione
899 1011 990 1064 περὶ
1023 1015 1104 1052 τῶν
1135 1008 1364 1063 μελλόντων
1393 1012 1670 1065 προθεσπίζει.

145 1071 190 1109 In
209 1084 255 1108 eo
275 1083 411 1108 omnes
430 1070 700 1120 conveniunt,
731 1077 779 1109 ut
803 1070 978 1108 Helenus
998 1070 1215 1122 prudentia
1239 1076 1279 1108 et
1308 1069 1556 1108 vaticinandi
1588 1075 1672 1107 arte

147 1129 301 1166 clarum
336 1142 483 1167 nomen
512 1128 681 1167 habeat:
720 1124 982 1169 οἰωνοπόλων
1016 1124 1080 1180 ὄχ’
1123 1126 1286 1181 ἄριστος
1313 1128 1424 1168 Iliad.
1453 1131 1481 1176 ζ,
1519 1131 1584 1169 76.
1618 1128 1670 1167 cf.

146 1186 225 1225 hoc
243 1187 346 1225 libro
367 1189 450 1229 359
474 1201 531 1239 sq.
552 1189 636 1229 433
657 1201 685 1226 S.
749 1187 847 1225 Vide
874 1186 1011 1225 laudd.
1032 1201 1093 1239 ap.
1117 1187 1170 1227 Io.
1197 1185 1410 1224 Schrader.
1441 1185 1671 1224 Emendatt.

147 1245 271 1298 praef.
291 1260 329 1298 p.
351 1246 408 1283 XI
430 1259 500 1297 sq.‚
533 1245 603 1284 ubi
630 1245 672 1283 in
703 1244 892 1297 Orphicis
921 1245 970 1282 de
1000 1245 1136 1297 Lapid.
1166 1245 1237 1294 XI,
1269 1245 1323 1286 50
1357 1258 1446 1283 eum
1480 1245 1523 1282 in
1553 1244 1673 1282 Pala-

146 1303 271 1342 medis
293 1304 446 1353 locum,
477 1304 555 1342 iam
578 1310 669 1342 ante
692 1303 992 1356 'I‘yrwhittum,
1025 1303 1214 1355 sagaciter
1234 1303 1425 1342 restituit.
1486 1302 1673 1354 Virgilius

147 1360 210 1400 his
236 1361 445 1400 commode
467 1360 553 1415 (etsi
580 1362 774 1401 adversus
796 1362 990 1414 temporis
1010 1363 1230 1409 rationem,
1258 1375 1352 1399 nam
1373 1375 1478 1400 anno
1511 1362 1673 1399 demum

148 1433 256 1458 nono
275 1434 297 1457 a
316 1421 436 1458 Troia
461 1434 599 1459 eversa
619 1421 836 1459 Hermione
858 1420 976 1458 nubit
1003 1419 1161 1473 Pyrrho
1196 1419 1339 1471 Odyss.
1367 1421 1388 1460 δ
1419 1434 1504 1472 pr.,
1534 1419 1603 1457 sed
1634 1433 1673 1458 v.

149 1477 218 1516 inf.
240 1477 291 1516 ad
315 1481 396 1520 613
415 1478 518 1531 sqq.)
549 1493 646 1517 usus
676 1484 736 1516 est
768 1479 819 1517 ad
848 1478 1070 1530 episodium
1101 1478 1402 1527 suavissimum,
1442 1478 1505 1516 cui
1543 1477 1670 1529 inpri-

150 1535 244 1586 mis,
275 1536 406 1574 nescio
439 1536 536 1587 quid
566 1537 617 1575 ad
650 1537 837 1575 affectum
872 1537 1038 1586 faciens,
1084 1550 1128 1574 eo
1160 1536 1347 1574 conciliat
1377 1535 1486 1586 quod
1520 1536 1562 1573 in
1588 1536 1674 1587 ipso

152 1606 315 1632 escensu
346 1594 501 1632 Aeneae
529 1595 842 1633 Andromachen
866 1596 1035 1632 Hectori
1062 1595 1229 1645 inferias
1249 1594 1476 1645 jacientem
1504 1594 1674 1632 inducit.

151 1652 410 1694 302—305.
439 1654 546 1690 Ante
567 1652 700 1690 urbem
720 1655 762 1690 in
785 1654 873 1691 luco
888 1653 995 1703 falsi
1013 1654 1227 1690 Simoentis
1247 1652 1306 1689 (ul
1323 1652 1475 1690 undam
1497 1652 1677 1690 Libabat

153 1711 275 1747 cineri
299 1709 583 1748 Andromache
626 1725 841 1763 manesque
880 1710 1048 1748 vocabat
1080 1712 1325 1748 Hectoreum
1360 1711 1417 1747 cul
1446 1711 1672 1748 tinnulum:

153 1767 276 1806 viridi
292 1781 410 1818 quem
429 1770 575 1818 cespite
595 1770 781 1817 inanem,
816 1770 870 1806 Et
897 1771 1086 1819 geminus
1115 1782 1305 1806 caussam
1327 1769 1506 1805 lacrimis
1534 1783 1675 1805 sacra-

154 1832 266 1863 verat
285 1839 394 1862 aras.
457 1825 705 1864 Monendum
725 1826 859 1864 adhue
881 1832 940 1864 est
961 1827 1009 1864 de
1030 1825 1217 1864 Hectoris
1245 1825 1404 1863 tumulo
1434 1826 1482 1862 ab
1512 1826 1674 1864 Andro-

154 1881 295 1920 mache
324 1882 586 1923 adumbrato:
616 1886 860 1922 Hectoreum
893 1885 951 1922 ad
983 1885 1195 1922 tumulum.
1261 1883 1552 1935 Cenotaphium
1588 1884 1675 1922 suit.

154 1940 283 1979 Verus
301 1940 486 1979 Hectoris
506 1942 687 1981 tumulus
708 1942 850 1981 Troiae
873 1944 1024 1981 luerat:
1055 1943 1189 1995 ῥίμφα
1211 1939 1253 1982 δὲ
1278 1938 1377 1994 σῆμ’
1402 1941 1534 1994 ἔχεαν,
1566 1942 1676 1980 Iliad.

158 2014 202 2047 co,
231 2001 327 2040 799.
386 1999 513 2038 Extra
543 2000 685 2039 urbem
713 2001 860 2050 fuisse,
901 2014 952 2038 ex
982 2000 1205 2039 imitatione
1227 1999 1536 2039 Andromachae
1568 2000 1677 2052 apud

156 2056 366 2107 Virgilium
401 2057 654 2110 intelligitur3
692 2058 813 2110 idque
852 2058 1101 2097 declaratum
1131 2058 1319 2096 disertius
1346 2072 1367 2095 a
1396 2058 1512 2110 Dicty
1541 2058 1606 2106 IV,
1642 2061 1676 2098 1.

157 2115 315 2153 Interea
333 2118 547 2166 sepelivere
567 2132 657 2154 eum
680 2116 797 2154 haud
825 2117 944 2168 longe
978 2132 1005 2154 α
1033 2117 1186 2154 tumulo
1221 2117 1278 2154 lli
1305 2118 1411 2167 regis
1446 2117 1678 2168 quondam:

157 2185 276 2224 quern
323 2179 415 2211 ante
462 2175 604 2213 urbem
649 2174 701 2212 ad
744 2175 853 2214 viam
890 2187 1028 2213 velsus
1063 2175 1177 2213 littus
1218 2173 1338 2212 fuisse
1376 2175 1470 2212 satis
1509 2179 1677 2223 constat,

159 2229 344 2280 (ΤῙΙΕΟΟΥ.
367 2231 472 2281 XVI,
492 2233 560 2275 75
592 2232 636 2274 ἕν
663 2233 790 2289 πεδίῳ
823 2228 1066 2286 Σιμόεντος,
1101 2229 1174 2274 όθι
1206 2229 1364 2286 Φρυγὸς
1399 2228 1518 2285 ηὀίον
1540 2230 1676 2284 Ἴλου)

159 2288 232 2325 0151
271 2288 383 2328 loeus
425 2303 545 2329 verus
585 2290 768 2329 nondum
807 2298 866 2329 est
905 2297 1115 2359 1οΡ01’1115.
1156 2291 1302 2328 Tzetza
1342 2290 1540 2328 Homeric.
1581 2289 1677 2331 486.

158 2341 296 2394 Ἐκτός
317 2347 472 2399 τείχους
504 2348 574 2389 καὶ
606 2345 751 2397 πόλιος
782 2348 883 2403 μέγα
912 2352 1029 2400 σῶμα
1059 2341 1232 2404 κῃάντες
1260 2344 1324 2396 Ἐς
1353 2343 1529 2388 κάπετον
1562 2347 1680 2387 κατέ-

160 2406 284 2443 θεντο
305 2400 524 2457 πελωριον
524 2403 690 2459 Ἐκτορα
714 2407 819 2446 δῖον.
881 2407 926 2444 In
952 2407 1106 2444 Tabula
1132 2406 1250 2444 Iliaca
1288 2412 1593 2443 monumentum
1621 2411 1681 2442 est

161 2459 347 2499 Hectoris
366 2462 562 2512 effictum,
593 2464 662 2502 sed
681 2464 881 2516 lapidibus
902 2470 1180 2512 exstructum,
1212 2476 1340 2514 neque
1372 2469 1680 2515 extemporaneo

163 2517 298 2557 simile.
357 2519 542 2558 Mireris'
532 2494 574 2558 lii
594 2534 639 2559 eo
667 2522 824 2574 signum
850 2522 975 2560 leonis
1004 2521 1256 2574 impositum,
1287 2527 1492 2571 tamquam
1519 2520 1682 2558 virtutis

164 2576 411 2627 symbolum,
443 2578 552 2628 quod
579 2579 699 2616 etiam
728 2579 771 2617 in
801 2592 955 2629 gemma
986 2579 1111 2617 Musei
1139 2579 1246 2615 Flor.
1280 2576 1384 2630 (Vol.
1411 2578 1460 2626 ΙΙ,
1494 2578 1575 2619 tab.
1607 2577 1679 2632 32)

165 2647 375 2673 occurrere
396 2636 576 2684 memini,
610 2650 742 2688 pugna
762 2636 923 2674 Achillis
955 2650 1046 2675 cum
1077 2635 1324 2674 Penthesilea
1357 2635 1408 2673 ad
1441 2650 1683 2674 monumen-

164 2697 274 2741 tum,
323 2693 427 2730 forte
450 2693 518 2742 Ili,
556 2695 676 2735 sacta.
735 2694 908 2733 Videtur
948 2695 1030 2745 ipse
1064 2695 1209 2732 Tzetza
1245 2693 1412 2732 innuere
1444 2693 1541 2735 489.
1567 2691 1683 2734 Καλοέ

167 2746 211 2790 δὲ
232 2751 371 2790 λαΐνεοι
388 2750 479 2791 ποτὶ
497 2748 653 2804 τύμβον
689 2747 899 2804 α’γάλματα
932 2755 1085 2803 θῆκαν,
1145 2753 1319 2789 saxeum
1348 2766 1448 2803 opus
1480 2752 1564 2804 ipse
1594 2753 1683 2791 Ho-

167 2820 300 2846 merus
330 2808 470 2859 prodit
504 2825 547 2859 ω,
582 2811 677 2851 798.
707 2809 779 2847 ubi
810 2809 981 2847 cinerem
1017 2816 1055 2847 et
1090 2823 1175 2847 ossa
1206 2809 1390 2848 Hectoiis
1421 2811 1604 2849 condunt
1643 2811 1684 2848 in

167 2865 434 2916 urna311anc
475 2867 516 2905 in
558 2866 729 2906 humum
774 2867 1014 2906 demittunt:
1061 2866 1101 2915 ἒς
1143 2868 1286 2920 κοίλην
1324 2884 1502 2909 καπετον
1539 2868 1684 2917 θέσαν,

169 2939 296 2976 αυταρ
330 2920 489 2993 ὕπερθε
529 2928 731 2965 Πυκνοῖσι
776 2921 913 2965 λάεσσι
948 2921 1238 2978 κατεστόρεσαν
1272 2923 1504 2980 μεγάλοισι,
1540 2925 1685 2979 Ῥίμφα

171 2979 214 3022 δὲ
244 2977 344 3035 σῆμ’
384 2981 499 3035 ε’χεαν
521 3007 575 3012 —-
596 2979 784 3036 χεύαντες
817 2981 860 3024 δὲ
891 2980 933 3024 τὸ
960 2986 1070 3037 σῆμα
1100 2979 1222 3024 παλιν
1253 2984 1356 3025 κίον.
1417 2985 1604 3023 Ceterum
1645 2983 1686 3021 in
