1779 3420
90 214 189 260 436
419 206 1021 257 EXCURSUS
1092 209 1261 259 XVII

88 337 140 376 al>
169 339 307 375 Aenea
338 338 378 375 in
408 336 566 375 Troade
606 335 769 373 condito
800 335 967 387 viguisse
1007 336 1200 376 vidimus:
1240 350 1314 389 pro
1345 336 1502 375 Troade
1532 336 1597 375 alii

88 408 253 447 regnum
285 395 437 432 Aeneae
467 395 509 432 in
538 394 678 445 Epir0‚
710 393 751 430 in
781 392 1013 432 Phthiotide
1043 394 1278 443 Thessaliae,
1311 394 1377 432 alii
1409 395 1452 432 in
1481 394 1598 432 Italia

89 453 396 491 constituerunt.
436 451 663 489 Traductus
684 449 814 489 honos
838 457 897 489 est
917 452 965 489 ab
986 451 1071 489 aliis
1097 454 1138 489 in
1151 455 1387 503 progeniem
1408 452 1568 490 Aeneae
1583 470 1595 489 :

88 524 181 548 nam
212 512 437 548 Ascanium
467 522 557 546 cum
588 507 847 547 Scamandrio
879 509 1062 547 Hectoris
1090 510 1118 547 f.
1149 509 1311 561 Scepsin
1342 509 1527 558 tenuisse,
1559 514 1599 547 et

87 574 301 619 utramque
330 567 515 606 familiam
547 565 618 603 diu
646 565 753 618 apud
793 579 833 603 se
873 580 1055 619 regnasse
1096 567 1245 618 Scepsii
1286 566 1596 616 contendebant,

88 631 135 663 ut
165 638 214 663 ex
245 626 438 664 Strabone
469 623 574 672 ΧῙΠ,
605 638 643 675 p-
673 626 757 666 607
788 622 906 678 (904)
935 624 1133 662 discimus,
1176 624 1395 662 Demetrius
1415 624 1597 675 Scepsius

88 682 242 720 Aeneae
273 683 387 720 etiam
422 680 566 732 regiam
597 682 638 718 in
674 694 717 718 ea
747 682 847 719 urbe
877 682 995 719 fuisse
1028 681 1263 720 tradiderat.
1334 681 1386 719 At
1430 681 1595 719 eandem

86 741 250 792 gloriam
282 740 331 778 ad
363 753 400 776 se
430 737 646 776 trahebant
676 738 873 791 Phryges,
925 739 994 790 qui
1034 752 1172 789 agrum
1215 738 1517 790 Dascyliticum,
1554 738 1596 776 in

87 812 167 849 quo
198 799 307 836 lacus
338 796 529 834 Ascanius
559 802 638 845 est,
681 796 930 846 incolebant,
975 797 1133 834 aiebant
1162 797 1267 835 enim
1297 797 1353 834 illi
1382 795 1596 834 Ascanium

88 856 320 893 arcessitum
351 854 458 906 apud
489 867 528 890 se
558 867 762 905 regnasse,
795 867 963 905 eumque
1004 854 1140 906 paullo
1172 861 1262 906 post
1292 854 1597 892 Scamandrium

86 919 126 950 et
156 919 308 950 ceteros
337 911 596 960 Hectoridas,
648 912 716 962 qui
749 926 769 949 a
800 912 1061 964 Neoptolemo
1104 925 1124 949 e
1163 912 1328 950 Graecia
1364 911 1513 950 dimissi
1545 911 1596 949 ad

86 970 216 1022 ipsum
246 970 524 1021 confugerant,
565 969 605 1007 in
637 969 808 1020 patriam
842 970 976 1007 sedem
1007 969 1305 1021 Troianumque
1333 982 1498 1021 regnum
1527 981 1597 1007 re-

86 1028 268 1077 duxisse,
306 1027 359 1064 ita
390 1040 440 1064 ex
472 1026 677 1065 Hellanico
708 1028 922 1079 Dionysius
951 1027 980 1076 Ι,
1013 1027 1079 1077 47,
1119 1028 1227 1065 unde
1258 1027 1414 1079 petiisse
1444 1033 1595 1078 putan-

86 1085 160 1122 dus
190 1086 379 1137 Pompon.
411 1084 502 1122 Sab.
535 1084 586 1122 ad
617 1084 712 1123 Aen.
744 1085 809 1134 Ill,
846 1088 907 1126 17.
966 1085 1054 1123 Non
1074 1084 1291 1123 admodum
1322 1085 1478 1123 diverse
1498 1098 1595 1122 nar-

82 1147 170 1180 'rata
202 1142 299 1180 haec
329 1142 466 1180 videas
497 1141 605 1194 apud
641 1143 793 1181 Conon.
819 1143 979 1181 Narrat.
1007 1143 1074 1191 46,
1106 1143 1172 1193 qui
1197 1143 1370 1181 Aeneam
1402 1142 1456 1180 ait
1480 1148 1595 1193 capta

83 1201 200 1238 Troia
243 1200 442 1238 secessisse
483 1200 523 1237 in
554 1199 684 1249 Idam3
737 1214 828 1238 cum
868 1213 964 1238 vero
1008 1200 1292 1239 Scamandrius
1335 1207 1373 1237 et
1412 1200 1595 1252 Oxynius

82 1258 228 1295 Priami
268 1258 339 1295 filii
380 1270 400 1294 e
438 1257 587 1310 Lydia,
627 1271 706 1308 quo
753 1258 880 1296 emissi
922 1259 1098 1308 fuerant,
1134 1258 1346 1296 rediissent
1385 1264 1425 1295 et
1463 1257 1594 1295 omnia

82 1315 185 1353 circa
217 1315 331 1353 Itium
360 1316 449 1352 loca
480 1315 550 1353 sibi
583 1315 857 1360 vindicarent,
896 1315 1062 1355 Veneris
1100 1316 1211 1354 iussu
1240 1329 1331 1354 eum
1363 1315 1595 1353 discessisse.

82 1373 135 1410 Ut
165 1379 295 1411 tamen
337 1372 443 1410 idem
477 1373 614 1411 Conon
648 1373 804 1412 Narrat.
837 1372 891 1415 41
937 1379 1103 1423 narrat,
1143 1374 1336 1413 Ascanius
1372 1373 1414 1411 in
1458 1379 1595 1411 monte

82 1430 150 1468 Ida
175 1444 344 1482 regnum
365 1430 575 1468 retinuisse
606 1431 788 1481 videtur,
820 1430 929 1482 quod
948 1438 987 1469 et
1009 1432 1140 1483 ipsum
1170 1432 1221 1469 ad
1244 1431 1418 1483 Scepsin,
1450 1431 1594 1483 quippe

80 1489 123 1526 in.
162 1489 256 1527 ldae
303 1487 525 1541 ὑπωρείαις
566 1489 702 1538 sitam,
755 1495 933 1541 spectare
971 1495 1117 1542 potest.
1184 1490 1332 1528 Contra
1373 1489 1593 1527 secundum

81 1559 169 1595 eos,
211 1560 311 1598 quos
344 1546 479 1598 Dictys
509 1546 576 1584 lib.
607 1546 642 1584 V
672 1552 776 1585 extr.
809 1547 1013 1598 sequitur,
1050 1560 1219 1599 regnum
1250 1546 1493 1596 Troianum,
1544 1559 1593 1584 ex

80 1611 199 1656 pacto
231 1603 429 1642 Antenori
458 1603 507 1640 ab
538 1603 700 1641 Achivis
732 1618 986 1652 concessum,
1029 1618 1124 1642 mox
1154 1605 1233 1643 suit
1263 1605 1310 1642 ab
1340 1604 1474 1642 Aenea
1499 1610 1594 1642 ten-

81 1667 235 1710 tatum,
285 1661 355 1698 sed
393 1661 555 1699 frustra.
615 1661 795 1699 Tandem
835 1662 1055 1700 secundum
1096 1663 1279 1701 Servium
1310 1662 1363 1699 ad
1392 1661 1492 1701 Aen.
1523 1661 1592 1710 IX,

81 1718 183 1760 264:
215 1718 417 1767 „Quidam
450 1718 499 1755 ab
532 1718 711 1768 Abante,
750 1719 820 1769 qui
849 1719 990 1757 Troica
1022 1720 1205 1772 scripsit,
1243 1720 1414 1757 relatum
1444 1720 1592 1768 ferunt,

79 1783 171 1828 post
203 1776 417 1814 discessum
455 1790 475 1813 a
508 1776 627 1814 Troia
660 1777 928 1826 Graecorum,
979 1776 1213 1829 Astyanacti
1253 1777 1307 1815 ibi
1351 1777 1488 1815 datum
1525 1789 1593 1814 re-

79 1847 222 1885 gnum,
267 1833 376 1871 hunc
408 1833 456 1871 ab
487 1832 692 1871 Antenore
721 1835 955 1886 expulsum,
998 1835 1157 1872 sociatis
1188 1834 1261 1872 sibi
1287 1834 1464 1872 finitimis
1492 1833 1592 1872 civi-

80 1891 254 1940 tatibus,
285 1891 392 1929 inter
422 1905 518 1942 quas
548 1898 588 1929 et
616 1891 758 1930 Arisba
782 1892 880 1942 suit,
914 1893 1082 1930 Aeneam
1114 1892 1191 1930 hoc
1219 1905 1331 1943 aegre
1359 1891 1518 1941 tulisse,
1552 1897 1592 1929 et

79 1962 154 2001 pro
184 1948 425 2002 Astyanacte
455 1963 563 1987 arma
594 1949 763 2002 cepisse,
795 1963 859 2000 ac,
901 1963 1090 2002 prospere
1123 1956 1230 2001 gesta
1262 1963 1318 2000 re,
1360 1949 1591 2001 Astyanacti

79 2006 299 2044 restituisse
325 2008 530 2058 regnum.“

195 2122 327 2169 Quam
358 2121 533 2160 diversas
561 2127 769 2173 poetarum
809 2122 902 2160 olim
940 2128 1062 2161 sectas
1104 2123 1244 2173 fuisse,
1294 2137 1412 2174 quam
1452 2123 1590 2161 diver-

78 2192 143 2216 sos
190 2179 366 2217 eiusdem
415 2180 636 2231 argumenti
677 2180 880 2218 tractandi
922 2181 1092 2230 modos,
1150 2181 1373 2231 existimes,
1423 2180 1455 2217 si
1513 2194 1589 2218 au-

79 2236 184 2285 dias,
241 2237 281 2274 in
329 2237 451 2274 Iliade
500 2252 621 2289 parva
670 2237 846 2275 Aeneam
897 2245 1059 2290 captum
1109 2253 1199 2277 cum
1241 2237 1522 2277 Andromache
1568 2252 1587 2275 a

78 2293 336 2345 Neoptolemo
378 2294 563 2332 Phthiam
600 2295 819 2333 abductum
858 2295 994 2334 fuisse!
1041 2296 1187 2334 Versus
1218 2297 1324 2348 ipsos
1357 2297 1500 2334 Tzetza
1539 2295 1589 2333 ad

79 2350 274 2402 Lycophr.
309 2354 416 2394 1263
449 2353 584 2390 nss'ert:
617 2353 687 2390 etsi
716 2352 794 2390 hoc
822 2353 926 2390 idem
961 2368 1041 2392 non
1073 2353 1121 2391 de
1151 2354 1283 2391 Aenea
1319 2353 1388 2391 sed
1423 2353 1471 2391 de
1492 2355 1589 2390 Sca-

80 2408 263 2446 mandrio
303 2410 465 2459 aliisque
496 2410 724 2448 Hectoridis
763 2410 958 2448 traditum
991 2425 1010 2447 a
1042 2411 1243 2448 nonnullis
1278 2411 1438 2461 Dionys.
1471 2410 1499 2457 l,
1534 2409 1587 2452 47

79 2472 285 2503 memorat.
345 2466 477 2503 lIabet
506 2473 636 2505 tamen
673 2474 713 2504 et
743 2468 879 2518 Dictys
920 2468 966 2516 V,
1002 2471 1065 2515 16,
1108 2482 1223 2518 quem
1256 2468 1355 2505 adeo
1384 2473 1422 2504 et
1457 2466 1535 2504 hoc
1566 2481 1587 2504 a

79 2522 225 2560 Lesclic
256 2523 431 2574 petiisse,
463 2537 512 2562 ex
539 2524 617 2562 hoc
647 2524 733 2575 ipso
765 2530 947 2562 constare
974 2524 1147 2563 videtur.
1191 2526 1245 2563 At
1270 2538 1367 2563 vero
1392 2524 1432 2562 in
1456 2524 1588 2563 Schol.

78 2579 190 2618 Iliad.
210 2595 245 2628 ν,
277 2580 359 2622 459
391 2580 500 2619 ηυΙΙο
531 2582 711 2632 apposito
743 2587 905 2618 auctore
928 2588 1154 2620 narratum:
1184 2581 1345 2620 Aneade
1369 2582 1467 2620 urbe
1488 2596 1586 2620 con-

80 2637 164 2675 dita
203 2635 352 2688 (Aonia
397 2640 437 2674 ιἰι
476 2638 665 2691 Pallene)
714 2638 840 2676 filium
891 2638 993 2689 patri
1046 2640 1298 2691 superstitem
1338 2640 1378 2678 in
1415 2640 1585 2692 patriam

78 2694 263 2742 rediisse,
313 2694 408 2732 inde
447 2695 630 2733 assumtis
661 2695 810 2732 colonis
839 2695 880 2732 in
919 2695 1075 2733 Italiam
1106 2697 1325 2735 discessisse
1361 2696 1417 2749 (v.
1454 2698 1586 2736 locum

78 2752 148 2792 ins.
176 2753 341 2790 Excurs.
370 2752 383 2789 1
413 2752 463 2789 ad
495 2753 562 2795 lib,
590 2752 654 2800 ΙΙΙ,
690 2752 757 2790 ubi
785 2752 832 2790 de
860 2752 1014 2791 Aeneae
1037 2767 1195 2792 accessu
1222 2755 1273 2793 ad
1304 2753 1521 2807 Pallenen).

194 2866 248 2903 De
276 2867 450 2903 Aaclussse
480 2873 571 2919 post
596 2867 802 2918 Hymnum
829 2867 1084 2906 Homericum
1115 2868 1154 2906 in
1182 2869 1375 2908 Venerem
1401 2875 1439 2907 et
1467 2869 1586 2907 fidem

81 2923 252 2973 aliquam
291 2923 478 2962 historiae
508 2925 717 2962 obscuram
747 2939 827 2964 non
865 2925 994 2963 minus
1018 2925 1128 2964 varia
1159 2940 1179 2963 a
1213 2927 1353 2976 variis,
1395 2926 1464 2978 qui
1490 2926 1587 2965 haec
