1811 3388
463 156 584 202 AD
657 155 1205 210 LIBRUMV
1487 174 1584 221 847

80 279 265 330 aquilam
284 280 510 316 sentientem
529 280 630 331 quid
649 283 788 331 rapiat
806 284 847 320 ἰη
873 284 1105 335 Ganymede
1120 315 1129 333 ,
1164 295 1199 324 et
1229 291 1296 326 cui
1322 290 1429 338 ferat
1445 323 1454 341 ,
1483 309 1584 345 par-

78 345 228 373 centem
258 336 485 385 unguibzw,
519 339 641 375 etiam
660 353 736 387 per
767 349 925 378 vestem.
988 343 1237 382 Adumbrata
1272 353 1330 384 est
1360 350 1496 388 eadem
1523 366 1586 391 res

79 392 192 430 simili
221 393 339 431 modo
361 393 402 430 in
423 394 555 432 numis
579 395 895 446 Dardaniorum,
929 399 1029 438 Geta
1046 401 1285 452 imperante:
1319 403 1448 456 (euius
1467 422 1586 458 gene—

77 450 131 487 ris
163 463 288 487 unum
318 450 468 488 videbis
498 464 726 504 expressum
752 455 794 492 in
830 456 993 494 Cabltzet
1021 460 1093 495 Du
1123 460 1200 497 duc
1220 461 1258 498 οἷ’
1285 461 1452 500 Orlecms
1480 465 1585 505 inter

77 513 307 544 ornamenta
339 508 450 547 Tom.
478 508 516 558 l,
556 524 595 561 p.
626 510 697 564 48)
730 517 767 548 et
786 512 824 549 in
847 513 922 551 alio
944 529 1065 553 numo
1087 517 1304 556 Iliensium:
1334 520 1416 558 vid.
1435 522 1584 562 Eckhel

74 563 264 601 Doctrina
290 579 446 604 numor.
476 572 556 605 vet.
588 568 630 607 P.
658 568 686 606 I.
721 569 804 607 Vol.
840 570 884 608 ΙΙ.
905 585 940 622 p.
965 571 1061 614 486.
1120 574 1282 612 Diversa
1302 577 1359 613 rei
1379 579 1505 629 specie
1524 587 1584 619 est

74 621 171 658 alius
205 621 401 660 Iliensium
429 637 574 661 numus
602 625 641 662 in
663 625 800 664 Museo
821 627 984 678 Arigoni
1007 628 1116 682 (ibid.
1138 632 1326 670 laudatus
1347 648 1384 685 p.
1403 636 1517 687 484),
1540 638 1581 676 in

72 691 151 727 quo
183 679 310 729 aquila
339 681 609 732 Ganymedem
634 695 653 719 e
684 685 832 735 capillis
850 685 1089 736 prehensum
1110 696 1242 727 rostro
1263 692 1468 731 sublimem
1488 696 1580 734 fert.

71 735 147 773 Sed
176 737 287 787 prior
316 737 405 786 illa,
444 739 674 790 elegantior,
719 743 823 779 ratio
853 745 994 781 merito
1025 746 1200 796 praelata
1231 748 1346 786 etiam
1366 750 1405 788 in
1426 753 1579 791 mundo

71 793 252 831 muliebri
280 807 330 831 ex
361 809 459 833 auro
487 797 664 835 occurrit
697 799 804 849 apud
829 800 935 838 Com.
959 801 1007 839 de
1029 803 1171 853 Caylus
1196 803 1381 857 (Hecaeil
1397 809 1436 844 α’
1454 811 1578 847 Anti-

70 852 196 900 quile's
219 851 303 889 Vol.
328 853 373 890 ΙΙ.
390 853 444 904 pl.
470 853 641 906 XLVII).
674 855 780 892 Alias
809 857 995 895 sollennis
1017 867 1072 898 est
1098 862 1336 912 Ganymedis
1362 865 1576 906 exhibendi

68 908 194 957 ratio,
236 914 280 946 ut
298 910 363 947 ille
383 916 461 948 stet
483 912 545 948 vel
567 912 703 950 sedeat
726 914 909 952 adstante
930 917 1071 966 aquila.
1148 920 1346 958 Eiusmodi
1368 922 1475 974 signa
1502 938 1575 962 ex—

67 971 154 1002 tant
182 966 318 1016 plura,
356 968 497 1005 stantis
523 970 682 1019 quidem
710 970 751 1008 in
775 971 910 1010 Museo
936 974 1004 1012 Pio
1029 976 1273 1015 Clementino
1296 978 1405 1017 Tom.
1427 981 1472 1019 Π.
1494 983 1572 1022 tab.

66 1023 121 1064 35
143 1024 346 1074 praeclaro
371 1039 488 1077 opere
509 1034 546 1064 et
566 1027 773 1065 excellenti
798 1029 901 1067 inter
923 1038 1074 1082 cetera,
1103 1035 1179 1072 tab.
1208 1038 1273 1075 36.
1302 1036 1397 1074 ibid.
1428 1038 1468 1075 in
1498 1054 1573 1091 pa-

65 1079 162 1118 latio
193 1081 457 1133 Lancelloti0‚
503 1084 544 1121 in
582 1085 731 1135 palatio
765 1086 970 1137 Famesio,
1016 1091 1121 1141 apud
1157 1093 1372 1145 Cavacepp.
1407 1095 1571 1136 Ton1.I.

64 1137 145 1175 tab.
170 1141 232 1179 13.
252 1139 293 1176 in
315 1139 449 1178 Museo
470 1142 644 1179 Florent.
664 1143 775 1181 Tom.
796 1144 859 1181 Ill.
889 1146 965 1183 tab.
997 1149 1034 1188 5.
1095 1149 1164 1186 Est
1190 1156 1321 1187 autem
1356 1152 1490 1190 fabula
1520 1168 1569 1192 ex

64 1194 129 1243 iis,
161 1209 261 1245 quae
281 1198 507 1235 tenuissima
536 1200 753 1250 primordia
779 1200 974 1252 habuere,
1006 1211 1097 1242 nata
1130 1219 1177 1244 ex
1208 1207 1370 1257 antiqua
1399 1211 1569 1249 formula

64 1251 293 1291 declarandi
329 1256 665 1306 pulcritudinem:
713 1265 889 1297 amatum
929 1274 1009 1297 esse
1043 1263 1214 1313 aliquem
1251 1279 1271 1301 a
1303 1265 1396 1315 diis,
1438 1282 1458 1304 a
1495 1269 1567 1307 diis

61 1321 142 1346 esse
171 1317 344 1362 raptum.
405 1314 514 1352 Conf.
548 1315 599 1352 ad
624 1314 808 1365 Apollod.
845 1331 929 1367 pag.
972 1319 1066 1360 532.
1103 1324 1139 1361 3.
1201 1322 1375 1360 Creticae
1405 1327 1565 1364 omnino

59 1366 233 1405 fabulam
253 1381 333 1406 esse
358 1371 514 1421 originis
543 1372 726 1409 discimus
756 1386 774 1409 e
806 1373 871 1411 lib.
904 1375 920 1411 Ι
953 1375 1000 1412 de
1028 1377 1122 1429 Rep.
1152 1379 1326 1417 Platonis
1352 1395 1436 1432 pag.
1470 1386 1564 1426 636.

58 1424 99 1461 Si
115 1430 248 1462 tamen
269 1425 488 1465 Homerum
513 1430 668 1477 audias,
701 1430 892 1468 Troianae
919 1433 1077 1483 originis
1098 1435 1279 1474 habenda
1304 1438 1368 1474 illa
1401 1452 1480 1476 esse
1502 1442 1564 1478 vi—

58 1480 176 1519 detur
205 1483 312 1521 Iliad.
344 1499 372 1533 ε,
406 1485 488 1527 265
521 1500 577 1537 sq.
607 1503 645 1536 v,
688 1489 945 1531 231—235.
1005 1491 1198 1531 Disertior
1231 1501 1287 1531 est
1321 1498 1495 1535 narratio
1521 1500 1562 1536 in

56 1538 216 1590 Hymno
248 1539 288 1577 in
320 1541 417 1582 Ven.
446 1546 529 1586 203
559 1557 615 1595 sq.

462 1843 1025 1905 EXCURSUS
1095 1849 1150 1903 V

346 1955 456 1997 De
541 1958 794 2002 Ludo
887 1962 1259 2006 Troiae.

163 2057 208 2106 V,
240 2058 322 2100 545
353 2074 435 2110 sqq.
496 2061 556 2098 Ex
592 2062 909 2103 elaboratissimis
948 2073 1088 2118 poetae
1125 2068 1219 2105 locis
1258 2081 1339 2107 esse
1379 2072 1552 2111 arbitror

49 2113 180 2151 locum
211 2114 319 2153 hunc
351 2117 398 2154 de
428 2118 540 2155 Ludo
572 2119 735 2168 Troiae,
777 2136 856 2172 quo
894 2125 1082 2161 Romanis
1121 2126 1199 2162 suis
1232 2126 1412 2177 inprimis
1453 2144 1551 2181 pro-

47 2171 141 2208 bare
174 2172 312 2210 debuit
341 2173 449 2212 hunc
479 2175 646 2224 librum,
679 2192 768 2216 cum
799 2180 997 2219 ludicrum
1029 2181 1125 2231 hoc,
1165 2196 1235 2233 per
1265 2185 1416 2223 nobiles
1447 2201 1549 2237 pue—

46 2241 111 2265 ros
143 2225 420 2284 (εὐπατρίδας)
463 2233 653 2271 celebrari
692 2237 874 2285 solitum,
925 2253 1077 2276 summo
1125 2239 1340 2279 haberetur
1384 2243 1549 2293 honore,

45 2285 276 2336 saepiusque
317 2289 364 2325 ab
403 2290 581 2340 Augusto
613 2299 713 2329 esset
742 2294 976 2334 exhibitum.
1017 2298 1119 2333 conf.
1151 2300 1313 2336 sueton.
1350 2300 1448 2350 Aug.
1481 2305 1547 2344 43.

45 2342 157 2382 Dion.
197 2345 369 2394 XLVIII,
408 2350 473 2389 20.
512 2348 652 2397 XLIX,
696 2350 748 2390 43
789 2358 827 2389 et
866 2353 973 2390 viros
1017 2353 1155 2391 doctos
1198 2356 1246 2392 ad
1289 2357 1354 2393 illa
1395 2359 1548 2409 aliaque

44 2399 140 2438 loca.
201 2402 308 2440 Vidit
339 2417 495 2454 quoque
527 2412 641 2443 acute
671 2407 821 2446 Eckhel
850 2411 1079 2448 memoriam
1112 2412 1197 2448 talis
1227 2414 1309 2451 ludi
1341 2415 1380 2452 in
1424 2430 1546 2454 numo

44 2457 126 2494 Caii
165 2459 339 2497 Caesaris
377 2463 547 2500 servari:
596 2464 786 2502 Doctrina
825 2481 981 2505 numor.
1023 2475 1099 2506 vet.
1139 2470 1222 2507 Vol.
1269 2472 1328 2519 Vl,
1375 2487 1411 2523 p.
1455 2478 1545 2515 170.

42 2513 191 2553 Ductus
236 2518 375 2567 utique
413 2519 477 2556 ille
526 2520 574 2557 ab
622 2522 785 2572 antiqua
831 2525 1037 2563 saltatione
1089 2534 1264 2575 armata,
1315 2529 1544 2580 pyrrhiche,

42 2566 204 2623 ὀρχήσει
235 2571 409 2630 ἐνόπλῳ,
450 2577 562 2615 cuius
600 2578 788 2629 originem
820 2594 869 2618 ex
901 2584 1015 2620 Creta
1047 2590 1181 2633 petere
1213 2585 1340 2623 solent
1371 2588 1544 2639 scripto—

40 2641 123 2677 res3
157 2631 229 2668 etsi
259 2632 324 2669 illa
361 2636 522 2672 omnino
558 2636 707 2686 priscae
754 2637 960 2677 hominum
1002 2641 1107 2678 vitae
1146 2642 1185 2680 in
1227 2644 1389 2681 Graecia
1432 2660 1543 2683 com-

39 2686 170 2722 munis
200 2688 318 2726 fuisse
348 2691 476 2729 videri
507 2699 649 2743 potest.
709 2694 831 2742 Quod
859 2697 888 2733 si
920 2712 939 2734 a
972 2698 1150 2736 Troianis
1184 2702 1427 2751 temporibus
1469 2703 1540 2739 de-

40 2741 182 2780 ductus
212 2744 331 2782 ludus
362 2754 442 2797 est,
485 2750 622 2788 debuit
650 2754 832 2803 profecto
864 2754 911 2791 ab
942 2755 1054 2792 initio
1086 2757 1232 2795 curulis
1270 2771 1362 2796 esse.
1420 2760 1539 2809 Equis

38 2799 142 2836 enini
174 2801 288 2838 aliter
316 2803 381 2840 illa
414 2812 538 2843 aetate
567 2809 624 2845 uti
663 2810 939 2859 nesciverunt,
980 2819 1025 2850 ut
1055 2814 1148 2851 satis
1187 2827 1235 2851 ex
1276 2816 1449 2853 Homero
1488 2817 1536 2852 li-

37 2862 143 2905 quet.
202 2858 344 2896 Debuit
372 2861 491 2901 etiam
524 2876 574 2901 ex
604 2865 688 2903 eius
718 2868 909 2919 temporis
942 2882 1051 2907 more
1077 2883 1166 2908 cum
1197 2872 1330 2923 auriga
1357 2872 1536 2910 insistere
