1827 3436
485 258 606 305 AD
681 257 1202 306 LlssRuMl
1503 267 1606 314 239

81 390 262 444 cipienda
295 387 395 425 adeo
429 387 580 424 Romae
611 386 693 423 sata
723 385 783 423 uti
819 385 1046 437 constituit,
1077 388 1148 425 sed
1178 402 1257 439 quo
1288 390 1419 428 minus
1449 390 1515 429 illa
1541 404 1606 430 res

81 452 235 488 exitum
266 446 436 494 habeat,
478 444 654 496 Iupiter,
696 444 760 482 cui
800 444 980 482 satorum
1014 445 1115 483 ordo
1150 445 1331 498 inprimis
1368 462 1488 486 curae
1523 462 1606 487 esse

81 509 219 554 debet,
255 509 367 542 cavet
405 502 518 556 (ibid.
552 516 589 541 v.
623 505 706 544 222
727 501 816 556 sq.).
849 503 896 541 cf.
927 517 1013 555 sup.
1046 504 1212 543 Excurs.
1240 504 1305 544 I*„

427 868 1093 928 EXCURSUS
1158 873 1257 929 XI

335 1008 488 1051 Dido
521 1024 551 1050 a
589 1008 822 1052 Sc'clcaei
860 1009 1074 1053 Umbra
1108 1011 1343 1053 monita.

198 1152 235 1199 Ῑ,
268 1151 350 1193 353
371 1173 425 1179 —
449 1149 547 1191 359.
606 1151 710 1200 Ipsa
743 1149 816 1186 secl
845 1152 886 1186 ιή
915 1153 1064 1188 somnis
1091 1151 1296 1189 inhumati
1327 1152 1432 1188 venit
1461 1152 1602 1200 imago

83 1212 276 1261 Coniugi-s·
291 1240 300 1258 ,
336 1223 406 1246 ora
437 1209 567 1245 modis
593 1209 779 1245 allollens
805 1208 972 1257 pallida
1001 1211 1113 1246 miris
1131 1239 1140 1257 ,
1180 1209 1358 1247 Crudelis
1390 1223 1486 1245 aras
1517 1217 1602 1245 lra-

80 1273 260 1321 ieclaque
285 1276 449 1318 pec-lora
475 1266 590 1316 serto
623 1266 837 1313 leat'il,
875 1280 1117 1318 caecumque
1156 1268 1296 1304 (lomus
1330 1267 1457 1303 scelus
1488 1280 1602 1303 omne

79 1329 240 1371 rele.r1't;
289 1328 393 1362 'l'um
419 1325 589 1361 celerare
617 1323 773 1373 fitgam
799 1325 1017 1375 patriaque.
1052 1326 1233 1361 excedere
1268 1324 1431 1372 suadet,
1462 1326 1602 1361 Alavi-

80 1387 260 1437 liumque
288 1386 378 1421 viae
409 1391 553 1419 velere-s·
586 1382 724 1418 tellure
751 1382 918 1418 recludit
951 1382 1197 1429 Thesauro&
1231 1384 1416 1433 ignolum,
1443 1383 1604 1432 argenti

75 1446 238 1496 pondus
267 1450 302 1479 et
331 1442 436 1478 auri.
502 1439 616 1487 Quae
645 1438 694 1476 de
723 1438 859 1476 mariti
885 1439 1012 1490 specie
1037 1453 1108 1492 per
1131 1454 1316 1478 somnum
1348 1439 1482 1477 oblata
1503 1452 1601 1476 nar-

81 1508 249 1548 rantur,
283 1514 304 1537 a
333 1506 453 1551 poeta
475 1498 562 1549 ipso
594 1496 792 1535 adornata
817 1496 1030 1545 videntur,
1062 1511 1134 1535 nec
1157 1497 1410 1536 incommode
1439 1497 1490 1534 ad
1516 1496 1601 1548 epi-

82 1575 169 1599 cam
197 1559 357 1612 poesin,
390 1563 437 1594 ut
464 1555 658 1593 miraculo
690 1555 867 1592 animum
892 1561 1039 1596 teneat.
1103 1556 1223 1594 Forte
1255 1562 1416 1607 poetae,
1441 1561 1602 1606 praeter

80 1618 316 1665 historiam,
358 1615 527 1652 debetur
559 1614 679 1651 etiam
716 1613 819 1651 illud
851 1612 903 1650 ad
942 1613 1000 1650 roi
1036 1614 1288 1652 atrocitatem
1322 1613 1526 1651 adiectum
1563 1625 1602 1650 v.

83 1677 166 1718 349
200 1683 292 1713 aule
328 1688 438 1711 aras.
521 1671 622 1709 Nam
655 1671 800 1722 vulgo,
842 1684 932 1708 cum
969 1678 1159 1710 venatum
1196 1671 1376 1719 exiisset,
1418 1685 1439 1707 a
1477 1670 1603 1708 fratre

82 1735 224 1774 uxoris
258 1731 412 1771 insidiis
445 1730 595 1783 petitus
632 1729 830 1767 interiisse
867 1727 1056 1767 Sichaeus
1093 1729 1289 1767 traditur:
1323 1729 1416 1767 vide
1452 1728 1603 1765 Cedre-

84 1807 181 1832 num
216 1806 252 1844 p.
285 1792 364 1846 140
386 1790 428 1827 B.
461 1795 500 1826 et
538 1789 591 1826 Io.
622 1787 806 1825 Malalam
845 1785 1150 1840 Chronograph.
1189 1802 1228 1840 p.
1261 1790 1313 1829 68
1348 1785 1403 1839 (p.
1430 1789 1514 1827 206
1541 1785 1601 1823 ed.

83 1849 255 1903 Oxou.),
287 1849 354 1900 qui
384 1847 569 1885 Servium
602 1845 653 1882 ad
682 1845 720 1884 h.
748 1845 774 1883 l.
803 1845 1032 1896 descripsit,
1065 1845 1156 1894 sed,
1188 1852 1234 1883 ut
1265 1851 1444 1897 apparet,
1473 1844 1602 1881 multo

81 1910 338 1960 integriorem
369 1920 491 1956 quam
518 1904 674 1956 qualem
707 1917 815 1941 nune
846 1901 1048 1942 habemus.
1081 1905 1127 1942 cf.
1159 1902 1341 1941 Eustath.
1371 1903 1421 1939 ad
1445 1902 1602 1952 Dionys,

82 1968 230 2019 Perieg.
263 1980 303 2004 v.
339 1966 433 2008 195.
494 1963 595 2012 Sed,
626 1968 674 2000 ut
705 1968 820 2014 poeta
849 1967 941 1999 ante
969 1976 1056 1999 aras
1089 1962 1130 2000 id
1162 1962 1313 1999 factum
1344 1961 1498 2007 mallet,
1531 1973 1601 1996 oe—

84 2026 281 2065 casiouem
320 2022 497 2073 fingendi
534 2021 726 2073 praebere
765 2020 900 2072 potuit
937 2019 1034 2068 hoo,
1085 2020 1194 2071 quod
1229 2019 1397 2056 maritus
1437 2017 1602 2054 Didonis

84 2083 310 2123 sacerdotio
342 2080 527 2119 Herculis
555 2081 720 2118 functus
751 2091 832 2115 esse
862 2084 1122 2116 memoratur.
1156 2079 1204 2116 cf.
1232 2077 1371 2115 lustin.
1398 2075 1540 2123 XVIII,
1561 2074 1601 2113 4.

84 2144 166 2181 Iam
198 2140 327 2180 somni
360 2140 492 2178 visum
520 2144 655 2190 potest
683 2136 785 2174 illud
814 2135 976 2186 quidem
1008 2137 1063 2173 ita
1094 2136 1235 2187 accipi,
1269 2141 1313 2172 ut
1344 2134 1473 2184 ipsum
1501 2131 1599 2169 faci-

84 2216 161 2240 nus
192 2197 429 2238 somniantis
462 2197 594 2234 animo
625 2195 747 2233 suerit
777 2194 999 2241 obiectum,
1032 2195 1089 2231 ita
1123 2200 1169 2231 ut
1198 2193 1262 2230 illa
1289 2192 1362 2242 ipsi
1397 2189 1506 2227 caedi
1534 2189 1599 2225 in-

84 2266 253 2307 teresse,
286 2271 371 2294 eam
400 2255 485 2293 fieri
517 2259 720 2300 cerneret,
752 2252 929 2304 poeticae
961 2259 1091 2289 tamen
1120 2250 1265 2288 rationi
1291 2248 1409 2298 inagis
1430 2259 1599 2284 consen—

85 2325 272 2365 taneum,
303 2321 374 2364 ut,
407 2326 508 2364 quae
545 2327 566 2350 a
599 2310 753 2350 Sichaei
784 2310 933 2347 Umbra
964 2309 1095 2347 verbis
1134 2314 1229 2346 sunt
1258 2306 1459 2357 exposita,
1492 2310 1599 2343 tam-

85 2390 205 2428 quam
235 2380 343 2426 gesta
372 2373 587 2419 nudemur,
620 2369 905 2416 enuntientur,
935 2373 981 2404 ut
1011 2367 1050 2403 in
1078 2367 1180 2403 notis
1215 2363 1482 2414 exposuimus
1536 2361 1600 2398 Si·-

85 2435 230 2472 militer
262 2431 414 2470 Umbra
441 2428 597 2468 Sichaei
634 2441 730 2466 mox
759 2425 917 2463 abditos
954 2424 1163 2462 thesauros
1195 2422 1368 2468 indicat,
1400 2434 1479 2471 quo
1512 2419 1598 2456 loco

85 2492 251 2545 repositi
289 2491 391 2537 sint,
430 2495 477 2527 ut
510 2486 665 2525 itineris
698 2484 916 2522 subsidium
954 2496 998 2519 ac
1031 2482 1221 2519 viaticum
1258 2478 1401 2516 Didoni
1433 2476 1599 2527 fugienti

86 2551 179 2589 sint.
260 2549 326 2587 Sic
364 2546 551 2585 Hectoris
582 2544 734 2582 Umbra
769 2543 840 2581 inf.
880 2541 934 2587 II,
966 2543 1049 2581 297
1084 2539 1197 2590 effert
1230 2550 1361 2584 sacra,
1401 2534 1599 2573 efferenda

87 2622 167 2647 esse
196 2614 309 2660 gestu
341 2605 548 2656 significat.
625 2601 819 2640 Thesauri
860 2598 1022 2636 Didonis
1055 2595 1186 2633 adhuc
1219 2594 1387 2632 Neronis
1425 2599 1599 2644 tempore

87 2667 218 2706 lusum
251 2665 445 2704 avaritiae
480 2664 620 2701 fecere.
652 2675 689 2698 v.
724 2658 850 2697 Tacit.
884 2656 1026 2696 Annal.
1058 2654 1161 2699 XVI,
1199 2667 1258 2704 pr.
