1811 3388
281 189 687 241 AENEIDOS
723 188 864 236 LIB.
897 188 985 246 lv,
1023 190 1315 237 232—242
1456 193 1551 239 631

52 320 288 381 Naviget!
360 318 500 364 Haec
520 328 726 361 summa
745 319 848 371 est3
888 310 971 360 hic
998 311 1162 359 nostri
1185 310 1398 360 nuntius
1427 320 1552 362 esto.

120 388 337 436 Dixerat.
407 381 500 431 Ille
524 381 684 446 patris
702 380 878 443 magni
903 396 1090 445 parere
1111 378 1327 444 parabat

51 454 312 520 Imperio3
352 460 403 500 et
425 452 658 516 primum
683 449 910 514 pedibus
936 448 1111 497 talaria
1137 449 1314 511 nectit,

50 528 244 581 Aurea,
281 537 415 587 quae
437 520 724 568 sublimem
749 518 853 581 alis,
882 519 990 567 sive
1015 535 1244 583 aequora
1266 532 1436 582 supra,
1452 520 1553 568 240

53 595 158 641 Seu
175 600 395 652 terram,
438 589 624 654 rapido
650 588 846 654 pariter
866 603 987 636 cum
1008 585 1221 636 flamine
1243 594 1469 651 portant.

52 665 191 710 Tum
214 661 411 723 virgam
433 659 588 724 capit:
625 657 723 706 hac
747 658 943 706 animas
963 655 1050 707 ille
1076 665 1260 706 evocat
1289 656 1431 707 Orco

118 758 231 806 239.
266 755 382 804 240.
417 766 605 800 NECTIT
641 752 847 800 AUREA:

141 869 210 904 237
233 868 300 901 hoc
324 880 462 901 ,ςαηυια
485 875 541 899 est
566 866 770 898 emendabat
793 866 1035 906 Heumaunus,
1059 863 1164 896 docte
1188 862 1347 907 quidem,
1385 862 1448 895 sed
1476 863 1552 895 fru-

50 924 133 949 stra.
159 927 191 948 v.
217 916 329 950 Burm.
353 914 444 947 idem
476 914 534 946 hic
566 914 688 946 nostri
719 914 874 945 nuntius
905 920 1002 952 esto,
1037 916 1073 943 ut
1108 911 1150 944 ab
1188 909 1255 943 alia
1287 921 1388 942 manu
1422 909 1554 942 adiecta

50 962 250 1003 recidebat,
278 961 481 994 adversante
508 966 543 991 et
568 959 625 992 hic
648 960 855 991 Burmanno.
904 958 973 991 Sed
996 964 1118 990 neuter
1142 956 1257 997 videt,
1281 956 1451 989 nuntiam
1475 955 1510 988 h.
1530 956 1553 990 l.

51 1021 125 1042 csse
150 1019 220 1040 non
246 1014 467 1048 narrantem,
493 1006 554 1038 sed
580 1006 616 1038 id
641 1005 734 1049 quod
758 1004 946 1037 nuntiatur.
973 1004 1050 1048 (sed
1071 1014 1136 1047 ego
1161 1015 1215 1035 me
1242 1002 1345 1034 malle
1377 1014 1451 1035 cum
1479 1001 1554 1035 istis

50 1055 108 1089 hic
133 1054 325 1096 caecutire,
348 1054 496 1097 ingenue
519 1052 645 1085 fateor.
697 1053 765 1084 Hic·
788 1053 942 1084 nuntius
966 1059 1065 1091 esto,
1091 1050 1113 1082 i.
1140 1061 1169 1083 e.
1195 1048 1334 1081 huius
1359 1048 1430 1081 rei
1463 1060 1553 1081 nun-

49 1102 115 1134 tius
141 1108 236 1140 θεῖος
263 1101 312 1133 sic
337 1112 441 1144 saepe
467 1098 569 1139 talia,
596 1097 695 1142 quale
721 1100 753 1130 is
778 1106 912 1138 metus,
947 1097 969 1130 i.
995 1108 1026 1129 e.
1061 1095 1161 1128 eius
1197 1094 1265 1127 rei
1298 1101 1430 1137 metm,
1462 1095 1554 1139 apud

52 1148 242 1191 scriptores
268 1154 303 1179 et
327 1147 440 1179 vincta
465 1153 499 1178 ct
524 1145 640 1177 soluta
659 1144 818 1176 oratione
844 1149 979 1176 utentes
1003 1143 1184 1186 leguntur3
1219 1141 1310 1174 infra
1342 1143 1417 1181 VII,
1453 1142 1552 1175 595.:

51 1194 144 1238 „Ipsi
168 1194 247 1226 has
273 1193 441 1236 sacrilego
466 1191 626 1237 pendetis
650 1189 815 1233 sanguine
840 1192 1008 1233 poenas.“
1033 1191 1113 1230 XII,
1137 1187 1234 1223 468.:
1260 1189 1370 1228 „Hoc
1389 1199 1554 1221 concussa

50 1243 177 1273 mem.“
205 1240 274 1272 vid.
300 1238 484 1273 VVunderl.
511 1238 553 1271 ad
588 1249 637 1269 vs.
662 1237 741 1271 387.
798 1237 842 1268 Et
873 1237 994 1269 nostri
1027 1237 1180 1268 nuncius
1214 1242 1266 1266 est
1299 1234 1334 1266 h.
1365 1234 1409 1275 l.,
1443 1233 1501 1278 qui
1535 1246 1554 1266 a

51 1287 152 1318 nobis
179 1286 346 1325 mittitur3
381 1292 418 1317 ut
444 1285 507 1317 Iris
543 1283 695 1325 „Nuntia
729 1282 947 1314 Iunonis“
981 1281 1108 1315 dicitur
1142 1279 1264 1312 Ovidio
1295 1281 1380 1313 Met.
1418 1281 1442 1321 1,
1473 1280 1553 1314 270.

52 1336 154 1365 Amat
196 1339 308 1364 autern
352 1332 439 1364 hanc
482 1329 689 1364 substantivi
723 1335 758 1361 et
789 1328 1002 1372 pronominis
1037 1326 1230 1371 personalis
1265 1325 1554 1370 compositionem

53 1379 242 1422 Virgilius,
268 1386 303 1410 ut
328 1378 417 1410 infra
437 1390 486 1410 vs.
506 1377 604 1412 654.:
631 1377 773 1420 „imago
791 1376 907 1407 meif‘
934 1376 1025 1415 VIII,
1044 1374 1141 1409 514.:
1167 1372 1323 1412 „solatia
1348 1385 1370 1404 n
1387 1374 1552 1405 ostri.“

51 1426 97 1465 X,
122 1427 194 1459 72:
220 1427 406 1470 ..potentia
433 1424 629 1457 nostri.“
660 1422 755 1463 Wr.)

49 1471 168 1504 melin.
216 1472 300 1503 hinc
323 1483 357 1503 n.
387 1470 528 1502 Oudart.
554 1476 588 1501 et
612 1468 744 1501 ZuJich.

49 1519 117 1552 239
142 1526 177 1550 ει
205 1518 304 1550 abest
329 1517 370 1549 ab
397 1517 519 1549 Hamb.
544 1527 612 1548 sec.
657 1516 774 1560 primo
797 1513 903 1546 Goth.
933 1520 1012 1545 tert.

51 1564 114 1596 sed
147 1577 167 1597 ο
204 1570 381 1608 expuncta.
418 1562 513 1605 Wr.)
570 1562 756 1606 Imperiis,
787 1561 941 1606 primum
972 1559 1096 1592 Hamb.

48 1611 118 1646 240
141 1622 301 1655 aequora
325 1611 428 1641 iuxta
451 1621 530 1641 mss.
555 1620 612 1652 ap.
637 1607 790 1639 Macrob.
816 1607 861 1647 V,
884 1606 917 1648 6,
944 1617 984 1638 ex
1019 1617 1050 1637 v.
1075 1605 1142 1639 255
1168 1611 1265 1649 puto.

506 1655 639 1687 ulmine
662 1653 750 1686 alter
782 1651 904 1685 Hamb.

49 1658 143 1688 mine
168 1656 249 1689 tert.'
272 1655 437 1688 Rottend.
478 1654 512 1700 f

49 1702 109 1735 alii
143 1702 211 1735 duo
247 1701 365 1735 Heins-

48 1749 208 1792 Longob.
233 1748 356 1788 Pierii,
382 1755 417 1781 et
441 1747 584 1780 Mentel.
608 1759 664 1791 pr.

48 1843 219 1895 interpp.
249 1842 300 1880 ad
332 1843 399 1881 Ge.
429 1842 475 1890 ΙΙ,
511 1843 604 1882 172.
645 1839 770 1878 chlz.

50 1901 104 1938 De
124 1900 319 1938 vocabulo
331 1908 451 1950 paler
469 1912 537 1949 per
556 1897 771 1948 appositio-

50 1971 137 1996 nem
162 1957 314 1995 adiecto
342 1956 423 1994 vid.
447 1956 496 2003 Q.
527 1955 570 1992 V.
602 1953 771 2002 XXXII,

50 2019 88 2061 7,
103 2015 192 2052 Not.
220 2013 331 2065 lVr.)
357 2015 511 2063 prolem
533 2013 771 2058 Ausoniam,

52 2073 100 2109 cf.
122 2074 216 2113 230.
238 2071 307 2108 ius.
334 2069 428 2110 274.
457 2069 551 2109 275.
584 2068 646 2116 VI,
675 2068 770 2114 756,

51 2128 298 2178 progeniem,
338 2127 400 2163 cui
445 2127 525 2163 sata
560 2124 771 2175 imperium

52 2185 184 2222 Italiae
202 2184 474 2221 decreverunt.
508 2181 606 2232 (vid.
627 2181 675 2217 ‹lo
694 2179 772 2216 hoc

52 2255 170 2280 versu
189 2242 237 2288 Q.
258 2241 301 2278 V.
318 2240 487 2277 XXXX.
511 2260 566 2266 —
597 2240 691 2279 237.
707 2236 772 2273 lzc'c

51 2301 172 2335 nas-tri
205 2300 364 2335 nuntius
394 2305 498 2344 esto,
547 2294 628 2334 vid.
653 2294 697 2332 V.
732 2294 771 2331 L.

56 2358 98 2393 ll
111 2355 166 2407 ⁷r.)

107 2415 190 2453 238
213 2424 293 2461 sqq.
326 2410 385 2447 Ex
417 2409 456 2446 11.
487 2424 531 2457 ω,
561 2409 641 2447 339
675 2420 770 2456 sqq.,

52 2470 120 2507 ubi
140 2467 358 2506 Mercurius
389 2466 439 2503 ad
466 2466 687 2510 Priamum,
732 2469 766 2500 el

50 2527 191 2577 Odyss.
223 2541 251 2573 ε,
282 2527 334 2565 43
366 2537 468 2573 sqq„
513 2521 580 2559 ubi
613 2521 663 2558 ad
694 2521 771 2557 Ca-

51 2583 162 2634 lypso
185 2583 380 2628 mittitur,
415 2580 510 2617 haec
534 2578 770 2615 adumbrata

51 2653 151 2688 esse,
182 2640 256 2677 iam
279 2645 369 2676 ante
390 2637 597 2675 monitum.
656 2634 770 2672 Adde

52 2697 193 2746 Odyss.
217 2713 259 2743 ω,
289 2709 348 2746 pr.
382 2694 584 2744 Virgilium
614 2691 770 2742 sequuti

53 2759 145 2789 sunt
166 2753 247 2800 alii,
279 2758 325 2790 ut
341 2752 488 2789 Statius
511 2751 522 2787 I
546 2749 666 2787 Theb.
687 2752 769 2789 303

51 2823 132 2858 sqq.
155 2809 322 2847 Ovidius
345 2814 417 2846 etc.
479 2806 554 2844 Sed
589 2806 770 2844 classicus

52 2867 99 2903 de
137 2865 318 2903 Mercurii
360 2864 499 2902 officiis
539 2863 650 2901 locus
693 2862 769 2900 hic.

803 1422 894 1454 haec
921 1432 1128 1464 summaque
1152 1418 1294 1452 Dorvill.
1344 1420 1422 1451 lzeic
1445 1419 1551 1451 Com-

837 1467 906 1502 238
932 1465 1075 1499 volebat
1094 1478 1161 1498 seo.
1179 1466 1303 1498 Moret.
1328 1477 1361 1497 v.
1385 1465 1447 1497 inf.
1472 1466 1553 1500 390.

1062 1514 1270 1557 (primoum,
1307 1511 1377 1552 sic,
1411 1511 1550 1551 Medic„

1131 1571 1183 1602 pr.
1216 1557 1315 1590 Leid.
1349 1569 1369 1590 a
1402 1570 1445 1589 m.
1482 1569 1552 1591 sec.

1372 1602 1438 1638 241
1467 1605 1552 1649 flu-

948 1659 1101 1697 portent
1133 1650 1259 1683 Medic.
1292 1661 1311 1682 a
1345 1661 1389 1681 m.
1424 1661 1477 1694 pr.
1518 1655 1553 1682 et

459 1701 529 1735 242
563 1701 660 1746 rapit
692 1700 828 1742 Menag.
864 1710 917 1743 pr.
965 1698 1030 1731 ille
1059 1706 1167 1730 vocat
1200 1708 1269 1730 una
1309 1695 1422 1728 vocali
1469 1695 1553 1729 elisa

832 1837 975 1876 Omnia
995 1843 1091 1875 nota
1113 1842 1152 1873 et
1171 1836 1348 1887 vulgaria
1371 1842 1483 1885 sunt,
1515 1842 1553 1873 et

832 1909 853 1932 a
896 1901 1012 1946 poeta
1057 1894 1204 1932 diserte
1254 1906 1448 1945 expressa.
1497 1915 1552 1922 —

833 1951 904 2003 (—
916 1954 1011 1993 239.
1042 1951 1079 1988 et
1091 1953 1294 2001 primum,
1328 1950 1408 1988 vid.
1435 1950 1484 1997 Q.
1506 1950 1551 1988 V.

830 2008 1008 2056 XXXV,
1056 2011 1094 2049 6.
1131 2013 1233 2046 extr.
1277 2005 1387 2058 lVr.)
1456 2005 1550 2048 240.

831 2081 934 2117 qaae
961 2065 1100 2102 talaria
1132 2073 1293 2114 portant
1322 2073 1381 2111 le,
1426 2063 1550 2100 subli-

828 2136 931 2158 mem
962 2123 1066 2169 alis,
1118 2120 1156 2157 h.
1187 2134 1206 2157 e
1261 2126 1297 2157 te
1329 2120 1551 2157 volantem:

829 2185 875 2216 ut
907 2178 1040 2229 paullo
1070 2184 1160 2214 ante
1192 2178 1232 2214 iu
1265 2176 1367 2214 Iovis
1401 2176 1550 2214 verbis:

828 2250 927 2272 roca
948 2234 1146 2284 Zeplzjros
1173 2242 1207 2270 et
1237 2232 1365 2270 labere
1387 2235 1545 2283 pennis·

827 2291 867 2329 li.
892 2304 921 2328 e.
944 2292 1056 2339 vola,
1085 2290 1213 2328 ventis
1234 2295 1429 2341 portatus,
1468 2304 1549 2327 non

830 2349 931 2386 enim
964 2348 1103 2385 talaria
1140 2348 1302 2395 serunt,
1352 2347 1418 2384 sed
1448 2347 1549 2384 alae:

828 2406 982 2444 ratione
1015 2404 1189 2456 mytliica
1224 2417 1273 2441 ex
1299 2404 1383 2455 ipsa
1414 2417 1548 2442 rerum

830 2469 972 2500 natura
993 2463 1129 2513 petita.
1190 2461 1238 2498 Et
1258 2461 1325 2499 ins.
1353 2461 1436 2503 252
1463 2476 1547 2511 pa-

827 2519 933 2558 ribus
952 2521 1077 2556 m'tens
1105 2519 1304 2569 Cyllenius
1322 2519 1413 2555 alis.
1453 2517 1546 2559 241.

823 2579 978 2627 pariter
1006 2590 1096 2613 cum
1116 2577 1302 2626 flamine.
1362 2574 1548 2612 Homeri-

830 2647 919 2671 cum
940 2629 1021 2685 ἅμα
1042 2635 1189 2687 πνοιῇς
1211 2628 1386 2684 εἷνέμυιο,
1404 2637 1450 2668 ut
1471 2630 1545 2668 Od.

830 2706 859 2740 ε,
883 2689 950 2731 46.
1009 2689 1103 2730 242.
1132 2697 1268 2726 evocat
1285 2702 1322 2727 v.
1345 2701 1376 2725 c.
1405 2688 1545 2726 Prote-

828 2747 980 2784 silaum.
1019 2760 1055 2784 v.
1095 2745 1239 2797 Hygin.
1282 2746 1308 2783 s.
1356 2747 1447 2786 103.
1498 2744 1545 2781 cs.

829 2802 990 2855 Orphic.
1030 2802 1177 2854 Hymn.
1219 2805 1286 2846 56.
1331 2800 1545 2851 Aeschylus

829 2862 932 2898 Pers.
963 2858 1046 2903 642
1075 2873 1179 2911 seqq.
1240 2860 1381 2906 ηιίίιίι,
1423 2857 1543 2906 ducit,
