1779 3420
164 219 266 265 876
503 215 557 265 Ρ.
596 215 948 265 VIRGILII
980 216 1339 266 MARONIS

165 339 274 391 Sed
298 356 411 389 non
436 349 559 390 ante
580 340 734 390 datur
752 341 955 390 telluris
985 350 1171 408 operta
1194 342 1389 404 subire,
1592 348 1692 395 140

161 411 482 461 Auricomos
514 428 674 477 quam
700 412 789 477 qui
817 411 1145 478 decerpserit
1168 412 1359 461 arbore
1384 409 1538 463 fetus

161 484 279 531 Hoc
302 481 401 530 sibi
421 480 606 547 pulcra
628 498 784 529 suurn
808 480 938 530 ferri
963 484 1283 547 Proserpina
1302 498 1501 531 munus

159 552 406 602 Instituit.
478 551 662 600 Primo
685 550 866 599 avolso
888 567 1000 600 non
1026 551 1209 601 deficit
1226 552 1359 601 alter

159 625 394 682 Aureus3
435 629 487 670 et
513 620 671 669 simili
692 619 991 669 frondescit
1008 622 1150 684 virga
1169 621 1406 670 metallo.

159 694 302 755 Ergo
325 690 426 739 alte
447 691 644 754 vestiga
671 690 864 754 oculis,
906 700 957 740 et
981 691 1082 740 rite
1102 700 1378 758 repertum
1591 695 1690 743 145

164 763 337 827 Carpe
381 776 558 810 manu.
632 763 879 827 Namque
922 761 1036 827 ipse
1070 760 1259 810 volens
1292 760 1570 828 facilisque
1605 778 1689 812 se-

954 840 1166 897 quetur,

162 902 216 950 Si
237 911 291 950 te
312 899 417 949 fata
440 908 656 950 vocant:
695 900 871 963 aliter,
911 917 1025 950 non
1052 901 1252 950 viribus
1275 900 1395 949 ullis

160 972 416 1034 Vincere,
454 987 555 1019 nec
581 969 717 1019 duro
739 971 942 1036 poteris
965 970 1269 1020 convellere
1291 969 1454 1019 ferro.

158 1044 442 1091 Praeterea
469 1041 604 1089 iacet
623 1041 928 1090 exanimum
947 1041 1041 1089 tihi
1065 1058 1259 1106 corpus
1287 1041 1456 1103 amici,

158 1114 303 1174 (Heu
326 1112 520 1175 nescis)
539 1119 819 1177 totamque
842 1112 1063 1160 incestat
1084 1110 1277 1160 sunere
1302 1110 1546 1168 classemg
1589 1114 1687 1162 150

156 1185 302 1231 Dum
326 1180 565 1230 consulta
585 1181 747 1248 petiS,
788 1190 1087 1249 nostroque
1108 1182 1162 1230 in
1187 1180 1373 1230 limine
1394 1179 1614 1247 pendes.

231 1279 342 1327 141.
381 1290 502 1334 QUIS

254 1392 323 1428 140
350 1405 464 1438 opaca
482 1392 631 1426 Dorvill.
655 1404 675 1426 a
700 1405 745 1428 m.
777 1404 830 1436 pr.
928 1393 993 1428 141
1030 1405 1137 1438 quam
1171 1394 1236 1438 qui
1261 1391 1389 1425 Medic.
1417 1391 1508 1425 alter
1537 1389 1683 1422 Mentel.

156 1452 177 1472 a
198 1452 242 1473 m.
260 1452 313 1485 pr.
336 1447 369 1473 et
387 1440 500 1474 Colot.
515 1466 522 1479 ‚
555 1440 650 1484 quod
672 1440 875 1484 exquisitius
899 1447 1035 1485 putem,
1069 1452 1135 1485 pro
1168 1452 1275 1485 quam
1312 1441 1346 1472 si
1377 1442 1468 1484 quis.
1520 1437 1685 1481 (Restitni

155 1487 240 1532 qui,
266 1498 337 1519 non
362 1494 401 1519 ut
428 1494 544 1520 tamen
578 1488 720 1531 antique
747 1487 878 1520 dictum
906 1494 1027 1531 putem
1056 1499 1122 1531 pro
1155 1489 1248 1532 quis.
1297 1486 1366 1519 Vix
1396 1486 1481 1518 licet
1510 1484 1685 1525 dubitare,

156 1534 238 1578 quin
258 1534 462 1579 impeditior
483 1540 656 1567 structura
675 1546 777 1567 causa
796 1535 901 1567 fuerit
928 1535 1065 1568 relativi
1096 1536 1159 1579 qai
1188 1534 1222 1566 in
1251 1533 1469 1566 indefinitum
1502 1533 1583 1577 quis
1606 1543 1686 1563 mu-

156 1581 262 1614 tandi.
313 1581 486 1625 Expedita
500 1582 593 1614 foret
620 1581 856 1623 constructio,
891 1582 920 1614 si
950 1582 997 1615 ita
1031 1581 1229 1625 scripsisset
1254 1580 1444 1624 Virgilius:
1476 1591 1608 1624 quam
1643 1586 1685 1610 tu

156 1628 492 1675 decerpseris3
530 1629 592 1660 sed
618 1631 651 1660 in
682 1629 877 1661 universum
905 1641 1013 1673 quum
1040 1629 1138 1673 loqui
1167 1627 1309 1665 mallet,
1347 1639 1430 1660 sane
1462 1625 1684 1658 scribendum

155 1682 250 1708 erat:
277 1688 384 1720 quam
407 1677 485 1718 qui
512 1676 752 1721 decerpserit,
778 1676 800 1707 i.
823 1689 852 1708 e.
873 1688 943 1708 nou
965 1676 1087 1714 datur,
1120 1675 1187 1707 nisi
1210 1675 1262 1717 ei,
1297 1674 1357 1720 qui
1384 1680 1465 1707 ante
1490 1673 1683 1711 decerpse—

154 1722 212 1754 rit.
261 1722 389 1755 Similis
409 1729 464 1754 est
482 1722 619 1755 relativi
638 1734 717 1754 usus
737 1724 800 1755 Ge.
824 1725 850 1765 I,
877 1726 972 1757 lor:
1007 1722 1123 1764 „Quid
1155 1722 1287 1763 dicam,
1321 1722 1413 1754 iacto
1448 1719 1522 1764 qui
1551 1719 1682 1751 semine

155 1769 345 1801 comminus
374 1781 456 1802 arva
487 1769 740 1812 insequitur?“
784 1776 819 1801 et
853 1769 920 1802 hoc
954 1770 1032 1814 ipso
1059 1769 1152 1802 libro
1183 1769 1273 1801 infra
1302 1781 1352 1801 VS.
1384 1769 1484 1802 453.:
1521 1767 1682 1810 „qualem

153 1816 269 1860 primo
288 1828 309 1860 q
325 1815 367 1847 ui
389 1828 532 1859 surgere
555 1828 672 1848 mense
695 1836 737 1840 --
759 1817 856 1848 videt
870 1817 1038 1849 Lunam.“
1088 1817 1177 1857 Quis
1195 1815 1280 1847 ferri
1298 1827 1367 1847 non
1386 1819 1525 1858 potest,
1550 1813 1683 1857 quippe

154 1862 353 1906 significans
374 1863 511 1895 alium
532 1862 687 1907 quemvis
701 1889 710 1902 ,
736 1875 838 1907 quum
860 1870 976 1895 tamen
995 1863 1025 1896 is
1044 1869 1178 1895 tantum
1198 1862 1330 1894 inferos
1355 1861 1452 1894 adire
1482 1871 1587 1905 posse
1623 1860 1681 1891 di-

155 1910 283 1942 cendus
319 1917 432 1950 esset,
477 1909 534 1954 qui
574 1910 810 1954 decerpsisset
849 1910 962 1954 ipse.
1022 1912 1061 1941 In
1090 1911 1225 1941 Graeco
1255 1909 1395 1953 quidem
1422 1918 1583 1940 sermone
1614 1918 1680 1950 pro

154 1951 276 1997 ὅστις,
304 1957 398 2000 quod
419 1957 475 1989 hic
497 1956 705 2000 requiritur,
730 1969 799 1989 non
824 1968 914 2001 nego
937 1957 1039 1989 etiam
1058 1951 1082 2000 ἥ
1102 1968 1157 1995 τις
1176 1956 1289 1988 locum
1314 1956 1466 1994 habere3
1500 1954 1562 1986 sed
1581 1953 1680 1986 desi-

153 2003 240 2036 dero
260 2004 441 2047 exempla,
465 2003 590 2048 quibus
612 2005 789 2036 Romanos
808 2003 855 2037 ita
883 2005 1021 2036 locutos
1051 2015 1126 2036 esse
1154 2003 1363 2035 declaretur.
1394 2001 1489 2044 lVr.)
1540 2001 1679 2033 discer-

149 2052 269 2096 pserit
286 2050 387 2082 multi
406 2062 462 2094 ap.
488 2050 577 2083 Pier.
604 2059 637 2082 et
671 2052 805 2092 Burni„
842 2051 943 2084 male.
993 2052 1155 2095 decerpit
1185 2049 1230 2082 ab
1260 2048 1391 2082 arbore
1413 2047 1531 2081 notavi
1559 2059 1600 2079 ex
1629 2049 1678 2080 Io.

151 2097 325 2130 Sarisber.
346 2097 407 2130 lib.
427 2098 519 2138 Vlll,
540 2110 576 2142 p.
597 2099 667 2132 690
686 2099 742 2130 ed.
768 2101 878 2132 Amst.
976 2098 1043 2132 143
1069 2096 1189 2142 defuit
1217 2097 1362 2129 Oudart.
1460 2096 1527 2130 144
1552 2094 1681 2127 similis

151 2144 278 2177 Medic.
306 2146 434 2188 (ortum
454 2156 496 2176 ex
514 2156 724 2189 praegresso
747 2158 905 2185 aureus,
936 2145 1004 2177 hoc
1026 2151 1140 2177 autem
1168 2144 1281 2188 ipsum
1313 2155 1451 2175 aureus
1479 2143 1565 2174 satis
1590 2140 1677 2173 mihi

151 2191 291 2223 videtur
318 2191 494 2234 languere.
539 2192 633 2234 ll'r.)
676 2191 710 2237 j.
745 2204 840 2224 vena
868 2206 912 2225 m.
943 2193 1078 2235 Menag.
1107 2203 1182 2234 pn,
1228 2202 1347 2223 errore
1384 2189 1479 2222 haud
1518 2188 1677 2220 indocto.

152 2239 219 2273 145
245 2240 431 2283 investiga
448 2238 595 2271 Dorvill.
615 2251 635 2272 a
660 2251 705 2271 m.
731 2250 801 2272 sec.
853 2240 987 2280 oculis,
1025 2250 1237 2282 ramumque
1265 2251 1297 2270 r.
1327 2236 1436 2269 Goth.
1465 2242 1550 2268 tert.
1581 2247 1600 2267 a
1633 2247 1678 2267 ln.

151 2297 221 2318 see.
320 2285 387 2320 146
422 2294 601 2330 Sequatur
636 2285 751 2329 Bigot.
847 2286 914 2320 147
950 2298 1016 2318 nec
1042 2298 1073 2318 v.
1116 2286 1217 2317 Rom.
1314 2283 1381 2318 148
1416 2284 1555 2328 poteris
1581 2282 1678 2314 duro

151 2344 204 2376 pr.
230 2333 353 2364 Hamb.
450 2333 517 2367 150
541 2341 712 2377 totusque
732 2332 804 2379 i.f
825 2334 943 2366 classe
963 2344 1016 2377 pr.
1046 2331 1216 2366 Rottend.
1312 2331 1377 2365 151
1409 2331 1543 2376 pendis
1568 2328 1673 2362 Witt.

146 2380 315 2424 pendens
335 2380 437 2412 Rom.
459 2385 494 2412 et
514 2379 661 2412 Oudart.

151 2486 310 2535 Iupiter
345 2485 557 2536 infamiae,
601 2483 883 2538 καταχθόνιος,
943 2492 1102 2534 ornate3
1142 2484 1181 2522 in
1221 2486 1323 2524 rami
1370 2481 1499 2522 avulsi
1538 2481 1672 2520 locum

151 2542 200 2579 de
222 2543 391 2580 Plutone
421 2543 486 2595 (cs.
512 2544 690 2581 Fabreu.
712 2543 762 2580 ad
786 2544 882 2581 Tab.
942 2545 1041 2581 alius
1061 2544 1287 2581 succrescit.
1343 2542 1439 2579 Mox
1462 2543 1532 2577 rite
1554 2554 1675 2590 carpe

150 2600 255 2638 Iliae.
289 2615 326 2651 p.
359 2601 475 2653 372).
516 2602 721 2638 Ανθνηαιη
761 2603 884 2638 luno—
942 2602 1059 2652 iunge
1082 2631 1091 2649 ,
1124 2606 1164 2637 et
1191 2603 1227 2638 si
1254 2609 1290 2637 le
1310 2600 1415 2649 sata
1441 2605 1607 2645 voc-ant,
1643 2597 1673 2633 si

149 2673 241 2695 nem
274 2658 446 2696 Ovidius
482 2658 587 2695 dixit
613 2659 689 2696 hac
725 2659 809 2709 ipsa
840 2659 882 2695 in
943 2659 1062 2697 fatale
1087 2658 1156 2695 tibi
1177 2664 1256 2707 est,
1289 2657 1437 2694 inferos
1464 2655 1586 2692 adire.

150 2716 382 2754 narratione
402 2716 616 2764 Met.X1V‚
635 2717 726 2758 114.
788 2717 882 2757 140.

148 2775 299 2812 telluris
330 2781 489 2824 operta,
532 2774 659 2824 simpl.
696 2773 781 2810 loca
815 2773 879 2808 in-
1005 2771 1258 2814 149—155.
1278 2770 1382 2808 Ante
1401 2770 1537 2808 oculos
1560 2769 1671 2807 Iliad.

148 2833 253 2882 sera,
285 2837 479 2883 quatenus
502 2831 574 2868 sub
598 2837 716 2868 terra.
778 2830 881 2866 Male
940 2845 973 2881 χ,
994 2832 1076 2870 386
1104 2832 1243 2868 Kaisar
1266 2824 1368 2881 παρ’
1390 2825 1528 2879 νήεσσι
1555 2826 1672 2875 νέκυς

149 2890 279 2942 lntpp.
322 2903 413 2927 cum
449 2888 606 2926 Mureto
643 2889 733 2926 Var.
776 2888 879 2925 [oct.
939 2885 1182 2935 ἄκλαυστος,
1215 2884 1400 2934 ἄθαπτος
1425 2884 1670 2937 Πάτροκλος.

149 2948 253 2996 XIV,
287 2952 312 2990 2
344 2953 595 2999 argutantur.
660 2945 752 2987 143.
787 2944 878 2985 144.
940 2945 1120 2982 Observa
1137 2945 1354 2983 verborum
1371 2943 1669 2996 proprietatem.
