1779 3420
141 207 243 256 640

137 330 429 382 Debentur.

468 203 523 251 P.
560 194 913 251 VIRGILII
947 189 1318 241 MARONIS

503 325 616 376 Tali
638 321 900 386 Cyllenius
924 333 1017 367 ore
1039 315 1250 365 locutus

137 398 373 452 Mortalis
393 398 532 446 visus
556 392 738 444 medio
759 403 1010 439 sermone
1030 385 1262 451 reliquit,

137 474 204 520 Et
226 467 414 536 procul
438 467 490 515 in
515 473 737 513 tenuem
762 477 821 509 ex
842 456 1007 507 oculis
1033 455 1245 505 evanuit
1270 470 1465 504 auram.

208 543 275 590 At
295 553 423 588 vero
446 539 648 585 Aeneas
669 530 921 595 adspectu
945 525 1216 575 obmutuit
1237 540 1436 585 amens,

142 609 509 672 Adrectaeque
572 602 797 651 horrore
858 612 1076 714 colrlnaej

957 674 1097 716 aeslt.

1415 591 1657 642 faucibus

1557 668 1658 714 280

1151 604 1204 644 et
1257 611 1358 644 vox

149 747 309 798 Ardet
331 745 470 794 abire
491 740 637 804 fuga,
678 737 953 802 dulcisque
976 735 1282 801 relinquere
1307 742 1489 796 terras,

143 816 424 868 Adtonitus
443 819 590 860 tanto
615 809 828 858 monitu
849 806 1188 872 imperioque
1210 804 1453 854 deorum.

144 891 287 949 Heu,
338 881 466 949 quid
502 885 649 944 agat?
704 895 813 945 quo
845 893 989 926 nunc
1026 875 1265 939 reginam
1318 873 1522 922 ambire
1573 869 1659 920 fu—

922 955 1136 995 rentem

144 1023 348 1075 Audeat
371 1017 587 1070 adfatu?
626 1034 761 1084 quae
786 1016 958 1083 prima
981 1014 1194 1065 exordia
1218 1018 1427 1063 sumat?

144 1099 314 1161 Atque
356 1092 593 1140 animum
633 1104 776 1138 nunc
813 1087 920 1136 huc
971 1085 1235 1148 celerem,
1282 1099 1426 1133 nunc
1474 1079 1660 1132 dividit

213 1235 326 1285 285.
365 1235 391 1269 *
407 1234 592 1290 ATQUE

925 1155 1064 1220 illuc,

1556 1152 1659 1202 285

235 1385 303 1419 276
328 1381 487 1416 Debetur
512 1383 648 1426 Hugen.
676 1386 712 1413 et
742 1391 796 1424 pr.
826 1377 993 1411 Rottend.
1024 1389 1043 1410 a
1072 1388 1116 1409 m.
1146 1388 1197 1421 pr.
1226 1387 1257 1408 v.
1285 1375 1350 1417 IX,
1375 1373 1455 1409 619.
1494 1370 1662 1416 (debetur

147 1431 247 1464 etiam
267 1432 298 1465 7.
330 1431 395 1467 12..
426 1437 473 1471 et,
507 1430 600 1474 quod
627 1427 768 1460 minime
791 1424 1085 1471 praetereundum
1115 1431 1207 1463 erat,
1240 1422 1346 1454 litera
1368 1435 1391 1454 n
1413 1421 1537 1453 abrasa
1556 1419 1661 1452 estin

146 1478 325 1515 Mediceo3
350 1477 419 1509 vid.
439 1480 480 1518 Q.
511 1478 555 1510 V.
574 1477 665 1516 VIII,
690 1476 723 1514 3,
750 1485 780 1506 a.
802 1479 838 1504 et
863 1472 961 1511 XVI,
987 1473 1020 1506 5.
1053 1477 1143 1503 extr.
1193 1469 1337 1502 Interim
1368 1468 1501 1500 aurium
1529 1465 1660 1499 iudicio

144 1526 212 1557 hoc
231 1523 335 1564 dedi,
369 1530 406 1555 ut
439 1531 613 1567 receptam
639 1521 827 1554 lectionem
855 1530 1039 1551 servarem.
1067 1517 1162 1559 lVr.)
1222 1529 1309 1549 voce
1336 1515 1482 1549 loeutus
1516 1511 1661 1546 Dorvill.

146 1573 213 1606 277
240 1574 273 1603 C.
296 1584 325 1603 0.
346 1570 369 1606 l.
389 1571 564 1604 Mortalis
580 1571 642 1602 Ge.
664 1567 800 1601 Fabric.
823 1566 858 1598 in
879 1578 941 1598 ms.
960 1565 1113 1597 iunctum
1139 1564 1287 1596 viderat.
1335 1564 1373 1595 in
1396 1574 1561 1594 sermone
1591 1559 1661 1592 ali-

147 1625 233 1663 quot
250 1620 360 1650 Burm.
411 1618 584 1662 relsnqm'c
603 1618 682 1649 Exc.
700 1616 813 1647 Burm.
910 1614 978 1647 278
1009 1613 1182 1645 invanuit
1205 1612 1340 1653 Hugen.
1390 1607 1552 1641 umbram
1572 1608 1660 1639 Ven.

146 1667 215 1700 279
241 1663 329 1697 ollm.
359 1677 431 1696 uno
458 1664 546 1696 alter
578 1665 715 1706 Menag.
805 1660 875 1694 280
896 1662 1122 1702 Erectczeque
1149 1670 1201 1702 pr.
1232 1656 1355 1689 Hamb.
1386 1666 1450 1698 pro
1478 1667 1548 1686 var.
1578 1653 1661 1686 lect.

148 1725 179 1745 .l.
199 1711 260 1743 inf.
280 1712 323 1750 V,
349 1712 424 1744 138.
494 1712 564 1745 282
580 1711 730 1756 imperio
751 1708 960 1751 monituque
979 1705 1071 1750 apud
1090 1704 1255 1737 Priscian.
1276 1703 1337 1735 lib.
1357 1703 1420 1735 XI.
1493 1701 1564 1736 283
1583 1701 1661 1745 agit

150 1771 216 1790 sec.
238 1758 401 1789 Rottend.
436 1770 591 1802 quonam
613 1763 686 1788 tres
710 1757 823 1786 Burm.
844 1760 879 1785 et
900 1754 951 1784 ita
971 1750 1118 1784 Nonius.
1153 1763 1310 1796 quonum
1328 1749 1430 1781 Leid.
1507 1746 1578 1782 284
1598 1745 1661 1793 as-

142 1805 266 1851 fictum
284 1806 363 1836 Exc.
389 1806 500 1837 Burni.
548 1813 584 1836 ec
605 1816 698 1848 quae
716 1801 797 1842 alii,
823 1800 885 1832 sed
907 1798 1046 1831 sustulit
1070 1796 1113 1832 τὸ
1140 1807 1174 1830 et
1196 1797 1330 1837 Heius„
1364 1795 1604 1828 Pieri-anorum
1625 1799 1661 1826 et

150 1862 287 1884 suorum
306 1851 472 1883 librorum
493 1851 711 1884 auctoritate.
802 1848 872 1882 285
894 1850 1015 1891 Atque
1036 1856 1156 1878 omues
1191 1844 1293 1878 codd.
1324 1849 1360 1876 et
1388 1842 1505 1875 Schol.
1534 1842 1660 1885 Cruqu.

152 1897 288 1931 Horatii
317 1899 345 1930 II
371 1898 434 1930 Od.
466 1900 520 1933 16.
569 1899 807 1942 Importunum
829 1900 944 1926 tamen
974 1899 1009 1925 et
1036 1892 1131 1924 forte
1158 1904 1199 1924 ex
1226 1891 1289 1924 lib.
1319 1891 1412 1931 VIII,
1436 1891 1483 1923 ΞΟ
1510 1888 1660 1929 illatum,

152 2013 297 2051 urbem.
333 2015 396 2051 Sic
415 2028 580 2064 surgens
601 2027 728 2063 seges,
763 2013 874 2050 olea-
933 2033 987 2040 --
1014 2006 1169 2062 θαλερὴ
1198 2007 1241 2049 δέ
1283 2008 1325 2048 οἵ
1357 2006 1488 2060 ἔσχετο
1527 2001 1660 2058 φωνή.

153 2081 242 2109 ster.
304 2072 353 2109 Et
390 2072 537 2109 iterum
573 2071 648 2120 VI,
686 2069 770 2112 364
803 2084 878 2121 per

153 2144 262 2180 spem
294 2132 490 2180 &agenti-s·
516 2130 613 2166 lull.

210 2236 291 2274 276
310 2255 356 2260 —
372 2235 466 2273 278.
487 2233 563 2270 lali
581 2246 658 2280 ore,
684 2231 876 2272 oratione,

156 2290 258 2326 Serv.
320 2291 536 2327 Discessum
569 2289 679 2327 hunc
704 2289 765 2326 dei
794 2303 877 2327 non

156 2354 361 2397 expectata
420 2347 573 2384 Aeneae
623 2347 877 2384 excusatione

158 2404 403 2453 aliquantum
432 2406 526 2442 artis
558 2404 725 2453 habere,
757 2405 877 2442 etiam

158 2461 283 2497 (lesda
311 2462 423 2498 vidit.
468 2464 514 2499 cs.
545 2462 614 2499 ins.
649 2463 697 2499 de
725 2463 878 2500 Didone

160 2520 240 2557 :1388
283 2532 384 2566 sqq,
445 2533 684 2568 quamquain
715 2519 794 2557 lloe
836 2521 879 2557 in

160 2576 325 2611 duorum
375 2575 552 2624 alloquiis
604 2577 881 2626 frequentissi-

160 2646 266 2668 mum
290 2645 369 2667 esse
398 2633 508 2669 solet.
541 2634 586 2669 (ts.
612 2633 680 2671 ins.
699 2635 766 2681 IX,
784 2635 878 2675 (556.

161 2691 255 2730 (157.
295 2689 396 2725 adde
427 2703 511 2739 sup.
541 2690 705 2728 Excurs.
735 2691 785 2728 ad
815 2692 881 2730 hb.

161 2746 188 2793 I,
221 2746 314 2786 402.

216 2851 310 2888 279.
337 2850 432 2888 280.
464 2846 689 2886 Homerica:
724 2852 811 2900 Σεῆ
840 2849 882 2890 δὲ

160 2903 310 2957 ταφών.
366 2901 510 2956 ’0ρῖΝά
545 2905 585 2943 δὲ
612 2906 737 2957 τρίχες
767 2907 882 2946 ἔσταν

935 2069 984 2106 ef.
1006 2068 1117 2106 Iliad.
1141 2083 1184 2117 ω,
1216 2069 1299 2110 358
1317 2079 1400 2117 sqq.

994 2157 1234 2202 281—284.
1269 2157 1422 2209 Egregii
1441 2169 1580 2196 versus
1594 2168 1661 2194 re-

934 2233 1027 2257 rum
1051 2218 1222 2256 veritate
1249 2222 1289 2253 et
1314 2215 1530 2254 verborum
1561 2214 1662 2251 dile-

936 2283 1017 2315 ctu.
1077 2275 1209 2313 Heu?
1239 2274 1339 2326 quid
1363 2281 1489 2324 agat,
1523 2277 1569 2310 ut
1592 2272 1662 2320 IX,

936 2337 1018 2376 399
1044 2340 1083 2371 et
1103 2333 1151 2371 al.
1176 2331 1377 2384 (Explicaz
1399 2333 1575 2369 incertus
1593 2335 1661 2378 est,

937 2392 1032 2443 quid
1066 2397 1174 2442 agat5
1223 2390 1270 2427 cf.
1293 2389 1405 2427 Obss.
1438 2388 1488 2425 ad
1517 2387 1662 2425 Tibull.

936 2451 966 2498 I,
997 2452 1036 2498 9,
1069 2452 1135 2490 39.
1195 2447 1307 2495 Vide,
1340 2458 1440 2496 quae
1462 2446 1663 2483 Herman-

937 2521 1013 2546 nus
1040 2507 1089 2544 ad
1118 2506 1248 2556 Viger.
1268 2518 1305 2555 p.
1325 2505 1420 2544 742.
1440 2503 1488 2540 de
1509 2503 1663 2540 Graeco

938 2566 975 2604 τί
1016 2564 1115 2617 λέγω
1155 2560 1399 2613 explanavit.
1460 2560 1524 2598 Vs.
1563 2561 1661 2601 285.

941 2622 1068 2660 oratio
1090 2622 1145 2659 ita
1176 2633 1247 2672 per
1269 2617 1506 2671 particulam
1532 2618 1664 2668 Alqne

942 2680 1223 2727 continuatur,
1269 2676 1379 2727 quasi
1410 2674 1665 2728 praecesserit

941 2740 1112 2775 incertus
1137 2744 1214 2784 est,
1253 2750 1290 2786 q.
1319 2747 1387 2782 ag.
1425 2733 1549 2772 chlz.
1581 2731 1664 2770 vid.

941 2795 1058 2831 etiam
1089 2794 1134 2832 V.
1162 2793 1201 2830 L.
1234 2791 1285 2829 ad
1313 2804 1372 2829 VS.
1400 2789 1496 2831 285.
1552 2789 1667 2827 Adde

942 2852 991 2899 Q.
1016 2853 1062 2891 V.
1095 2850 1248 2897 XXXI,
1287 2852 1351 2890 11.
1394 2847 1554 2885 Iahnius
1578 2846 1669 2885 vult

942 2908 1020 2946 hoe
1041 2910 1172 2960 Alque
1200 2906 1250 2944 ad
1282 2919 1358 2943 vss.
1394 2908 1487 2946 181.
1516 2919 1572 2955 sq.
1603 2917 1668 2942 re-
