1827 3436
488 247 1215 298 ADLIBRUMI
1506 256 1604 301 229

92 386 207 437 genti
227 395 370 420 nomen
398 379 509 416 dedit
525 407 536 427 ‚
584 390 779 430 armaque
795 375 901 425 fixit
939 374 1087 422 Tro'ia;
1129 388 1235 411 nnnc
1263 375 1434 424 placida
1459 389 1606 427 conpo-

95 451 176 481 stus
191 453 298 492 paee
318 438 499 490 quiescit.

210 496 304 535 Fuit
324 494 507 533 Antenor
527 493 634 531 inter
655 504 722 530 eos
736 521 747 541 ,
778 491 819 528 in
841 503 1014 542 quorum
1044 488 1165 527 rebus
1188 487 1379 527 ornandis
1398 487 1423 526 ii
1441 489 1609 527 maxime

95 557 309 608 scriptores
338 553 597 600 laborarunt,
641 550 709 601 qui
739 548 992 587 narrationes
1022 546 1255 585 Homericas
1273 546 1389 585 novis
1409 560 1610 584 commen-

96 615 146 652 tis
176 613 225 651 de
246 626 319 650 suo
346 616 592 658 onerarunt,
623 622 704 647 non
735 607 851 645 aliter
880 620 925 644 ac
956 606 988 644 si
1014 605 1227 643 delectatio
1254 618 1276 641 a
1299 617 1405 642 mere
1425 604 1611 642 fabulosis

95 678 135 710 et
155 678 304 710 temere
328 669 460 707 effusis
488 667 687 720 figmentis
715 665 1050 718 proficisceretur.
1110 663 1266 701 Scilicet
1293 675 1377 700 non
1408 662 1610 711 tenebant,

95 729 349 768 narrationes
374 726 461 765 illas
478 725 715 764 Homerieas
735 723 815 761 fide
834 722 1056 770 maiorum,
1088 721 1193 759 fama
1216 720 1402 771 antiqua,
1433 725 1612 771 acceptas

94 801 146 826 ex
165 786 323 837 antiqui
351 785 512 836 quidem
535 781 729 822 sermonis
751 780 888 819 indole
908 786 948 818 et
970 779 1173 829 formulis,
1204 777 1456 830 opinionibus
1480 776 1614 815 homi-

95 859 216 894 num,
262 849 477 894 motaeque
502 841 648 880 mentis
675 840 851 891 impetu,
901 837 1139 891 poeticoque
1175 842 1346 885 ornatu,
1396 835 1613 873 adscititios

94 904 247 942 colores
291 901 484 950 traxisse,
523 913 620 938 mox
657 897 796 936 multis
833 897 964 935 modis
998 902 1039 934 et
1078 895 1217 933 multis
1256 894 1306 932 de
1341 893 1511 942 caussis,
1570 892 1611 930 in

93 962 136 1000 in
158 959 403 1000 carminibus
424 958 690 1012 cyclicorum,
721 955 946 1008 lyricorum
972 960 1013 992 et
1038 953 1283 1005 tragicorum
1313 964 1394 990 esse
1426 951 1609 991 variatas.

94 1020 149 1058 At
170 1019 228 1058 illi
251 1017 434 1057 homines
455 1016 617 1055 laudem
644 1013 892 1066 quaerebant
918 1025 969 1050 ex
990 1025 1056 1061 eo,
1088 1010 1197 1062 quod
1222 1023 1307 1060 reS,
1338 1023 1435 1061 quas
1462 1009 1612 1046 Home-

93 1091 165 1117 rus
185 1090 257 1115 seu
272 1075 505 1115 summatim
526 1078 769 1126 exposuerat
783 1101 793 1121 ,
824 1085 894 1109 seu
923 1070 1093 1108 strictim
1114 1074 1391 1121 percurrerat,
1420 1067 1462 1104 in
1484 1066 1612 1104 histo-

94 1136 194 1186 rias,
226 1135 384 1188 copiose
407 1139 447 1172 et
464 1132 606 1171 ordine
636 1130 841 1179 omnibus,
874 1141 975 1180 quae
1002 1127 1242 1175 inciderant,
1273 1124 1480 1173 enarratis,
1514 1137 1613 1161 con—

94 1193 311 1233 vertebant
334 1197 405 1230 aut
428 1191 632 1230 clarorum
651 1188 825 1227 heroum
844 1186 1073 1226 nominibus
1099 1186 1205 1223 sacta
1236 1190 1277 1222 et
1305 1184 1386 1221 sata
1408 1194 1613 1220 commen-

95 1252 186 1290 titia
220 1250 492 1303 assignabant:
532 1261 706 1300 quorum
738 1243 863 1294 nihil,
892 1243 1099 1283 interdum
1126 1255 1177 1281 ne
1204 1241 1417 1293 vestigium
1439 1239 1612 1291 quidem,

94 1310 137 1348 in
157 1308 453 1360 antiquioribus
476 1311 655 1356 extaret,
690 1304 766 1342 alia
785 1316 836 1341 ex
855 1302 1013 1356 Cypriis
1039 1299 1281 1340 carminibus
1301 1305 1373 1337 aut
1400 1311 1421 1336 e
1441 1296 1613 1335 Lescheo

96 1367 264 1418 aliisque
300 1365 431 1420 poetis
466 1364 624 1417 cyclicis
658 1362 888 1414 arripuere,
940 1360 1081 1398 saltem
1107 1371 1158 1396 ex
1189 1357 1332 1396 rivulis
1360 1356 1456 1394 inde
1483 1354 1614 1393 ductis

95 1424 279 1464 hausere.
340 1424 396 1462 De
416 1424 615 1461 Antenore
638 1433 841 1473 perpauca
866 1418 915 1456 ab
931 1417 1109 1456 Homero
1127 1421 1348 1454 memorata
1368 1419 1473 1453 sunt.
1521 1413 1613 1450 Cla-

94 1484 180 1523 rior
201 1489 261 1522 est
290 1482 374 1521 eius
401 1494 529 1530 uxor,
568 1479 758 1526 Theano,
802 1476 993 1515 Hecubae
1025 1488 1045 1513 e
1068 1474 1199 1513 Cisseo
1235 1486 1372 1522 soror,
1409 1471 1614 1510 Minervae

96 1540 282 1580 sacerdos
307 1538 363 1593 (v.
396 1538 508 1578 Iliad.
539 1539 568 1586 ζ,
600 1539 684 1578 297
714 1533 831 1589 sqq.),
861 1547 935 1572 nec
963 1547 1046 1571 non
1071 1531 1160 1582 filii,
1201 1530 1349 1583 passim
1368 1530 1411 1567 in
1440 1541 1614 1581 pugnam

94 1599 368 1652 prodeuntes,
397 1597 479 1649 ipse
503 1596 609 1633 inter
629 1594 816 1642 seniores,
848 1592 917 1643 qui
943 1589 1158 1644 prudentia
1187 1589 1283 1627 alios
1304 1586 1614 1626 antecellebant:

94 1657 207 1696 Iliad.
231 1673 265 1711 γ,
301 1656 396 1696 148.
417 1654 526 1692 idem
555 1652 721 1701 suadet,
759 1656 805 1688 ut
837 1650 989 1688 Helena
1018 1647 1235 1695 reddatur,
1279 1662 1330 1698 η,
1361 1645 1444 1686 347
1467 1657 1551 1694 sqq.
1576 1649 1615 1681 et

95 1716 278 1767 Ulyssem
299 1727 389 1751 cum
410 1711 613 1760 Menelao,
646 1715 861 1760 antequam
894 1721 1002 1745 arma
1022 1711 1153 1744 sumta
1173 1710 1307 1753 erant,
1340 1703 1391 1741 ad
1417 1715 1478 1740 res
1496 1714 1614 1753 repe—

96 1772 240 1812 tendas
266 1771 428 1810 Troiam
450 1770 615 1808 missum
634 1767 810 1820 hospitio
830 1770 1062 1817 exceperat:
1093 1762 1204 1801 Iliad.
1226 1779 1262 1816 y,
1294 1760 1376 1803 205
1398 1774 1481 1811 sqq.
1531 1760 1615 1796 Ita-

97 1844 175 1883 que
209 1829 337 1868 Troia·
362 1835 479 1881 capta
510 1842 532 1865 a
564 1826 744 1865 Menelao
779 1830 966 1863 servatur
997 1836 1087 1860 cum
1130 1820 1276 1859 sobole.
1317 1819 1366 1857 cf.
1395 1816 1614 1869 Tryphiod.

97 1890 181 1932 653
211 1902 268 1940 sq.
338 1887 427 1925 Hoc
456 1892 664 1936 tamquam
695 1883 822 1922 fundo
861 1886 1167 1934 superstruxere
1203 1876 1445 1916 fabulatores
1477 1874 1556 1923 illi,
1595 1887 1615 1911 e

97 1947 243 1998 quibus
273 1944 563 1996 Pseudodictys
589 1949 628 1981 et
653 1940 928 1980 Pseudodares
963 1937 1097 1976 adhuc
1118 1935 1350 1988 superstites
1385 1939 1497 1981 sunt,
1528 1931 1615 1980 alia,

97 2019 136 2044 v.
159 2019 191 2043 c.
213 2004 262 2043 de
292 2002 495 2042 Antenore
515 2017 536 2039 a
570 2000 840 2039 Laomedonte
862 1996 1036 2049 Delphos
1067 1995 1186 2034 misso
1215 1991 1344 2047 (Serv.
1378 1991 1429 2030 ad
1450 1990 1545 2028 Aen.
1568 1989 1615 2038 II,

97 2061 215 2116 318),
257 2062 307 2100 de
334 2061 531 2112 legatione
563 2059 616 2097 ad
647 2057 823 2096 Achivos
861 2056 935 2094 sub
967 2060 1148 2093 extrema
1190 2051 1300 2090 urbis
1339 2051 1419 2088 sata
1459 2047 1614 2102 (Tzetz.

96 2119 302 2159 Posthom.
333 2122 416 2162 607
438 2118 527 2172 sq.),
558 2116 740 2170 inprimis
772 2129 869 2154 vero
897 2113 1072 2167 plurima
1094 2111 1142 2149 de
1173 2109 1402 2162 proditione
1427 2106 1537 2145 urbis
1566 2104 1614 2141 ab

98 2191 144 2216 eo
169 2185 209 2216 et
243 2192 264 2215 a
287 2177 376 2215 filiis
412 2178 530 2215 facta.
561 2177 611 2214 cf.
639 2177 750 2212 Serv.
793 2173 844 2210 ad
873 2187 912 2212 v.
942 2171 1038 2213 242.
1106 2168 1365 2206 Praeiverant
1392 2173 1522 2203 tamen
1552 2162 1614 2199 alii

99 2236 368 2288 antiquioreS,
406 2241 455 2273 ut
484 2232 683 2286 Lycophr.
725 2230 807 2273 340
844 2243 940 2281 sqq,
972 2241 1046 2266 nec
1075 2226 1219 2265 dubito
1249 2225 1289 2262 in
1319 2224 1382 2261 his
1412 2235 1538 2260 unum
1565 2233 1615 2256 ex

100 2294 257 2346 cyclicis
278 2293 407 2345 poetis
435 2293 566 2331 fuisse.
626 2289 870 2328 Proditionis
893 2288 941 2325 ab
963 2286 1168 2324 Antenore
1188 2284 1310 2320 sactae
1335 2279 1613 2318 auctoritatem

98 2353 178 2390 iam
202 2352 296 2391 olim
329 2351 572 2402 Polygnotus
605 2353 823 2400 agnoverat
849 2347 890 2384 in
923 2344 1059 2383 tabula
1089 2356 1159 2380 sua
1189 2355 1248 2393 ap.
1273 2340 1437 2378 Pausan.
1464 2338 1515 2385 X,
1547 2338 1613 2376 27.

99 2424 185 2462 pag.
216 2410 312 2452 865.
344 2408 553 2460 Sophoclis
587 2408 699 2444 fuere
726 2403 1018 2454 Ἀυτηνορίδαι.
1071 2400 1216 2438 Strabo
1246 2397 1351 2446 XIII,
1384 2411 1421 2448 p.
1454 2394 1534 2436 905
1571 2393 1613 2430 B.

100 2474 297 2506 memorat
319 2466 539 2519 pantherae
560 2466 701 2518 pellem
720 2462 935 2501 Antemnis
946 2460 1098 2499 foribus
1118 2458 1317 2503 iniectam,
1338 2461 1383 2492 ut
1404 2459 1493 2491 tuta
1516 2457 1616 2488 esset

101 2526 243 2564 domus
276 2526 325 2563 ab
345 2524 595 2563 Achivorum
626 2521 801 2569 iniuriis3
842 2519 883 2558 id
906 2518 1015 2570 quod
1033 2518 1182 2555 sactum
1210 2517 1250 2553 in
1269 2514 1431 2565 gratiam
1456 2508 1613 2560 hospitii

100 2584 258 2636 pristini
285 2598 345 2635 ap.
372 2583 572 2631 Quintum
607 2581 713 2629 XIII,
745 2582 827 2620 293
860 2590 944 2627 sqq.
1004 2574 1198 2613 Putabam
1227 2572 1463 2610 Strabonem
1498 2567 1538 2605 id
1566 2579 1613 2603 ex

101 2655 145 2679 ea
166 2641 300 2680 fabula
318 2642 490 2693 petiisse.
552 2640 685 2678 Verba
707 2643 824 2686 sunt,
856 2636 1078 2685 Σοφοκλῆς
1101 2633 1201 2685 γοῦν
1231 2630 1274 2670 ἕν
1299 2632 1349 2685 τῇ
1367 2623 1513 2668 ἁλώσει
1544 2626 1613 2663 τοῦ

100 2695 217 2740 Ἰλίου
240 2698 472 2753 παρδαλέαν
501 2697 603 2750 φησὶ
634 2693 712 2749 πρὸ
734 2697 807 2747 τῆς
833 2689 970 2747 θύρας
999 2693 1075 2731 τοῦ
1095 2684 1338 2741 Ἀντήνορος
1365 2685 1613 2736 προτεθῆναι

102 2752 312 2810 σύμβολον
331 2760 405 2797 τοῦ
431 2752 676 2808 ἀπόρθητον
701 2753 881 2803 ἔαθῆναι
908 2749 983 2799 τήν
1004 2749 1151 2789 οἰκίαν.
1213 2745 1425 2783 Enimvero
1455 2753 1613 2779 versum

102 2827 151 2852 ex
169 2816 299 2853 Aiace
326 2816 520 2852 Locrensi·
540 2814 686 2851 recitat
716 2809 848 2849 Schol.
877 2806 1082 2858 Aristoph.
1113 2805 1163 2842 ad
1196 2805 1299 2842 Aves
1329 2800 1613 2842 934-κατα-

102 2873 261 2913 στίκτου
284 2870 411 2919 κυνός
429 2869 583 2920 ‹moi-029
601 2871 805 2922 Λίβυσσα,
836 2859 1155 2919 παρδαληφὸρον
1174 2861 1303 2914 δέρας.
1337 2857 1491 2896 Alludit
1511 2854 1612 2891 ellim

102 2929 153 2966 ad
175 2943 220 2967 ea
244 2931 368 2969 verba
396 2930 593 2968 Comicus.
655 2928 825 2967 Versum
856 2936 1016 2976 quoque
1037 2925 1231 2959 memorat
1252 2917 1396 2955 Suidas
1419 2928 1464 2951 ex
1488 2911 1613 2947 Scho-

100 2986 174 3038 lio,
205 2993 246 3025 et
281 2987 425 3027 Pollux
460 2988 541 3038 VH,
574 2990 643 3030 70.
703 2985 854 3024 Iterum
886 2982 934 3021 de
963 2994 1009 3020 eo
1029 2980 1251 3030 fragmento
1283 2974 1427 3014 mentio
1458 2972 1521 3008 [iet
1546 2968 1611 3005 ins.
