1811 3388
371 207 778 257 AENmDos
816 208 956 255 LIB.
994 210 1054 268 v,
1089 210 1370 258 753—766

1534 221 1625 264 821

141 337 279 381 Tum
300 332 465 380 vicina
483 331 627 378 astris
648 330 871 393 Erycino
903 331 954 378 in
982 331 1175 379 vertice
1202 332 1352 380 sedes

136 400 406 450 Fundatur
428 400 622 448 Veneri
644 398 860 458 Idaliae,
882 399 1197 464 tumuloque
1217 402 1460 449 sacerdos

1531 411 1630 456 760

136 473 208 518 Ac
227 469 371 516 lucus
390 468 488 515 late
511 484 656 516 sacer
677 467 889 516 additur
914 467 1190 518 Anchiseo,

133 540 352 603 Iamque
377 537 488 585 dies
515 536 719 602 epulata
739 553 932 584 novem
955 552 1084 600 gens
1109 537 1307 597 omnis,
1351 547 1400 586 et
1423 540 1519 586 aris

133 609 316 654 Factus
339 605 536 655 honos:
573 605 764 670 placidi
786 615 1081 654 straverunt
1100 622 1328 671 aequora
1351 608 1509 669 venti,

135 675 340 724 Creber
363 684 413 723 ct
439 674 705 739 adspirans
723 691 901 723 rursus
919 683 1071 723 vocat
1090 677 1280 723 Auster
1299 675 1351 722 in
1373 675 1546 726 altum.

131 744 376 794 Exoritur
397 760 652 808 procurva
682 745 865 807 ingens
885 760 982 809 per
1002 743 1152 792 litora
1170 743 1349 802 fletus3

1529 751 1628 797 765

134 812 392 878 Conplexi
416 813 554 860 inter
576 829 630 860 se
652 822 977 879 noctemque
1002 814 1254 878 diemque
1271 822 1558 864 morantur.

225 929 293 962 759
324 930 413 960 Tum
437 927 625 960 vindicavit
648 928 738 962 Pier.
776 928 854 972 (pro
888 930 1005 969 Tunc3
1030 940 1174 973 nempe,
1197 930 1290 973 quod
1324 941 1364 962 ex
1395 929 1562 963 Waliiani
1593 938 1628 963 et

131 974 327 1017 Menagiani
352 974 482 1007 codicis
507 974 660 1007 lectione
691 974 861 1015 coniicio,

131 1023 291 1064 Erycina
316 1022 427 1053 astris
451 1021 570 1054 vicino
594 1022 632 1054 in
658 1033 691 1053 υ.
716 1033 744 1054 S.
773 1022 871 1064 lVr.)

130 1078 183 1110 pr.
231 1068 267 1098 in
295 1066 402 1099 litore
427 1066 618 1100 comment.
643 1067 768 1112 Cruqu.
802 1067 846 1100 ad
880 1068 1002 1101 Horat.
1037 1069 1049 1099 1
1081 1067 1145 1100 od.
1180 1070 1214 1103 2.

761 1114 825 1148 761
863 1117 916 1146 Ac
951 1114 993 1146 ab
1028 1114 1171 1146 Heinsio
1216 1122 1411 1148 revocatum
1450 1127 1468 1147 e
1513 1115 1626 1157 codd.,

129 1112 275 1145 Dorvill.
325 1113 468 1145 Iliadae
501 1113 660 1146 Parrhas.

893 975 1031 1007 videtur
1066 975 1170 1007 etiam
1204 976 1330 1008 lectum
1363 976 1487 1009 fuisse:
1528 979 1628 1009 Tunc

920 1022 1038 1054 vicino
1068 1023 1104 1054 in
1141 1022 1249 1055 Wall.
1297 1025 1456 1065 Erycina
1488 1023 1626 1067 Menag.

1308 1070 1378 1103 760
1408 1069 1628 1102 Fundantur

130 1158 189 1191 alii
214 1161 281 1198 Et,
307 1165 378 1191 tres
404 1164 465 1192 At.
503 1160 586 1202 (vid.
613 1161 654 1200 Q.
679 1161 722 1192 V.
747 1160 905 1201 XXXV,
940 1159 995 1194 14.
1036 1160 1128 1202 Wr.)
1166 1161 1324 1194 Parrhas.
1356 1161 1430 1194 late
1461 1162 1565 1194 lucas
1598 1174 1626 1194 s.

130 1205 210 1237 Curn
238 1205 406 1237 Brunckio
432 1206 591 1238 revocavi
615 1206 814 1238 Anchiseo:
849 1212 902 1238 est
933 1201 1133 1249 Ἀγχίσειον.
1184 1207 1275 1240 Male
1307 1208 1340 1240 in
1375 1207 1626 1240 recentioribus

133 1251 365 1292 editionibus,
395 1252 496 1283 etiam
522 1251 653 1292 Heius„
687 1252 892 1286 Anchi-caeo
916 1252 1092 1296 scriptum.
1129 1252 1190 1295 (ita
1214 1260 1328 1287 tamen
1355 1260 1466 1286 exstat
1489 1254 1522 1286 in
1549 1255 1624 1286 Me-

129 1297 196 1330 dic.
222 1298 312 1341 apud
338 1298 464 1341 Fogg.;

129 1343 263 1375 Heinsii
301 1343 465 1377 editione.
517 1345 608 1389 Wr.)

129 1403 197 1435 que
230 1391 350 1423 Franc.

129 1478 274 1509 vocato
296 1485 401 1510 novo
431 1479 591 1522 senatu3
618 1473 686 1510 sed
701 1473 846 1523 sorum

129 1542 219 1566 cum
243 1535 378 1566 senatu
398 1529 580 1568 iunctum
597 1529 707 1568 haud
729 1530 847 1568 dubie

128 1585 180 1622 ad
210 1585 353 1623 iudicia
385 1593 548 1638 spectat.
607 1588 758 1625 Aeneas
782 1588 843 1625 iu-

128 1642 229 1680 dicia
250 1643 474 1692 constituit,
496 1658 579 1682 rein
602 1644 848 1682 iudiciariam

128 1699 336 1748 describit3
366 1707 451 1738 turn
468 1702 651 1750 patribus·
677 1704 843 1749 voeatis,

127 1763 266 1794 senatu
307 1757 409 1794 lecto
450 1764 568 1808 atque
614 1765 846 1803 convocato,

126 1814 198 1850 dat
229 1816 343 1862 iura,
380 1814 432 1852 ad
461 1817 653 1853 Senatum
690 1817 766 1853 sert
798 1816 847 1852 de

126 1870 240 1908 novis
266 1871 414 1921 legibus
443 1872 674 1910 scribendis.
701 1887 788 1924 sup.
818 1873 847 1921 l,

126 1927 209 1968 426
249 1928 347 1965 lura
388 1931 748 1980 magistratumque
787 1930 844 1965 le-

124 1991 227 2033 gunt
251 1993 507 2036 sanctumque
537 1995 717 2022 senatum
730 2001 748 2032 ;
779 1986 846 2035 qui

127 2052 264 2078 versus
286 2042 387 2078 sorte
410 2054 458 2078 ex
479 2041 556 2078 hoc
585 2049 722 2079 nostro
752 2055 846 2078 coa-

127 2096 212 2134 luit.
243 2097 373 2135 Minus
385 2097 481 2134 bene
493 2099 664 2138 Servius.
694 2097 847 2149 (Quum

127 2153 246 2190 modo
272 2154 495 2192 condiderit
514 2155 670 2192 Acestes
697 2168 846 2192 novum

127 2217 321 2257 senatum,
354 2210 448 2247 mihi
472 2211 567 2248 haec
586 2212 747 2249 videtur
766 2224 846 2248 esse

126 2265 271 2304 horum
293 2268 507 2305 vei-borum
529 2269 741 2305 sententia:
774 2268 847 2304 de·-

125 2324 262 2362 scribit
293 2325 465 2362 muneris
504 2326 701 2375 officiique
731 2338 847 2362 sena-

126 2381 216 2418 torii
239 2381 446 2418 rationem.
482 2381 598 2433 llsr.)

182 2438 329 2479 759-
346 2441 440 2479 761.
472 2439 633 2476 Veneris
661 2439 700 2476 in
721 2439 846 2490 Eryce

125 2500 258 2532 monte
279 2509 398 2547 supra
414 2496 636 2547 Drepanum
656 2497 842 2546 templum

125 2551 410 2590 nobilissimum
431 2553 683 2590 adTroianos
703 2554 844 2590 condi—

127 2614 230 2645 tores
256 2610 437 2647 resertur.
480 2611 580 2647 cons.
616 2611 778 2648 Excurs.
809 2610 841 2647 11

127 2665 177 2701 ad
204 2664 241 2702 h.
265 2666 287 2703 Ι.
319 2666 511 2703 Anchisae
542 2673 698 2715 autem,
738 2674 841 2704 tam-

127 2734 241 2770 quam
267 2721 402 2770 heroi,
436 2724 593 2761 Flamen
624 2737 712 2762 cuin
750 2725 840 2761 luco

126 2791 236 2814 sacro
260 2780 526 2817 constituitur.
581 2782 729 2817 Ιιιηιιιίο
751 2784 841 2817 Λιι-

124 2834 253 2870 chiseo
269 2851 278 2870 .·
301 2838 367 2883 qui
391 2842 638 2874 consecratus
660 2851 731 2888 pro
750 2839 840 2874 sano

124 2896 193 2926 est.
234 2887 277 2929 τό
306 2887 527 2943 Ἀγχίσειον.
573 2894 684 2930 lucus
712 2899 769 2930 est
801 2891 842 2932 τὸ

499 1299 698 1340 Anchiseo,
734 1298 826 1342 quod
850 1305 965 1330 tuetur
989 1299 1055 1331 iam
1087 1299 1284 1343 Fabricius,
1313 1299 1439 1343 legitur
1470 1300 1503 1332 in
1539 1301 1624 1333 Dan.

720 1344 788 1380 763
830 1352 1028 1378 tenuerunt
1061 1345 1205 1380 Vratisl.

1319 1348 1387 1382 766
1428 1347 1624 1392 Complexi-

902 1472 1076 1523 τέμενος.
1136 1476 1191 1513 De
1224 1476 1362 1513 Idalia
1399 1476 1547 1513 Venere
1585 1490 1624 1515 v.

905 1531 956 1569 ad
979 1532 1007 1579 Ι,
1033 1534 1118 1573 680
1135 1546 1191 1583 sq.

961 1591 1213 1631 762-764.
1251 1588 1445 1639 Intellige‚
1484 1602 1623 1626 conse-

905 1645 1055 1683 crando
1077 1646 1270 1684 Anchisae
1292 1646 1432 1683 sacello
1454 1658 1524 1696 per
1548 1659 1623 1683 no-

905 1715 994 1740 vem
1016 1703 1098 1740 dies
1120 1703 1237 1740 fuisse
1257 1716 1368 1740 sacra
1392 1703 1512 1740 sacta:
1542 1705 1623 1740 ανιᾷς

891 1760 1037 1810 sactus
1055 1760 1192 1797 honos.
1228 1762 1320 1810 Sup.
1347 1773 1384 1797 v.
1406 1759 1459 1800 64
1480 1765 1517 1796 et
1543 1760 1622 1800 104

905 1817 1016 1854 luctu
1042 1830 1113 1867 per
1141 1830 1283 1855 novem
1309 1816 1389 1853 dies
1411 1816 1623 1854 contiuua-

903 1880 970 1921 to,
1010 1887 1116 1911 nono
1154 1874 1216 1911 die
1254 1873 1402 1910 fiebant
1440 1887 1550 1910 sacra
1582 1879 1622 1910 et

903 1930 1001 1967 ludi.
1060 1931 1119 1967 Ita
1152 1937 1189 1967 et
1226 1944 1286 1980 ap.
1324 1931 1520 1967 Romanos
1547 1944 1622 1966 no-

904 1987 1099 2023 vemaeliale
1126 2000 1283 2023 sacrum
1321 1986 1468 2036 duplici
1502 1986 1620 2023 modo

905 2042 1054 2079 dictum
1095 2056 1174 2080 esse
1211 2043 1393 2090 videtur,
1435 2042 1550 2079 aliter
1578 2043 1620 2079 in

903 2098 1092 2150 prodigiis
1119 2099 1399 2150 procurandis,
1431 2098 1539 2148 quod
1558 2099 1619 2135 fa-

905 2162 1012 2192 ctum
1039 2169 1109 2206 per
1130 2169 1272 2193 novem
1305 2156 1407 2203 dies,
1439 2156 1551 2192 aliter
1578 2155 1618 2192 in

903 2214 1039 2249 sunere
1066 2226 1171 2250 nono
1202 2213 1275 2249 die.
1335 2213 1516 2249 Ceterum
1555 2212 1616 2248 in-

904 2269 1091 2306 seriarum
1123 2270 1246 2306 ritum
1281 2269 1328 2305 ab
1360 2269 1510 2306 Aeneae
1545 2282 1618 2319 pa-

904 2325 1046 2363 rentali
1078 2340 1190 2364 sacro
1226 2326 1470 2376 repetierunt
1499 2325 1617 2375 vulgo

904 2383 1089 2430 Romani,
1122 2389 1168 2420 ut
1202 2383 1393 2433 intelligas
1425 2396 1472 2419 ex
1500 2382 1616 2419 Ovid.

905 2440 1009 2477 Fast.
1039 2440 1082 2488 ll,
1120 2439 1199 2481 543
1239 2452 1316 2490 seq.
1347 2462 1403 2468 —-
1440 2438 1618 2490 (placidi

901 2505 1120 2533 ,wrm-erunt
1156 2510 1330 2547 aequom
1367 2498 1493 2543 venti,
1537 2495 1614 2532 Ecl.

902 2553 947 2600 H,
971 2556 1056 2593 26.:
1088 2553 1249 2601 „Quum
1271 2553 1469 2604 placidum
1489 2552 1616 2590 ventis

901 2616 1022 2647 staret
1065 2613 1226 2658 inare;“
1275 2610 1342 2647 ubi
1386 2610 1466 2648 vid.
1506 2610 1614 2655 Not.;

901 2666 1001 2704 adde
1024 2666 1111 2707 Not.
1145 2666 1195 2703 ad
1219 2668 1297 2704 Ecl.
1320 2667 1386 2714 lx,
1411 2669 1475 2708 57.
1497 2664 1611 2715 lVr.)

899 2724 1025 2760 creber
1041 2726 1226 2773 aspirans·
1245 2733 1387 2762 aas-ter.
1448 2721 1526 2773 (Sic
1547 2736 1610 2757 sa-

900 2793 947 2818 ne
975 2780 1196 2818 ordinanda
1224 2786 1316 2818 sunt
1348 2780 1441 2816 haec
1470 2778 1611 2823 verba3

899 2837 978 2874 vid.
1014 2837 1058 2874 V.
1092 2838 1132 2874 L.
1164 2837 1213 2874 ad
1246 2836 1345 2883 vlu,
1372 2838 1465 2877 559.
1500 2832 1609 2883 ll‘r.)

900 2894 1051 2930 Scilicet
1082 2893 1209 2930 creber
1233 2892 1430 2944 primitiva
1456 2892 1512 2937 vi,
1544 2890 1608 2926 in—
