1811 3388
365 215 775 267 AENEIDOS
812 217 952 266 LIB.
990 217 1076 275 IV,
1114 220 1409 270 522-528
1528 229 1627 275 683

131 345 271 393 Rura
295 350 501 403 tenent,
540 356 732 389 somno
758 340 961 406 positae
984 341 1080 390 sub
1107 352 1264 392 nocte
1286 343 1479 395 silenti:

199 438 312 486 527.
351 448 564 483 leENTJ.

200 506 314 555 528.
337 504 640 551 *LENIBANT
653 515 832 566 CURAS,
848 518 912 550 ET
934 517 1109 551 connA
1124 519 1314 553 ossrrrA
1333 512 1629 557 Limonum*

224 629 291 664 527
324 632 432 662 Rura
465 637 588 663 tacent
622 633 737 674 Sprot.
831 631 899 666 528
934 631 1060 664 Deficit
1092 643 1210 665 versus
1251 631 1288 665 in
1319 633 1448 668 Medic.
1483 633 1629 679 aliisque

131 676 439 720 praestantioribus
468 676 738 721 exemplaribus;
765 683 803 709 ut
828 678 986 721 vulgares
1011 685 1154 711 taceam.
1203 679 1316 712 Etiam
1351 681 1441 720 Ers.;
1476 688 1512 713 et
1548 692 1630 713 sane

132 722 252 754 melius
282 733 324 754 eo
350 730 444 755 caret
468 723 651 755 sententia.
699 724 857 756 Pendent
883 724 972 756 enim
997 724 1178 768 superiora
1208 738 1227 758 a
1253 726 1369 759 verbis
1394 731 1510 769 Quum
1535 735 1631 760 tacet

132 781 239 814 ager,
271 775 306 800 et
331 781 440 813 quum
465 777 586 801 tacent
615 772 777 816 pecudes
807 771 1043 815 volucresque
1065 791 1102 794 —
1125 774 1274 817 sopitae.
1323 774 1446 806 Mirum
1483 785 1631 819 quoque,

132 815 303 859 pecudes,
327 815 506 856 volucres,
530 816 642 860 pisces
668 824 773 849 noctu
799 829 822 849 α
846 819 944 849 curis
967 817 1127 850 liberari:
1155 819 1248 862 quod
1274 826 1406 852 tantum
1439 820 1474 852 in
1513 820 1630 853 homi-

131 872 192 894 nes
217 861 318 894 cadit.
367 862 539 894 Conssatus
568 862 676 894 videri
702 870 818 906 potest
844 875 959 895 versus
987 875 1026 896 ex
1052 864 1111 897 lib.
1139 866 1201 906 lX,
1233 867 1312 900 2¹24.
1345 868 1423 901 225.
1472 867 1631 899 Adnota-

130 907 177 940 vit
200 920 338 952 quoque
362 909 529 952 Pompon.
554 909 653 950 sab„
681 909 770 943 huuc
795 922 928 942 versum
955 922 1023 942 uon
1049 911 1118 954 logi
1143 912 1185 944 ab
1211 912 1434 955 Aproniano;
1473 920 1526 945 est
1561 925 1631 945 au-

131 960 201 986 tem
238 966 279 987 ex
322 954 394 987 eius
428 955 632 987 recensione
672 956 778 989 lectio
812 957 948 989 Codicis
983 957 1144 990 Medicei.
1203 960 1313 998 Quam
1347 959 1492 992 diversis
1526 960 1630 993 simus

133 1012 250 1033 omnes
275 1001 432 1033 sensibus
455 1014 495 1034 ac
520 1002 677 1043 iudiciis,
703 1010 737 1035 et
761 1015 860 1047 quam
886 1003 1033 1036 alienum
1058 1005 1101 1036 ab
1128 1004 1181 1036 his
1207 1005 1354 1047 studiis,
1391 1019 1478 1050 quae
1504 1013 1631 1050 quanta

132 1054 259 1091 quanta
283 1055 362 1080 suut
386 1047 418 1079 iu
443 1048 695 1091 probabilitate
719 1058 917 1090 versantur,
950 1050 1016 1090 sit,
1054 1062 1094 1082 ex
1129 1051 1246 1083 edicto
1274 1059 1308 1084 et
1333 1064 1407 1084 cum
1442 1053 1629 1096 supercilio

131 1093 261 1137 aliquid
286 1093 529 1137 pronuntiare,
554 1095 607 1127 vel
639 1095 694 1128 hic
717 1095 813 1128 locus
838 1097 965 1129 docere
989 1104 1124 1140 potest,
1149 1097 1183 1129 in
1215 1109 1282 1141 quo
1309 1099 1409 1131 nobis
1434 1099 1571 1142 quidem
1595 1099 1631 1131 in

134 1140 252 1172 ocutos
276 1139 451 1173 incurrere
476 1140 678 1181 videbatur,
712 1154 846 1174 versum
873 1143 962 1175 hunc
985 1143 1140 1186 iugulare
1165 1145 1390 1186 senteutiam,
1425 1152 1629 1178 structuram

133 1194 307 1227 evertere,
334 1195 367 1220 et
391 1199 516 1219 nervos
541 1188 707 1220 orationis
733 1189 947 1231 praecidere.
995 1194 1038 1222 At
1070 1190 1274 1230 Branchus,
1313 1192 1370 1235 qui
1393 1199 1457 1223 tam
1485 1191 1631 1236 proclivi

133 1233 248 1265 studio
284 1234 328 1265 ad
363 1233 611 1266 rescindendos
644 1247 761 1267 versus
794 1235 923 1277 fertur,
963 1236 1107 1268 miratur
1149 1236 1292 1270 Heinsio
1324 1238 1520 1270 addititium
1555 1250 1631 1270 eum

133 1278 247 1311 videri
270 1279 440 1323 potuisse:
470 1282 553 1320 „Est
580 1281 760 1325 profecto,
783 1282 918 1326 pergit,
941 1288 1011 1314 tam
1037 1294 1055 1314 a
1082 1283 1218 1326 Virgilii
1243 1295 1364 1324 manu,
1392 1297 1490 1328 quain
1521 1284 1631 1328 quivis

133 1324 219 1357 alius
245 1337 263 1357 e
289 1326 543 1359 laudatissimis.
598 1328 736 1371 Absque
770 1340 810 1360 eo
846 1341 964 1361 manca
1001 1336 1035 1361 et
1069 1330 1187 1362 mutila
1222 1330 1394 1362 videretur
1427 1331 1632 1375 pulcerrima

133 1370 220 1404 haec
245 1372 357 1405 noctis
382 1373 592 1416 descriptio,
626 1386 712 1417 quae
746 1374 795 1406 sic
831 1375 866 1407 in
900 1374 1117 1419 participium
1148 1377 1292 1421 positae
1327 1377 1525 1418 desineret,
1558 1377 1632 1410 sine

134 1418 242 1450 verbo
267 1418 388 1459 linito,
426 1425 461 1451 et
484 1432 651 1462 suspenso
676 1424 814 1454 sensu.“
863 1423 930 1454 Sed
957 1429 1030 1455 tota
1057 1429 1138 1455 nota
1173 1423 1276 1465 dignu
1310 1430 1364 1456 est
1397 1436 1483 1468 quae
1518 1423 1632 1468 inspi-

134 1464 255 1497 ciatur.
303 1466 472 1508 (Tuentur
503 1466 592 1498 hunc
626 1479 757 1499 versum
793 1467 894 1500 etiam
931 1469 1125 1501 VVeichert.
1148 1472 1202 1502 De
1231 1471 1353 1503 Verss.
1388 1471 1497 1503 iniur.
1534 1483 1631 1515 susp.

134 1523 168 1555 p.
194 1512 240 1545 90
265 1522 352 1555 sqq„
386 1512 523 1544 Iahnius
559 1512 699 1556 eiusque
734 1514 864 1546 Censor
897 1514 932 1546 in
964 1514 1091 1547 Dim-iis
1126 1515 1258 1549 literar.
1288 1517 1421 1550 lenens.
1456 1517 1498 1550 ai.
1532 1518 1632 1551 1827.

133 1557 369 1601 Supplement.
395 1569 450 1591 n0.
485 1559 541 1593 94.
576 1572 653 1603 pag.
686 1561 765 1595 356.
814 1561 922 1593 Abest
954 1561 1011 1594 hic
1042 1573 1159 1594 versus
1193 1559 1294 1594 etiam
1329 1575 1346 1595 a
1381 1563 1497 1595 multis
1531 1563 1632 1597 codd.

132 1604 263 1643 I‘aris.;
290 1616 368 1636 num
392 1605 563 1637 Potterius
589 1613 717 1638 tantum
742 1606 776 1638 in
802 1608 834 1641 3.
859 1608 891 1641 8.
920 1610 973 1642 ll.
1004 1614 1139 1640 exstare
1173 1609 1299 1646 refert3
1341 1609 1440 1641 abest
1478 1609 1582 1642 etium
1613 1621 1633 1642 a

132 1649 229 1694 Lips.
256 1650 348 1691 obt.;
373 1648 443 1683 'nec
467 1652 587 1684 Servio
613 1653 739 1685 lectum
776 1653 902 1693 fuisse,
936 1655 1064 1697 probat
1098 1655 1169 1686 eius
1203 1655 1379 1687 scholion:
1415 1657 1498 1695 „AT
1535 1656 1632 1689 NON

132 1697 338 1729 INFELIX:
365 1697 577 1738 Antithesis,
604 1705 640 1731 ut
666 1701 728 1732 Ge.
758 1701 814 1740 ΙΙΙ,
839 1701 943 1734 349st‘
990 1705 1102 1745 Atque
1128 1701 1156 1733 si
1180 1701 1235 1733 hic
1261 1714 1377 1734 versus
1404 1702 1439 1734 in
1473 1702 1632 1734 omnibus

133 1742 232 1775 libris
258 1743 452 1786 legeretur,
476 1745 604 1777 serrem
631 1757 706 1778 eum
731 1746 899 1788 sortasse,
924 1747 985 1779 sed
1010 1748 1078 1787 ita,
1106 1755 1140 1780 ut
1164 1748 1375 1791 imprudenti
1410 1756 1535 1792 poetae
1569 1761 1633 1781 ex-

135 1789 258 1822 cidisse
296 1790 457 1823 dicerem.
516 1793 618 1824 Nunc
660 1804 762 1833 vero,
807 1805 909 1837 quum
949 1800 1005 1826 tot
1043 1794 1199 1826 codicum
1234 1794 1405 1838 suffragiis
1441 1795 1634 1837 damnetur,

134 1847 235 1879 quum
261 1836 361 1869 facile
387 1836 617 1880 intelligatur,
652 1839 742 1871 unde
775 1840 939 1872 confictus
973 1846 1008 1872 et
1038 1852 1143 1884 quare
1178 1840 1244 1873 huc
1276 1841 1392 1873 illatus
1426 1842 1490 1883 sit,
1529 1853 1634 1886 quum

134 1882 305 1926 denique,
330 1883 423 1927 quod
450 1885 552 1916 etiam
578 1885 731 1929 Heynius
756 1886 884 1925 sensit,
917 1887 1100 1930 perturbet
1134 1892 1243 1919 totam
1277 1887 1446 1920 orationis
1479 1895 1634 1921 structu-

133 1941 226 1969 ram,
252 1940 319 1961 non
347 1930 444 1974 potui
480 1931 615 1971 facere,
648 1932 730 1975 quin
767 1932 949 1976 Virgilium
984 1945 1025 1965 eo
1065 1933 1259 1967 liberarem.
1328 1936 1375 1966 Ut
1406 1934 1534 1978 largiar
1567 1935 1634 1967 hoc

134 1975 364 2017 NVeicherto,
385 1988 518 2009 curas
542 1977 648 2010 licere
672 1979 821 2010 fortasse
846 1980 948 2011 etiam
974 1979 1093 2012 bestiis
1128 1980 1249 2019 tribui;
1287 1992 1487 2024 quamquam
1515 1993 1553 2014 ea
1578 1993 1633 2013 res

134 2020 270 2054 idoneis
296 2022 461 2066 exemplis
488 2032 560 2056 erat
585 2025 861 2069 comprobanda,
898 2026 1027 2058 Statius
1052 2032 1166 2058 autem
1201 2027 1315 2059 Theb.
1353 2028 1407 2067 ΙΙΙ,
1439 2029 1518 2063 415.
1553 2027 1634 2071 pul-

136 2066 219 2100 chre
244 2068 407 2101 discernit
432 2069 583 2101 homin
601 2082 663 2102 um
691 2083 823 2103 curas
851 2078 886 2103 et
910 2072 1112 2104 serarum
1137 2080 1303 2113 motus,
1337 2084 1458 2105 somno
1488 2085 1634 2117 compo-

136 2113 240 2153 sitos,
267 2120 302 2145 et
327 2114 393 2147 vid.
420 2115 468 2146 ihi
496 2116 632 2154 Barth.;
666 2116 751 2148 illud
777 2123 871 2149 certe
895 2118 978 2149 scrri
1013 2130 1082 2150 non
1118 2125 1257 2161 potest,
1293 2119 1385 2162 quod
1422 2119 1634 2163 praegressis

135 2160 379 2193 Praesentibus
404 2161 581 2193 subiicitur
606 2164 846 2206 Imperfectum
874 2163 1054 2202 lenibant3
1091 2164 1156 2196 nisi
1182 2165 1272 2197 forte
1295 2165 1499 2197 brunckium
1534 2177 1635 2198 secu-

138 2212 190 2237 tus
217 2213 297 2249 post
322 2219 411 2250 ager
434 2207 512 2239 colo
538 2208 748 2251 distinguas,
776 2216 811 2241 ut
836 2209 882 2242 ita
908 2211 1077 2252 procedat
1101 2210 1236 2243 oratio:
1261 2210 1633 2256 carpebant—quie-

137 2252 468 2293 rant—lenibant,
493 2253 552 2285 illa
578 2261 689 2287 autern
717 2259 830 2297 Quum
855 2257 1019 2289 mezlio—
1037 2269 1126 2300 ager
1150 2254 1366 2299 παρένθετα
1391 2258 1471 2290 sint.
1519 2262 1563 2291 At
1586 2258 1635 2291 sic

138 2298 250 2331 otiosa
276 2306 353 2330 sunt
378 2299 437 2331 illu
466 2303 578 2340 (lnam
605 2308 698 2332 tacet
725 2304 839 2334 omnis
863 2315 962 2347 ager.
1022 2303 1125 2342 Quod
1158 2303 1204 2343 si,
1241 2311 1278 2336 ut
1311 2303 1387 2336 lieri
1424 2304 1496 2336 vult
1529 2305 1634 2337 Wei-

138 2344 295 2386 chertus,
322 2356 451 2378 comma
476 2352 556 2390 post
581 2359 669 2392 ager
691 2355 857 2391 ponetur,
893 2349 1038 2392 primuni
1070 2349 1257 2393 requiritur
1291 2350 1416 2394 copula
1450 2357 1531 2383 aute
1564 2363 1633 2396 pe·—

137 2450 248 2490 videt
297 2451 403 2489 diras
454 2451 629 2490 alludere
676 2453 858 2504 protinus
917 2469 993 2493 sus,
1051 2455 1225 2493 mediam
1278 2471 1435 2494 cursum
1489 2465 1630 2505 tenent,

136 2510 317 2557 umbras,
349 2510 456 2557 Quas
478 2510 588 2547 dedit
614 2510 696 2560 ipse
726 2512 857 2548 neci.“

137 2566 395 2616 Plurimisque
412 2567 506 2604 locis
526 2568 746 2605 Perfectum
779 2568 857 2606 hu-

138 2623 198 2661 ius
210 2624 385 2661 verbiita
409 2624 626 2675 intelligere
647 2626 856 2676 praestite-

138 2680 202 2718 rit.
228 2680 344 2734 lVr.)
388 2681 499 2731 sessa
522 2697 700 2733 corpora,
726 2683 855 2732 docte,

139 2736 316 2775 homines
330 2767 340 2786 ,
371 2739 445 2775 nisi
466 2740 626 2777 omnino
645 2739 858 2778 animantia

139 2794 262 2832 malis.
321 2798 450 2832 medio
490 2798 702 2834 volt-untur
727 2798 858 2835 sidera

140 2852 256 2900 lapsu
273 2879 283 2898 ,
318 2865 437 2889 cursu
465 2866 535 2902 per
565 2853 733 2891 mediam
761 2855 858 2892 coeli

139 2915 313 2960 partein,
334 2908 385 2946 ad
403 2910 522 2948 rudes
541 2910 746 2949 hominum
767 2924 859 2949 sen-

915 2513 1014 2549 bene
1046 2514 1156 2550 Serv.
1189 2513 1269 2552 vid.
1307 2515 1472 2552 Excurs.
1505 2514 1555 2551 ad
1587 2514 1634 2563 ll,

916 2572 952 2610 9.
1015 2567 1198 2621 (—-526.
1246 2571 1508 2622 Designantur
1542 2585 1635 2609 aves

915 2627 1116 2677 aquaticae
1141 2634 1179 2665 et
1207 2628 1424 2676 silvestres,
1456 2643 1557 2677 non,
1589 2635 1634 2666 ut

913 2690 1031 2734 putat
1051 2684 1266 2725 weichert.
1280 2688 1345 2723 De
1366 2687 1497 2724 Vens-s.
1511 2689 1629 2723 intur.

915 2756 1028 2791 susp,
1051 2755 1088 2792 p.
1110 2744 1189 2790 91„
1221 2743 1345 2794 pisces
1363 2749 1402 2780 et
1421 2749 1632 2794 serpentes,

916 2798 978 2835 cui
1005 2799 1258 2850 explicationi
1293 2807 1331 2838 et
1363 2813 1426 2838 res
1456 2807 1496 2837 et
1525 2806 1633 2837 stru-

916 2861 1048 2903 ctura,
1087 2870 1187 2906 quae
1229 2860 1364 2906 posita
1400 2858 1632 2907 requireret,

915 2920 1121 2964 repugnat.
1146 2914 1262 2964 ll'r.)
1309 2917 1487 2964 positae,
1523 2926 1631 2950 coni-
