1811 3388
367 227 778 277 AENEIDOS
816 230 951 277 LlB.
990 230 1078 291 111,
1117 234 1407 283 702—706

1548 237 1647 285 553

144 353 354 401 Arduus
384 351 506 400 inde.
533 354 753 415 Acragas
776 361 1004 401 ostentat
1028 354 1248 402 maxima
1269 354 1426 420 longe

143 422 381 485 Moenia,
420 422 820 485 magnanimum
854 422 1128 488 quondam
1165 434 1450 487 generator
1483 443 1651 493 equo-

147 561 332 623 Teque
362 557 493 608 datis
511 559 695 625 linquo
720 561 913 617 ventis„
948 561 1185 626 palmosa
1210 561 1433 626 Selinus,

923 509 1058 542 rum.

1551 569 1652 616 705

143 629 209 676 Et
231 627 362 676 vada
387 628 516 678 dura
540 629 659 693 lego
680 630 808 678 saxis
833 631 1065 695 Lilybeia
1091 632 1268 680 caecis.

238 755 307 791 703
330 759 373 790 A.
399 765 509 802 atque
533 761 578 791 A.
612 758 734 801 Puget.
784 758 971 791 Fluctuant
1006 766 1039 792 et
1073 759 1130 792 hic
1173 759 1254 792 libri
1290 758 1381 791 inter
1411 762 1587 806 Agragas
1619 768 1654 794 et

146 805 324 848 Acragas.
353 803 435 846 (hoc
460 803 598 847 quidem
631 805 830 848 paucissimi
862 806 993 838 habere
1029 806 1211 848 videntur,
1248 805 1283 837 in
1319 806 1374 838 his
1405 808 1513 839 Rom.
1557 808 1652 851 Wr.)

148 851 307 882 ostendit
346 850 435 882 alter
459 851 598 894 Menag.
634 854 684 893 (et
716 851 793 884 Alb.
834 854 931 895 lVr.)

1027 855 1097 887 704
1132 854 1313 898 quondam
1347 860 1459 886 vatem
1496 854 1654 896 decebat,

146 907 214 928 non
241 902 401 939 poetam,
427 896 484 940 qni
510 901 660 929 Aeneam
687 906 884 931 narrantem
909 898 1051 931 inducit.
1100 902 1149 932 Io.
1179 899 1362 932 Schrader.
1391 912 1430 932 ca
1464 913 1501 932 re
1539 901 1654 933 offen—

147 954 202 975 sus
236 942 271 974 in
306 943 443 975 schedis
479 944 572 976 delet
607 956 762 985 versum,
805 953 840 977 et
876 946 1072 978 continuat:
1117 949 1287 991 Acragas
1320 955 1481 979 ostentat
1514 949 1654 981 moenia

147 989 275 1034 longe,
307 991 425 1034 Teque
450 990 484 1022 d.
533 992 583 1023 Ita
610 1002 691 1022 vero
718 992 816 1036 plura
841 991 875 1024 in
912 993 979 1024 hoc
1009 993 1088 1025 loco
1125 999 1225 1025 erunt
1257 992 1426 1034 delenda,
1462 993 1496 1025 in
1530 994 1653 1038 quibus

146 1042 342 1078 temporum
365 1036 454 1068 ratio
480 1037 650 1080 neglecta.
678 1038 720 1070 cf.
746 1045 821 1071 not.
846 1039 889 1071 ad
914 1041 994 1073 700.
1020 1040 1099 1074 701.

1194 1040 1263 1074 705
1289 1040 1436 1082 Selinys
1469 1040 1522 1072 vel
1558 1042 1654 1073 Seli-

147 1083 206 1115 nis
231 1082 333 1114 etiarn
358 1082 416 1114 hic
440 1083 514 1115 fere
541 1083 634 1116 libri.
683 1085 823 1118 Salinis
849 1086 957 1118 Goth.
982 1092 1064 1118 tert.
1091 1098 1165 1118 cum
1191 1086 1245 1118 ed.
1263 1087 1350 1118 ven.
1375 1098 1405 1118 v.
1425 1086 1513 1119 Pier.
1534 1087 1653 1120 Heius.

148 1135 183 1160 et
218 1129 360 1161 doctiss.
386 1129 616 1164 Commentar.
643 1132 823 1164 Burmanni
859 1133 902 1164 ad
938 1133 1105 1164 Numism.
1143 1132 1238 1165 sicil.
1274 1144 1308 1176 p.
1345 1131 1424 1166 420.
1457 1131 1538 1168 421.
1595 1135 1655 1167 Est

148 1175 351 1218 Σελινοῦς,
388 1188 429 1208 ex
465 1174 666 1216 Σελινόεις.
716 1179 878 1222 (Selinus
912 1179 1021 1211 Palat.
1057 1191 1132 1211 cum
1165 1178 1360 1223 perpaucis.
1409 1180 1478 1211 Sed
1514 1181 1653 1224 Longus

148 1221 213 1254 iam
240 1222 274 1253 in
301 1222 412 1257 schol.
437 1223 537 1256 Mat:
565 1225 798 1263 „SELINU52
825 1225 922 1269 quasi
949 1228 1093 1271 Opzms,
1127 1226 1328 1267 Amathus,
1363 1225 1452 1258 unde
1488 1233 1524 1259 et
1559 1227 1653 1260 Seli-

150 1268 297 1301 nuntii.“
329 1269 422 1313 lVr.)

152 1381 261 1412 tanta
296 1376 522 1414 immanitas
557 1383 595 1414 et
634 1378 716 1415 sera
755 1377 872 1415 facies

149 1445 230 1469 esse
261 1433 445 1482 videtur,
490 1440 531 1472 ut
555 1435 603 1472 ab
636 1448 680 1472 ea
712 1435 872 1487 potissi—

148 1504 257 1527 mum
279 1491 472 1542 designari
504 1493 681 1542 potuerit
701 1507 719 1529 a
740 1499 870 1544 poeta.

150 1546 306 1600 (Omnis
336 1549 548 1586 difficultas
574 1551 728 1587 sublata
756 1551 871 1587 vide-

149 1611 242 1652 tur,
282 1606 312 1642 si
350 1608 534 1644 Immanis
572 1608 790 1658 genitivum
831 1614 871 1646 et

149 1662 355 1713 epitheton
374 1665 602 1714 ‚voeshwia'
619 1678 699 1703 esse
719 1671 873 1703 statue-

148 1721 214 1758 ris.
252 1721 369 1758 Ovid.
399 1722 505 1759 Fast.
537 1722 600 1771 IV,
633 1723 747 1764 470.:
789 1724 875 1771 „Et

149 1784 208 1827 te,
240 1778 543 1816 vorticibus
567 1794 661 1817 non
685 1781 875 1818 adeun-

150 1835 206 1873 de
229 1836 363 1874 Gela.“
409 1837 554 1887 Tetigit
571 1837 648 1875 hoc
668 1838 750 1890 ipse
763 1838 874 1889 Hey-

150 1893 259 1941 nius,
296 1894 337 1931 in
375 1894 527 1932 minore
563 1895 737 1933 editione
775 1895 875 1933 haec

151 1951 361 1989 adiiciens:
391 1953 556 2001 „Restat
573 1952 808 2003 hariolatio,
827 1960 875 1991 ut

139 2009 302 2059 flavius
324 2011 512 2046 immanis
533 2010 692 2048 dicatur
710 2017 876 2063 propter

149 2065 315 2117 speciem
334 2066 470 2104 eiusin
490 2069 619 2105 numis
633 2082 878 2120 expressam;

152 2129 211 2160 est
231 2123 334 2160 enim
354 2124 425 2161 bos
451 2139 540 2162 cum
567 2127 664 2164 facie
688 2126 876 2175 humana,

152 2180 395 2232 adscriptum
418 2185 580 2230 Testae-‘⁴
614 2182 731 2235 lssr.)

212 2241 308 2279 703.
355 2238 451 2280 704.
514 2241 785 2291 flgrigenlum
834 2241 875 2277 in

153 2301 286 2332 monte
319 2295 540 2347 Acragante
571 2299 711 2347 situm,
746 2298 876 2335 maxi-

152 2354 224 2389 mis
248 2353 448 2403 quondam
470 2355 609 2405 opibus
631 2369 678 2393 ex
693 2356 775 2406 agri
796 2356 877 2392 ser-

152 2411 252 2447 titita
262 2417 297 2447 te
311 2417 351 2447 et
367 2412 748 2462 Carthaginiensium
771 2426 877 2449 mer-

154 2474 246 2505 eatu
264 2470 480 2519 refertum3
506 2469 601 2508 hinc
626 2471 771 2509 civium
792 2485 878 2507 ma-

153 2525 379 2576 gnificentia
426 2534 464 2565 et
514 2529 646 2566 luxus
734 2529 879 2567 Aluere

153 2583 270 2620 iidem
291 2597 411 2635 equos
437 2587 487 2624 ad
511 2586 723 2624 certamina
751 2588 878 2623 Grae—

155 2640 258 2689 ciae,
290 2648 329 2679 et
352 2642 454 2680 inter
481 2644 776 2696 Olympionicas
802 2644 879 2681 suit

155 2697 314 2736 Theron
344 2699 620 2751 Agrigentinus
655 2716 677 2739 a
706 2701 880 2739 Pindaro

156 2755 385 2794 celebratus.
421 2773 455 2796 v⁴
474 2762 584 2798 Serv.
607 2767 646 2797 et
662 2761 879 2798 Burmann.

156 2825 392 2863 quamquam
426 2817 476 2853 ad
507 2817 616 2855 hunc
647 2818 773 2855 solum
812 2830 879 2854 re-

156 2869 249 2919 spici
301 2885 323 2906 a
381 2880 497 2922 poeta
554 2889 633 2912 non
698 2874 879 2912 dixerim.

158 2925 305 2977 (Schol.
343 2928 432 2966 Mai.

475 2962 496 2978 ‚‚
512 2962 517 2970 .
532 2962 538 2969 .
553 2963 559 2969 .
572 2955 626 2960 —
640 2934 878 2982 Agrigenli-

519 1272 588 1305 706
613 1274 728 1304 caecis
753 1274 793 1304 L.
820 1274 920 1305 saxis
945 1273 1051 1305 Goth.
1076 1284 1129 1316 pr.

930 1379 1030 1416 nos?
1069 1400 1125 1406 —-
1166 1377 1450 1429 olympionicas
1507 1380 1654 1417 multos

931 1437 1049 1474 fuisse
1078 1436 1246 1473 adnotat
1276 1436 1489 1475 Milestos.“
1536 1436 1653 1491 IJsr.)

931 1494 1092 1531 Gratius
1131 1494 1275 1544 Cyneg.
1318 1495 1402 1534 526
1444 1509 1520 1544 per
1567 1496 1656 1532 illos

933 1550 1089 1604 (equos)
1124 1551 1318 1588 Caninius
1350 1551 1486 1588 Graiis
1520 1552 1655 1589 Acra-

927 1624 1022 1659 gas.
1088 1608 1187 1646 Vide
1213 1608 1261 1645 de
1282 1607 1358 1645 hae
1377 1609 1476 1646 urbe
1497 1609 1655 1649 Cluver.

933 1673 972 1703 et
1005 1666 1171 1703 Dorvill.
1199 1680 1284 1717 pag.
1311 1667 1376 1706 88.
1411 1669 1476 1707 89.
1527 1681 1656 1717 quon-

932 1725 1029 1760 clam
1074 1723 1209 1775 paullo
1264 1724 1463 1760 incautius
1513 1724 1655 1761 adiecit

931 1787 1072 1833 poeta,
1113 1787 1253 1818 contra
1288 1786 1513 1831 temporum
1544 1782 1657 1820 ordi-

932 1852 1035 1877 nem.
1068 1852 1106 1875 Υ.
1129 1839 1176 1875 V.
1201 1839 1242 1876 L.

990 1898 1086 1938 705.
1119 1897 1360 1933 Selinuntem
1381 1895 1521 1946 palmis
1544 1908 1654 1945 agre-

932 1953 1058 1991 stibus
1081 1953 1312 2000 abundasse,
1337 1966 1385 1990 ex
1406 1952 1527 1989 Cicer.
1546 1953 1658 1990 verr.

933 2012 979 2059 V,
1006 2013 1060 2051 87
1080 2011 1171 2048 satis
1200 2016 1370 2048 constat.
1431 2011 1492 2047 EX
1520 2016 1658 2048 nostro

933 2069 1129 2119 expressit
1156 2069 1260 2117 XIV,
1292 2071 1373 2108 QOO
1415 2068 1531 2105 Silius
1558 2068 1659 2116 Ital„

935 2139 1051 2176 quem
1083 2126 1124 2163 in
1148 2131 1234 2163 toto
1264 2124 1342 2162 hoe
1374 2125 1461 2162 loco
1494 2139 1658 2176 compa-

933 2197 1023 2221 rare
1046 2183 1209 2221 iuvabit.
1270 2183 1324 2219 De
1353 2182 1557 2219 Selinunte
1589 2196 1660 2219 co—

934 2241 1041 2292 piose
1069 2247 1159 2291 post
1180 2240 1338 2278 Cluver.
1360 2239 1523 2277 Dorvill.
1546 2254 1583 2291 p.
1606 2242 1660 2281 60

935 2312 1040 2348 seqq.
1064 2304 1101 2335 et
1124 2297 1206 2338 420
1229 2310 1349 2347 seqq„
1379 2297 1445 2334 ubi
1465 2303 1501 2334 et
1522 2297 1660 2335 ruinae

937 2357 1109 2393 duorum
1150 2356 1393 2406 templorum
1433 2355 1514 2392 eius
1551 2355 1661 2392 urbis

938 2414 1061 2450 oculis
1082 2413 1280 2450 subiectae
1299 2418 1404 2449 sunt.
1436 2414 1542 2449 datis
1563 2427 1660 2449 ven-

939 2473 1011 2517 tis,
1046 2477 1134 2508 orto
1154 2476 1288 2508 vento.

995 2531 1089 2569 706.
1120 2528 1229 2565 vada
1259 2528 1361 2564 clm-(z
1397 2528 1505 2564 saxis
1535 2529 1662 2564 caecis

936 2586 977 2623 h.
999 2600 1030 2623 e.
1051 2586 1278 2624 latentibus.
1312 2583 1378 2636 (cf.
1397 2584 1425 2631 I⁷
1449 2586 1541 2624 108.
1583 2585 1660 2621 Do-

937 2649 1076 2681 natus:
1099 2657 1225 2694 „quae
1245 2641 1392 2680 nautici
1409 2641 1548 2679 dicunt
1567 2641 1662 2679 sub-

939 2704 1154 2751 aquanea.“
1190 2700 1305 2752 er.)
1345 2701 1445 2736 dara
1477 2697 1542 2750 (ne
1575 2700 1662 2736 dira

939 2759 1151 2812 coniectes)
1182 2760 1291 2796 ιάιία
1313 2757 1438 2804 dixit,
1477 2755 1516 2794 h.
1538 2769 1569 2793 e.
1600 2756 1662 2793 lo-

939 2831 1029 2854 cuin
1041 2817 1236 2856 vadosum
1254 2815 1379 2852 fundo
1391 2827 1520 2860 saxeo,
1532 2827 1662 2864 quon—

939 2876 1015 2912 iam
1046 2881 1223 2911 extrema
1260 2872 1433 2923 Lilybaei
1472 2884 1662 2923 promon-

939 2933 1032 2970 torii
1052 2930 1175 2984 ἄκρα,
1200 2931 1316 2982 plana
1347 2936 1466 2979 atque
1501 2928 1663 2979 depres-
