1731 3420
117 251 182 295 24
503 227 1131 291 DISQUISITIO
1205 227 1230 273 Ι

119 369 216 428 dis,
257 373 308 412 et
331 359 508 425 figuris
539 355 798 406 variandis
821 354 1047 420 turpiter
1082 352 1279 416 ingenii
1311 353 1447 402 vires
1485 354 1627 402 attri-

115 438 187 484 vit
219 441 397 499 poeta;
437 427 557 489 sed,
592 427 685 476 ubi
711 432 1014 474 occurrerat
1036 422 1236 489 aliquid
1262 422 1326 470 ab
1354 423 1455 472 alio
1480 425 1629 489 inge-

115 506 263 554 niose
291 500 573 564 cogitatum
600 496 685 545 vel
706 496 1001 555 inventum,
1039 492 1130 541 illo
1157 501 1433 559 tamquam
1459 493 1630 560 phan-

114 580 332 624 tasmate
361 577 525 617 tactus
543 566 778 616 Maronis
800 566 1033 626 animuS,
1072 561 1184 625 vel,
1221 563 1298 611 uti
1326 562 1444 612 fieri
1476 563 1629 626 solet,

116 644 156 693 si
191 639 406 691 scintilla
438 637 637 686 idoneo
663 634 854 684 fomite
892 641 1107 699 excepta
1132 641 1232 696 est,
1270 631 1488 682 flamma
1513 651 1630 683 cor—

116 721 296 778 reptus
328 707 565 766 incaluit,
618 715 670 755 et
697 720 893 768 magno
930 702 1183 752 incendio
1225 704 1421 754 exarsit.
1493 705 1630 753 Hinc

118 798 284 832 novae
322 794 503 828 rerum
538 775 771 838 formae,
823 791 961 823 nova
992 789 1213 838 genera,
1261 789 1433 822 novae
1469 773 1633 823 inter-

122 853 250 902 dum
275 858 504 898 naturae.
575 850 750 897 Nemo
777 843 957 908 facile,
996 844 1037 891 si
1060 842 1262 906 singula
1283 853 1631 907 recognoscat

123 931 174 971 et
217 919 462 978 excutiat,
528 933 640 965 non
684 915 932 979 intelligit
975 913 1278 977 Virgilium,
1338 914 1497 963 etiam
1540 914 1633 963 ubi

122 1007 296 1058 presse
321 987 581 1053 sequitur,
619 985 788 1034 modo
816 984 1164 1048 castigatiore,
1203 983 1499 1048 pulcriore,
1549 984 1634 1033 vel

124 1049 417 1124 augustiore
445 1058 520 1105 rei
555 1056 816 1123 specie*),
857 1054 1026 1104 Latini
1061 1054 1326 1102 sermonis
1360 1054 1634 1118 elegantia,

125 1139 210 1179 aut
230 1145 369 1177 novo
395 1143 577 1175 rerum
602 1135 815 1189 ornatu,
853 1124 1023 1173 modo
1067 1123 1297 1172 deducta
1320 1123 1547 1173 feliciter
1577 1142 1634 1173 ac

127 1198 322 1248 deflexa
367 1196 430 1245 ad
471 1196 613 1245 aliud
652 1212 832 1244 rerum
878 1210 1047 1258 genus
1084 1195 1345 1242 sententia
1384 1194 1469 1242 vel
1515 1212 1633 1243 ora-

125 1270 294 1330 tione,
345 1276 566 1315 certasse
607 1284 729 1315 cum
763 1267 967 1315 Graeco
1010 1273 1183 1330 poeta.
1256 1265 1504 1330 Inprimis
1545 1283 1636 1313 an-

126 1349 232 1387 tem
264 1354 317 1385 se
346 1336 600 1387 Romanis
641 1337 693 1384 in
722 1336 946 1384 Homeri
978 1335 1274 1382 imitatione
1304 1351 1635 1401 magnopere

126 1408 350 1474 probare
374 1406 557 1455 debuit
578 1406 747 1454 cultus
767 1405 1017 1469 Augustei
1051 1403 1269 1466 saeculi,
1310 1422 1418 1471 quo
1440 1406 1637 1471 simpli-

130 1479 248 1525 citas
279 1477 486 1538 inculta,
527 1485 578 1525 et
603 1475 820 1524 horrida
843 1474 1115 1524 interdum
1142 1475 1367 1523 Homeri
1393 1484 1637 1539 vetustas,

130 1556 215 1594 aut
238 1547 373 1594 iners
398 1546 640 1610 languor,
678 1545 846 1594 modo
882 1545 947 1593 ad
969 1545 1340 1593 honestiorem
1377 1554 1429 1593 et
1458 1546 1639 1594 mitio-

130 1633 240 1663 rein
272 1616 469 1664 cultum
503 1634 528 1664 a
557 1620 801 1678 Marone,
839 1615 1008 1664 modo
1037 1614 1099 1663 ad
1134 1614 1517 1677 elegantiorem
1551 1632 1638 1664 or-

133 1695 310 1733 natum
341 1695 425 1733 aut
461 1685 522 1732 ad
549 1686 897 1734 incitatiorem
923 1686 1031 1733 vim
1058 1693 1354 1749 temperata
1381 1695 1471 1736 est.
1524 1688 1639 1734 Hoc

133 1756 349 1802 nomine
376 1755 483 1819 ipse
504 1759 704 1805 Aeneas
729 1754 1217 1804 commendabilior
1244 1754 1412 1803 videri
1442 1756 1640 1821 potuit:

135 1824 379 1871 munibus
403 1824 510 1871 eius
537 1824 702 1885 sactis,
739 1825 981 1873 moribus
1008 1842 1064 1873 ac
1092 1824 1239 1872 dictis
1261 1825 1434 1873 maior
1454 1826 1640 1891 aliquis

133 1893 466 1941 humanitatis
497 1894 662 1943 cultus
694 1896 852 1954 inest3
893 1904 1171 1960 apparatus
1201 1911 1385 1943 rerum
1413 1904 1536 1944 sunt
1559 1913 1640 1944 or-

135 1963 386 2019 nati‹›res;
438 1974 747 2012 ornamenta
780 1964 1024 2029 dignitas,
1065 1964 1326 2030 splendor
1350 1975 1401 2014 et
1430 1966 1640 2029 elegan—

137 2033 227 2087 tia,
270 2039 684 2097 μεγαλοπρέπεια,
722 2034 816 2082 sed
836 2035 1068 2083 heroum
1093 2036 1336 2100 personis
1371 2035 1542 2099 digna,
1581 2036 1641 2084 il—

136 2100 326 2150 lustrat.
400 2106 544 2161 Quae
570 2103 787 2167 quidem
809 2106 961 2153 resin
984 2104 1199 2168 longam
1224 2105 1640 2171 disputationem

138 2169 324 2217 adduci
350 2180 545 2233 posset,
592 2173 631 2219 si
671 2175 824 2221 animi
854 2176 1017 2238 magis
1052 2174 1281 2223 lubitum
1318 2193 1479 2241 quam
1516 2178 1641 2225 scri—

141 2239 328 2303 ptionis
351 2240 620 2289 consilium
650 2245 899 2309 prosequi
927 2244 1204 2293 mallemus
1218 2251 1323 2311 **);
1352 2263 1641 2296 monemus

252 2426 288 2479 ¹⁰¹)
322 2431 408 2474 Qua
438 2436 520 2466 arte
550 2432 730 2481 Virgilius
761 2434 910 2471 eolores
945 2436 1117 2485 singulos
1148 2437 1363 2485 imaginum
1390 2439 1451 2474 vel
1490 2438 1643 2476 descri-

139 2485 318 2534 ptionum
351 2486 507 2523 nomm-i
531 2488 738 2538 elegantiae
759 2505 913 2528 nioruni
932 2494 1075 2531 saeculi
1099 2494 1158 2531 sui
1182 2494 1233 2531 ad
1264 2497 1415 2532 animos
1435 2497 1643 2534 oblectan—

140 2542 210 2577 dus.
240 2545 619 2593 acconnnodaveiit,
665 2548 841 2598 exemplo
880 2551 987 2588 claro
1019 2552 1248 2602 apparebit,
1288 2554 1317 2590 si
1351 2553 1564 2593 Aeneidem
1601 2556 1642 2603 V,

140 2602 221 2639 32ss
238 2622 282 2625 -—
300 2604 392 2639 .·;.‘5.5.
414 2616 502 2637 euin
529 2603 644 2639 iliade
666 2620 712 2650 w,
746 2608 1001 2648 769—773.
1026 2610 1259 2647 contuleris.
1329 2614 1457 2650 chlz.

255 2655 306 2707 ⁰)
341 2659 492 2708 Scripta
518 2659 610 2695 haec
633 2668 767 2709 erant,
799 2677 887 2699 cuin
912 2667 947 2701 in
972 2680 1110 2703 manus
1135 2669 1346 2706 sumsimus
1365 2671 1532 2719 Manlii,
1564 2670 1644 2707 ele-

139 2714 351 2759 gaiitbsiini
376 2716 550 2753 Britanni
576 2716 697 2767 (nniu-
726 2720 900 2770 Episcopi
924 2723 1243 2763 Worccsu·icnsis
1268 2728 1521 2781 gratissimi),
1559 2728 1644 2765 dis-

141 2772 379 2820 putationem
403 2773 449 2809 de
473 2775 687 2811 imitatione
711 2777 884 2826 portin-a,
916 2781 981 2829 qui
1004 2783 1204 2832 praeclare
1225 2798 1308 2822 rem
1336 2786 1511 2836 expedit,
1543 2800 1640 2837 qua—

141 2836 253 2864 tenus
274 2836 306 2864 (t
338 2844 467 2866 1'1'1‘tttn
502 2846 519 2867 a
550 2833 674 2883 poetis
708 2835 1003 2874 tractandarum
1030 2845 1068 2875 et
1097 2841 1341 2889 ingeniorum
1369 2850 1522 2881 tantam
1539 2844 1645 2882 inter

139 2900 176 2920 se
197 2898 275 2921 esse,
306 2887 533 2925 affinitatem
565 2891 673 2926 docet
694 2921 702 2937 ,
735 2897 778 2927 ut
799 2893 930 2942 plures
953 2895 1086 2932 eaden]
1113 2905 1175 2935 aut
1203 2900 1339 2937 eodem
1366 2902 1484 2940 niodo
1514 2903 1645 2953 eloqui

140 2956 291 2978 necess(-
314 2945 386 2992 sit,
422 2946 514 2982 'wne
538 2948 653 2983 eliani
680 2954 789 2984 notas
816 2963 930 2986 verae
952 2952 1180 2992 imitationis
1211 2959 1387 3009 apponit.
1449 2951 1645 3012 (Adliciu-
