1827 3436
399 247 814 306 AENEIDOS
852 245 992 296 LIB.
1029 243 1097 306 11,
1134 243 1434 295 617—635
1575 243 1677 292 355

158 392 340 451 Quum
359 381 507 432 ferro
533 378 765 428 adcisam
797 371 1108 436 crebrisque
1135 366 1463 433 bipennibus
1486 366 1683 414 instant

157 461 361 510 Eruere
390 448 648 516 agricolae
675 445 943 504 certatim;
982 440 1069 490 illa
1093 454 1267 505 usque
1295 437 1545 499 minatur,

160 530 224 578 Et
246 521 558 574 tremefacta
584 533 798 568 comam
821 526 1082 564 concusso
1102 508 1302 558 vertice
1324 514 1499 566 nutat3

160 593 485 650 Volneribus
509 590 685 640 donec
706 584 982 654 paullatim
1008 580 1174 630 evicta
1199 592 1517 643 supremum
1585 579 1686 627 630

166 664 516 730 Congemuit‚
554 659 814 724 traxitque
838 654 970 718 iugis
1000 649 1173 700 avolsa
1202 648 1427 698 ruinam.

164 733 451 788 Descendo
468 773 481 796 ‚
521 748 578 780 ac
606 729 838 779 ducente
859 725 963 774 deo
987 720 1265 770 flammam
1286 719 1426 767 inter
1445 724 1498 765 et
1522 712 1689 762 hostis

164 805 461 873 Expedhn3
500 796 980 856 dantussalocunn
1019 783 1690 854 flanunaequeiecedunt

236 881 412 941 Atque
432 873 525 922 ubi
544 873 651 920 iam
673 867 871 935 patriae
890 870 1215 931 perventum
1247 858 1314 908 ad
1346 857 1528 906 limina
1552 852 1693 902 sedis

170 947 533 1012 Antiquasque
573 941 794 1002 domOS,
831 935 1067 1001 genitor,
1105 946 1271 998 quem
1299 927 1490 977 tollere
1528 925 1582 973 in
1622 922 1695 971 al-

962 1013 1047 1052 tos
1594 996 1696 1046 635

246 1090 364 1140 634.
397 1087 584 1141 ATQUE
597 1120 609 1143 ‚

271 1205 338 1239 627
365 1200 543 1235 abscisam
567 1198 636 1230 duo
656 1197 771 1228 Burm.
821 1190 978 1226 abcisam
997 1190 1137 1232 Menag.
1166 1185 1267 1219 alter.
1317 1193 1436 1218 accam
1462 1192 1528 1226 pro
1556 1180 1699 1213 instant

177 1252 295 1285 Codex
321 1250 462 1282 Tliuan.
483 1258 539 1290 ap.
558 1243 716 1277 Macrob.
739 1242 771 1274 V
789 1243 862 1274 Sat.
883 1240 917 1278 2,
936 1235 1125 1269 memoriae
1145 1233 1257 1278 lapsu.
1354 1233 1423 1266 629
1456 1231 1505 1261 Ut
1533 1235 1559 1261 t.
1588 1225 1699 1260 Wall.

179 1297 336 1344 (Wakef.
367 1292 605 1338 interpungit:
652 1293 720 1330 Et,
767 1284 981 1332 tremefavta
1011 1294 1147 1316 comam
1176 1291 1352 1312 conc-asso
1393 1277 1548 1316 vertice,
1592 1281 1702 1306 nutat

185 1342 425 1383 Volneribas,
454 1340 535 1374 coll.
559 1340 630 1371 luv.
650 1337 734 1375 XV,
756 1335 855 1369 156.:
889 1337 1113 1376 „protegere
1140 1326 1245 1360 armis
1270 1327 1444 1369 Lapsum,
1478 1328 1539 1355 aut
1566 1318 1704 1364 ingenti

180 1397 426 1427 nutantem
474 1385 667 1420 vulnere
709 1382 861 1415 civem.“
918 1377 1012 1419 lVr.)
1141 1375 1211 1410 630
1262 1384 1430 1418 supremo
1474 1381 1528 1414 pr.
1575 1366 1702 1400 Hamb.

182 1440 252 1475 632
277 1436 437 1471 Discedo
456 1446 510 1480 pr.
536 1431 677 1471 Hamb.,
710 1436 746 1462 et
770 1428 820 1460 ita
850 1439 906 1471 ap.
937 1424 1095 1457 Macrob.
1124 1424 1182 1461 ΙΙΙ,
1210 1422 1241 1456 8.
1292 1420 1362 1452 dea
1390 1417 1451 1450 alii
1479 1414 1582 1449 codd.
1610 1413 1705 1457 apud

182 1486 274 1520 Pier.
294 1484 415 1516 Heius.
438 1488 474 1515 et
495 1482 621 1519 Burm.,
646 1477 765 1520 sicque
790 1475 858 1507 duo
878 1485 896 1505 e
928 1472 1036 1504 Goth.
1070 1473 1120 1515 (et
1151 1470 1204 1503 ll.
1239 1468 1293 1501 12.
1326 1466 1381 1500 13.
1415 1477 1434 1497 e
1462 1462 1571 1496 Paris.
1606 1460 1703 1503 lVr.)

183 1530 397 1576 improbavit
413 1529 482 1562 hoc
501 1529 569 1560 iam
590 1524 748 1558 Macrob.
766 1522 790 1555 1.
815 1534 844 1554 c.
868 1518 932 1553 etsi
951 1518 1066 1552 aliena
1085 1516 1255 1549 admiscet
1273 1513 1317 1546 de
1338 1513 1478 1546 Venere
1503 1510 1568 1542 dea
1598 1515 1632 1541 et
1661 1507 1705 1539 de

186 1581 254 1613 deo
275 1589 381 1610 mare.
431 1574 635 1609 abducente
664 1570 720 1603 vel
746 1569 953 1602 adducente
977 1566 1044 1598 deo
1076 1563 1133 1596 vel
1165 1563 1235 1594 dea
1265 1560 1401 1604 aliquot
1428 1557 1521 1602 apud
1549 1555 1640 1588 Pier.
1673 1560 1708 1586 et

186 1628 301 1660 Burm.
351 1625 420 1657 Ιιαο
439 1623 473 1655 d.
494 1620 608 1664 Bigot.
658 1618 726 1651 deo
742 1616 778 1648 in
800 1614 925 1648 Medic.
946 1611 1167 1645 emendatum
1188 1621 1229 1641 ex
1249 1608 1337 1647 dea,
1382 1613 1414 1638 et
1446 1611 1500 1637 est
1529 1614 1612 1636 sane
1641 1601 1708 1634 deo

187 1672 346 1707 doctius:
370 1682 402 1703 v.
424 1675 519 1708 not.;
547 1673 583 1699 at
609 1665 702 1698 idem
722 1674 809 1696 sono
831 1662 1022 1704 ingratum:
1049 1656 1228 1690 descendo
1258 1655 1414 1686 ducente
1444 1652 1523 1684 deo.
1557 1649 1635 1694 (sed
1661 1644 1706 1681 τὸ

187 1716 418 1763 κακόφωνοι)
443 1714 621 1748 emollitur
644 1711 802 1744 elisione.
852 1709 1014 1740 Ceterum
1035 1705 1123 1737 haec
1144 1701 1304 1735 lectionis
1338 1698 1523 1732 diversitas
1553 1706 1710 1730 comme-

188 1773 345 1801 moratur
365 1764 467 1797 etiam
489 1762 532 1795 ab
554 1763 704 1804 Interpr.
729 1756 826 1789 Maii.
857 1755 950 1797 IVr.)
999 1755 1130 1786 Verum
1151 1749 1305 1782 ultimam
1324 1753 1453 1792 poetae
1478 1756 1615 1777 manum
1643 1742 1711 1774 fla-

190 1814 350 1859 gitabant
366 1817 401 1843 et
421 1810 483 1842 illa
513 1808 550 1840 in
580 1806 672 1839 binis
700 1804 878 1838 versibus:
904 1803 1111 1847 flammam,
1141 1799 1393 1842 flammaeque.
1431 1791 1573 1835 (nullam
1602 1789 1713 1822 habet

191 1860 420 1895 offensionem
444 1857 480 1888 h.
501 1855 524 1889 l.
543 1852 713 1898 repetitio
734 1851 889 1883 eiusdem
907 1860 1002 1888 voc.‚
1029 1857 1133 1891 quum
1153 1844 1413 1889 hocflammae
1432 1840 1479 1872 ita
1502 1837 1715 1883 respondeat

191 1916 401 1952 praegresso
416 1906 628 1949 flammam,
664 1906 702 1932 ut
734 1898 808 1930 tela
829 1895 1056 1941 praecedenti
1081 1893 1217 1929 lzostis3
1254 1888 1359 1921 modo
1390 1887 1479 1920 scite
1514 1886 1601 1918 haec
1625 1895 1714 1928 pro—

192 1954 349 1993 nunties,
376 1958 413 1984 ut
434 1962 554 1983 vocem
576 1947 716 1993 paulum
740 1944 902 1977 intendas
924 1942 959 1974 in
983 1940 1099 1974 verbis
1121 1939 1212 1971 dant
1230 1937 1348 1969 locum
1369 1942 1402 1967 et
1423 1933 1619 1970 recedunm
1645 1929 1715 1962 vid.

194 2002 297 2034 etiam
325 1998 521 2034 VVeichert.
550 1999 605 2029 De
636 1996 759 2028 Verss.
794 1992 906 2024 inim.
937 2000 1037 2034 susp.
1070 1999 1104 2030 p.
1136 1987 1193 2020 93.
1231 1982 1328 2025 IVr.)
1432 1981 1501 2016 633
1548 1978 1717 2022 experior

196 2047 315 2081 Schol.
347 2048 470 2078 Horat.
502 2043 545 2076 ad
576 2043 686 2075 Carm.
719 2051 788 2072 sec.
814 2039 1012 2081 Pei-peram.
1115 2031 1185 2067 634
1216 2033 1338 2074 Atque
1369 2027 1430 2061 ubi
1455 2032 1538 2072 post
1566 2024 1717 2058 Pierium

197 2094 316 2127 Heius.
343 2105 360 2125 e
380 2090 596 2124 melioribus.
644 2086 761 2130 Vulgo
783 2087 853 2118 Ast
875 2082 944 2116 ubi.
984 2083 1044 2126 (ita
1063 2079 1171 2113 Palat.
1191 2084 1227 2111 et
1244 2076 1353 2110 Paris.
1382 2078 1416 2112 9.
1451 2075 1505 2109 12.
1537 2073 1612 2112 13.;
1647 2070 1717 2104 vid.

200 2143 244 2181 Q.
263 2142 307 2175 V.
326 2139 486 2179 XXXV,
503 2138 560 2172 22.
590 2134 688 2178 Wr.)
737 2135 792 2165 Ae
811 2130 872 2164 ubi
888 2129 988 2162 Leid.

202 2234 255 2272 ad
294 2232 406 2272 urbis
445 2230 675 2277 excidium,
734 2225 934 2273 instituta,
980 2222 1114 2274 fici&
1145 2225 1185 2256 et
1204 2217 1305 2255 haec
1333 2230 1407 2268 pro
1438 2214 1620 2252 evellitur
1648 2226 1720 2249 ar-

202 2291 502 2340 verborumque
535 2292 685 2326 ornatu
720 2299 811 2322 cun]
840 2282 880 2320 l1.
910 2282 936 2319 l.
993 2280 1085 2325 bor,
1116 2278 1284 2328 proruit.

203 2349 439 2399 neutiquam
453 2343 732 2397 comparanda.
782 2339 937 2378 Abini-
1055 2338 1150 2378 632.
1191 2336 1286 2374 633.
1329 2330 1540 2369 Des-vendo
1572 2328 1621 2366 de
1654 2341 1723 2365 ar—

204 2408 263 2446 tio
307 2405 443 2444 deficit
490 2401 700 2441 commoda
741 2398 938 2437 transitus

206 2465 404 2504 formula:
434 2462 498 2500 Ac
528 2462 661 2499 veluti.
721 2471 804 2495 non
833 2456 939 2493 enim

207 2523 388 2574 sequitur
401 2519 604 2572 apodosis:
624 2529 725 2568 quae
737 2515 851 2553 facile
863 2527 938 2551 ex-

210 2580 365 2632 pectari
392 2583 564 2631 poterat.
623 2576 740 2613 Nunc
769 2573 938 2624 explen-

212 2638 326 2676 dum:
356 2639 447 2675 visa
482 2636 605 2672 Troia
634 2634 756 2680 verti,
800 2629 940 2678 everti,

213 2710 263 2733 ac
287 2695 447 2733 ruinam
464 2691 643 2740 trahere,
674 2690 800 2728 veluti
823 2702 941 2725 omns

214 2754 335 2789 traxit
351 2782 361 2800 ‚
384 2750 513 2790 trahit
525 2780 535 2799 ‚
557 2751 730 2787 ruinam.
749 2760 768 2783 e
788 2760 826 2784 v.
846 2747 942 2787 631.

217 2806 282 2861 (at
302 2809 386 2847 vid.
414 2809 461 2847 V.
492 2808 535 2845 L.
571 2804 682 2858 lVr.)
743 2805 943 2842 ornatum

217 2865 319 2903 illud
354 2864 583 2903 Vulneribus
615 2876 845 2913 supremum
879 2863 943 2898 in-

218 2924 396 2972 gemuit.-
422 2928 462 2959 et
482 2922 679 2972 traxitque
698 2921 807 2969 iugis
825 2919 946 2955 avul-

222 2993 267 3016 sa
297 2981 456 3016 ruinam
479 3007 489 3027 ‚
542 2978 631 3029 plus
667 2991 785 3027 quani
819 2976 948 3024 duxit,

997 2408 1059 2444 ce3
1091 2407 1171 2430 non
1194 2391 1242 2428 de
1265 2389 1390 2438 turri3
1420 2402 1512 2425 nain
1540 2386 1619 2424 hoe
1646 2386 1724 2423 iam

998 2455 1151 2491 factum
1188 2463 1227 2487 v.
1263 2450 1358 2490 570.
1388 2449 1484 2488 588.
1526 2445 1726 2495 expeclior,

997 2509 1167 2562 expedio
1200 2520 1282 2555 nie,
1332 2504 1505 2542 liberum
1542 2503 1619 2540 iter
1650 2500 1727 2538 ha-

996 2570 1070 2607 beo
1093 2568 1199 2605 inter
1224 2564 1401 2602 hostium
1435 2562 1512 2599 tela
1543 2567 1583 2598 et
1610 2560 1729 2598 flam-

998 2642 1101 2666 mas:
1132 2631 1179 2663 ut
1195 2628 1337 2660 Contra
1360 2620 1625 2671 impedimur,
1654 2617 1730 2654 ob-

1000 2690 1132 2723 stante
1162 2681 1297 2720 turba.
1355 2678 1518 2729 Vulgari
1549 2686 1732 2714 sermone

1000 2745 1069 2781 ria
1111 2742 1196 2793 ipsa
1240 2738 1446 2787 expediri,
1502 2734 1733 2785 ent-pedicam

1001 2802 1096 2849 iter,
1132 2799 1293 2837 dicitur.
1325 2795 1488 2831 (lucente
1517 2793 1589 2830 cleo
1609 2804 1658 2828 ex
1676 2803 1733 2839 gr.

1002 2857 1032 2910 ἦ
1056 2854 1178 2904 θεὸς,
1203 2866 1317 2904 saepe
1337 2851 1533 2902 exquisite
1553 2863 1628 2900 pro
1648 2847 1734 2894 dea,

1006 2922 1077 2954 aut
1097 2916 1194 2952 cleas
1223 2911 1402 2948 absolute
1424 2906 1469 2948 τό
1489 2911 1631 2952 θεῖον,
1654 2917 1735 2941 nu-

1006 2986 1121 3023 men3
1155 2977 1201 3009 ut
1225 2970 1326 3008 bene
1360 2971 1499 3004 monet
1525 2960 1734 3013 Verheyck

1342 3034 1460 3081 23*
