1779 3420
77 225 181 275 294
417 222 470 269 P.
518 218 866 268 VIRGILII
913 217 1303 267 MARONIS*

81 346 348 415 Inprovisi
374 345 615 397 aderunt.

687 347 765 395 Ita
788 344 980 409 digerit
1001 344 1181 392 omina
1207 339 1439 393 Calchas

81 422 231 469 Hanc
254 433 355 483 pro
379 415 646 479 Palladio,
683 415 903 476 moniti,
941 429 1041 480 pro
1063 413 1289 463 numine
1312 411 1457 460 laeso

81 487 337 553 Effigiem
359 495 617 549 statuere,
656 485 807 535 nefas
831 500 968 551 quae
990 484 1138 532 triste
1166 483 1349 550 piaret.

82 563 233 608 Hanc
291 566 474 606 tamen
533 556 836 605 inmensam
897 553 1118 604 Calchas
1173 550 1435 602 adtollere
1491 566 1616 600 mo—

877 623 985 673 lem
1517 623 1617 673 185

182 746 250 781 182
274 745 433 778 aderant
453 743 580 777 Medic.
604 755 624 776 a
647 755 700 788 pr.
723 755 769 775 m.
819 742 941 775 omina
961 741 1053 773 bene
1075 738 1210 781 Heius„
1243 738 1415 772 librorum
1434 737 1618 771 meliorum

88 805 273 827 consensu.
321 792 439 835 vulgO,
467 792 599 832 omnia,
625 790 719 834 quod
745 801 828 822 sane
855 789 898 821 ad
924 787 1190 831 intelligendum
1208 786 1359 819 facilius.
1407 786 1477 819 Sed
1495 798 1526 819 v.
1545 793 1617 819 not.

89 842 156 876 183
181 843 230 873 Et
248 852 320 886 pro
339 852 375 872 n.
398 838 568 871 Rottend.
598 843 682 870 tert.
731 837 880 870 numine
909 843 1018 881 rapto
1048 835 1207 875 Oudart.‚
1242 833 1305 866 sed
1335 833 1437 866 laeso
1460 832 1619 874 doctius;

88 900 167 920 nam
191 887 286 919 laesa
312 886 400 928 dea,
436 886 532 930 quod
561 885 679 917 {uerat
706 890 820 928 rapta.

88 934 249 968 Medieeo
272 933 398 972 Pierii3
425 932 492 965 nisi
512 932 604 965 hunc
627 930 773 963 eundem
795 929 975 963 Fabricius
998 928 1166 974 respexit.

920 882 985 917 185
1021 883 1129 915 Hane
1161 882 1254 914 adeo
1276 882 1347 913 MS.
1374 879 1513 914 Fabric.
1543 892 1620 914 cum

1229 937 1351 961 tamen
1372 933 1490 968 recte,
1524 927 1620 973 quod

88 983 156 1014 vim
179 980 355 1025 propriam
376 980 434 1013 hio
453 980 605 1020 habere,
630 977 810 1021 intelliges
843 989 884 1010 ex
904 984 1026 1010 nostra
1053 975 1359 1021 interpretatione.
1408 976 1620 1008 immensum

89 1029 200 1063 Goth.
226 1034 321 1070 tert„
347 1039 388 1060 ex
409 1024 719 1073 interpretatione,
742 1031 782 1058 ut
807 1024 854 1058 sit
875 1036 940 1070 pro
959 1024 1137 1057 immense.

91 1148 217 1195 tinet,
250 1159 297 1184 eo
319 1145 485 1183 consilio
505 1145 657 1183 sactum
680 1149 750 1192 est,
780 1148 830 1180 ut

94 1210 238 1258 parent
265 1226 323 1232 —
350 1203 419 1241 sed
469 1209 587 1255 poeta
631 1201 828 1252 exquisite

92 1263 269 1301 medium
294 1261 489 1299 orationis
508 1260 733 1298 membrum
754 1272 829 1297 ne-

92 1321 231 1373 glexit.
264 1318 412 1372 (quod,
443 1320 467 1358 i.
499 1332 531 1357 e.
551 1318 662 1371 quod
686 1319 827 1355 attinet

93 1381 152 1418 ad
176 1380 242 1426 iel,
277 1378 396 1430 quod,
427 1377 546 1415 etiam
574 1375 828 1428 pedestribus

94 1437 359 1488 scriptoribus
386 1437 712 1487 frequentatum3
754 1446 828 1471 ex-

95 1496 223 1546 empla
252 1494 284 1531 si
316 1494 447 1545 cupis,
479 1492 545 1530 adi
578 1499 663 1530 not.
691 1491 828 1530 Heius.

97 1554 147 1591 ad
168 1552 288 1591 Ovid.
315 1552 438 1603 Epist.
462 1551 588 1598 XVII,
621 1551 688 1593 51.
715 1547 828 1602 lsVr.)

97 1626 214 1649 arma
234 1619 405 1660 parant,
437 1609 476 1647 h.
510 1622 541 1648 e.
569 1622 662 1660 opes
691 1615 732 1647 et
763 1621 833 1644 co-

99 1670 183 1721 pias
219 1668 380 1706 bellicas
423 1668 678 1714 instaurant,
741 1666 835 1703 deos

95 1734 251 1779 parant
273 1728 435 1762 comite-s·
456 1725 572 1762 saetis
597 1724 719 1761 sacris
745 1723 835 1774 pla-

101 1790 224 1822 catos.
289 1786 382 1824 182.
415 1785 482 1821 lta
516 1784 664 1833 digerit
697 1782 834 1818 omina

106 1842 296 1880 Calchas.
361 1841 421 1878 Ita
451 1842 609 1888 omina,
643 1837 836 1892 (monstra

101 1914 142 1939 v.
167 1898 264 1952 171)
297 1898 337 1937 h.
361 1912 392 1936 e.
419 1904 622 1936 ostentum
651 1910 722 1948 per
742 1896 837 1935 Pal-

102 1958 256 1996 ladium
289 1957 488 2004 oblatum,
521 1956 717 2006 simulque
754 1955 837 1992 eius

104 2015 355 2068 procurandi
396 2014 616 2061 rationem,
672 2013 833 2063 digerit,

106 2074 286 2121 ordinat,
318 2072 623 2123 interpretatur,
658 2069 837 2108 Calchas.

105 2132 171 2169 Sic
191 2131 355 2169 servius
380 2143 540 2181 quoque
560 2128 754 2181 accepisse
773 2127 839 2167 vi—

108 2190 238 2227 detur.

169 2250 263 2288 183.
315 2245 471 2283 Interea
512 2246 684 2292 monili,
748 2242 842 2281 Cal-

110 2304 265 2342 chamis
284 2305 454 2352 monim,
480 2318 557 2354 pro
578 2304 751 2350 numine,
784 2301 841 2338 si·-

109 2377 187 2412 gno
217 2362 417 2410 numinis,
461 2363 595 2408 lae-w,
629 2359 670 2397 h.
694 2373 725 2397 e.
748 2359 841 2397 Pal-

113 2420 208 2458 ladii
241 2419 353 2467 vice,
393 2432 472 2469 quo
502 2425 619 2469 rapto
648 2417 744 2455 deae
769 2417 842 2455 sibi

111 2480 211 2516 iram
235 2478 463 2515 const-avere
481 2506 490 2524 ,
523 2476 573 2513 ad
593 2475 843 2526 saerilegium

113 2535 384 2587 expiandum,
416 2535 523 2571 llam·
545 2534 742 2584 ffstgiem,
765 2533 844 2570 hoc

114 2594 207 2644 equi
236 2594 415 2643 signum,
448 2597 699 2641 statuerunt3
734 2590 844 2641 quod

115 2658 313 2703 quatenus
354 2649 505 2688 Palladi
551 2649 647 2699 poni
698 2655 845 2700 potue-

115 2712 171 2749 rit
190 2741 199 2759 ‚
270 2708 495 2760 quaesitum
547 2712 607 2743 est
661 2707 846 2744 Exeursu

118 2770 167 2807 ΙΙΙ
198 2768 248 2805 ad
276 2782 315 2806 v.
350 2766 413 2807 15.
442 2767 506 2805 16.
548 2762 845 2816 (‚,n11m‹›nlae-

118 2842 207 2864 sum
247 2831 305 2862 est
342 2824 495 2873 signum
544 2822 639 2859 deae
679 2822 847 2873 impuris

120 2885 300 2923 manibus
322 2886 614 2919 contrectatum
641 2886 680 2916 et
703 2886 845 2917 conta-

122 2943 366 2981 minatum.“
419 2938 528 2976 Haec
562 2938 774 2978 Wundcrl.
805 2938 846 2976 in

888 1141 1003 1181 Obss.
1041 1141 1083 1179 in
1127 1139 1273 1178 (sibun.
1298 1139 1335 1187 1,
1375 1141 1422 1188 3,
1465 1141 1534 1180 79.
1567 1162 1619 1168 -
1661 1117 1665 1129 ’

884 1215 960 1251 pro
1055 1213 1154 1250 pro,
1187 1197 1269 1236 vid.
1291 1198 1341 1245 Q.
1364 1197 1408 1235 V.
1432 1197 1621 1247 XXXIII,

888 1261 929 1300 9.
965 1255 1083 1310 lVr.)
1117 1256 1171 1294 At
1191 1256 1316 1293 Sinon
1337 1268 1422 1294 rem
1446 1254 1559 1293 hunc
1581 1256 1622 1293 in

887 1315 1054 1355 modum
1089 1315 1406 1365 interpretatur:
1446 1312 1624 1352 Achivos

887 1374 943 1412 ait
985 1372 1094 1411 hanc
1140 1371 1325 1410 fraudem
1373 1370 1624 1410 machinatos

887 1445 991 1481 esse,
1022 1437 1070 1469 ut
1092 1430 1257 1469 Troiani
1278 1429 1452 1468 vicissim
1476 1429 1528 1467 ad
1558 1443 1625 1467 sa-

888 1489 1095 1541 crilegium
1129 1487 1466 1526 committendum
1504 1488 1624 1540 pelli—

891 1554 1095 1595 cei-entur,
1115 1547 1284 1584 donario
1307 1546 1512 1584 Minervae
1533 1546 1626 1584 vio—

891 1607 997 1644 lato:
1019 1619 1098 1656 quo
1116 1606 1220 1642 sacto
1240 1604 1301 1642 ira
1323 1604 1420 1641 deae
1440 1604 1489 1641 ab
1502 1603 1625 1641 Achi-

892 1665 953 1702 vis
973 1664 1016 1701 in
1034 1663 1229 1700 Troianos
1250 1668 1503 1712 verteretur3
1534 1675 1625 1700 cum

892 1721 972 1760 hoe
1001 1727 1137 1758 tamen
1166 1720 1277 1758 aliud
1309 1720 1460 1757 malum
1493 1726 1626 1758 metu-

894 1779 1043 1817 endum
1064 1779 1185 1817 fuisse
1202 1777 1381 1826 Achivis,
1409 1777 1440 1814 si
1460 1778 1502 1816 in
1519 1784 1627 1815 tem-

894 1838 961 1890 plo
990 1837 1196 1875 Minervae
1219 1836 1262 1874 in
1294 1835 1471 1887 acropoli
1500 1836 1627 1874 collo-

895 1901 1057 1933 caretur
1087 1895 1322 1941 donarium,
1363 1895 1521 1944 Equus,
1553 1907 1627 1946 pro

895 1953 1094 2003 Palladi03
1143 1953 1201 1991 ita
1239 1952 1346 1990 enim
1386 1959 1629 1990 eventurum

897 2024 1002 2060 esse,
1030 2016 1177 2049 utnon
1201 2010 1322 2048 modo
1349 2010 1469 2048 Troia
1496 2023 1629 2062 expu-

898 2069 1013 2121 gnari
1041 2075 1235 2120 nequeat,
1266 2081 1411 2107 verum
1439 2074 1488 2106 ut
1506 2068 1629 2107 vicis-

899 2128 974 2165 sim
994 2127 1160 2165 Troiani
1194 2126 1357 2165 Achivis
1383 2126 1533 2164 bellum
1562 2126 1629 2164 in-

900 2186 1056 2235 ferant3
1097 2185 1176 2223 hoc
1204 2198 1270 2223 eos
1296 2197 1437 2222 cavere
1456 2184 1630 2223 voluisse

902 2244 1071 2282 donario
1109 2244 1151 2281 in
1191 2249 1345 2281 tantam
1382 2241 1630 2294 magnitudi-

901 2315 994 2339 nem
1037 2308 1272 2351 exstructo,
1324 2313 1374 2338 ne
1405 2300 1448 2339 in
1488 2299 1632 2339 urbem

900 2360 1039 2398 induci
1076 2366 1221 2412 posset.
1293 2358 1408 2406 Quae
1445 2372 1555 2396 nunc
1592 2369 1632 2394 se

902 2417 1084 2455 Troianis
1114 2417 1287 2470 prodere
1312 2417 1414 2455 velle
1449 2417 1524 2465 ait,
1567 2428 1631 2464 ne,

902 2475 1116 2514 donarium
1155 2474 1383 2523 laedendo,
1441 2473 1633 2524 sacrilegii

901 2540 1059 2572 reatum
1107 2532 1378 2581 contrahant3
1437 2538 1476 2569 et
1522 2544 1632 2580 vero,

902 2605 1004 2642 equo
1025 2592 1068 2629 in
1094 2593 1236 2630 urbem
1259 2589 1449 2639 inducto,
1488 2589 1634 2627 vatici-

904 2650 1015 2687 nium
1047 2656 1094 2687 ut
1122 2650 1162 2687 in
1192 2662 1277 2687 rem
1314 2661 1427 2684 suam
1450 2653 1635 2696 vertant5

905 2721 998 2744 nam
1038 2720 1084 2745 eo
1123 2709 1231 2745 sacto
1279 2706 1395 2743 deam
1436 2705 1635 2756 placatam

904 2765 1173 2804 Troianorum
1192 2764 1371 2803 studium
1391 2769 1551 2801 tantum
1572 2776 1635 2800 es—

906 2836 946 2860 se
980 2831 1278 2876 suscepturam,
1319 2827 1367 2860 ut
1401 2835 1484 2859 non
1514 2820 1636 2859 modo

906 2881 1048 2919 urbem
1085 2887 1273 2930 tueatur,
1339 2892 1482 2918 verum
1518 2879 1637 2916 etiam

908 2939 994 2977 vice
1014 2952 1129 2978 versa
1149 2937 1311 2978 Troiani
1337 2935 1510 2976 Achivos
1533 2936 1637 2975 bello
