1779 3420
44 243 145 290 996
353 236 406 284 P.
443 231 815 284 VIRGILII
852 228 1231 278 MARONIS

45 370 221 431 Atque
243 362 330 411 hic
352 364 585 420 Aeneas;
624 375 731 407 una
754 372 992 422 namque
1015 356 1091 403 ire
1118 352 1332 402 videbat

44 434 334 500 Egregium
356 429 533 480 forma
553 430 805 478 iuvenem
828 436 880 476 ct
908 424 1239 489 fulgentibus
1266 423 1441 484 armis,

49 505 158 555 Sed
182 503 331 552 frons
353 501 487 551 laeta
510 516 726 566 parum,
767 506 821 546 et
848 496 1058 545 deiecto
1085 495 1290 544 lumina
1312 493 1488 543 voltu:

48 576 204 639 QuiS,
242 582 418 641 pater,
453 570 564 633 ille,
595 570 771 617 virum
801 566 892 632 qui
920 566 992 614 sic
1016 565 1302 614 comitatur
1325 568 1583 613 euntem?

45 646 232 708 Filius,
271 659 409 692 anne
432 639 618 706 aliquis
641 653 833 701 magna
861 635 929 684 de
955 635 1117 700 stirpe
1141 640 1443 699 nepotum?
1483 637 1582 684 865

49 717 179 780 Quis
217 713 467 779 strepitus
514 711 648 759 circa
695 707 982 757 comitum!
1030 713 1294 771 quantum
1329 704 1492 752 instar
1531 704 1582 751 in

840 776 981 843 ipso!

119 871 232 920 866.
272 867 377 927 QUI
522 875 639 910 1Pso
678 865 796 909 Es‘r!

141 997 211 1032 862
237 994 436 1041 Egregium
455 990 616 1038 sormam
641 991 766 1035 fragm.
792 988 931 1031 Vatic.‚
958 990 1041 1031 (non
1065 986 1136 1029 ita,
1162 986 1226 1019 sed
1252 984 1466 1031 aegregium
1493 981 1585 1029 Jor-

48 1056 160 1081 manu
187 1042 255 1075 vid.
284 1043 325 1074 V.
352 1042 391 1073 L.
417 1039 462 1072 ad
489 1040 532 1079 V,
559 1040 660 1078 57o.;
688 1037 824 1070 adscita
859 1050 892 1069 m
928 1048 968 1068 ex
1006 1034 1187 1067 vocabulis
1222 1032 1398 1077 utrimque
1437 1030 1586 1075 positis;

48 1092 115 1123 vid.
142 1092 185 1123 V.
216 1090 255 1122 L.
282 1089 327 1121 ad
345 1089 368 1127 Ι,
391 1088 470 1121 104.
496 1087 591 1127 IVr.)
620 1085 714 1117 felici
731 1085 843 1129 lapsu.
888 1091 923 1116 et
941 1083 1042 1116 deest
1061 1082 1150 1114 binis
1168 1083 1283 1114 Burm.
1383 1079 1452 1113 863
1469 1076 1587 1124 siuns

49 1140 171 1181 fragm.
198 1136 311 1170 Vatic.
337 1148 355 1168 a
383 1147 435 1179 pr.
463 1146 507 1166 m.
559 1133 593 1165 d.
623 1133 760 1165 lunzc'ne
785 1132 913 1164 vultus
938 1143 1008 1163 sec.
1034 1130 1162 1162 Moret.
1213 1128 1351 1161 lumine
1377 1126 1484 1158 vultu
1503 1130 1585 1157 tert.

50 1186 217 1218 Rottend.
315 1184 383 1217 865
413 1194 461 1214 an
488 1181 543 1213 ed.
572 1182 658 1212 lunt.
756 1180 825 1214 866
862 1179 932 1220 (mi
968 1177 1089 1210 Ileins.
1125 1176 1263 1219 recepit
1299 1180 1475 1218 tamquam
1510 1172 1586 1204 ele—

49 1232 186 1277 gantius
213 1243 254 1263 ex
280 1230 370 1262 Gud.
397 1241 416 1262 a
446 1241 489 1261 m.
516 1241 589 1273 plu,
619 1226 866 1270 nonnullisque
892 1225 982 1258 aliis.
1032 1226 1071 1256 In
1110 1224 1234 1267 fragm.
1272 1221 1384 1254 Vatic.
1417 1220 1587 1262 Qm'stre-

44 1280 168 1327 pictus.
219 1276 387 1322 (Restitui
414 1277 521 1318 Quis3
556 1274 625 1307 vid.
654 1276 695 1315 Q.
722 1275 766 1306 V.
791 1274 910 1314 XXII,
943 1273 977 1309 3.
1020 1272 1119 1314 lVr.)
1172 1278 1227 1303 est
1265 1269 1365 1301 abest
1401 1280 1421 1300 a
1458 1266 1585 1298 Medic.

49 1329 150 1360 Rom.
177 1326 317 1370 (fragm.
343 1324 459 1358 Vatic.
491 1323 588 1366 JVs.)
624 1329 657 1354 et
683 1321 862 1367 plerisque
888 1326 1033 1360 vetust.;
1070 1319 1187 1362 itaque
1213 1316 1336 1349 Heins.
1363 1319 1586 1359 expunxerat.

50 1375 181 1418 (recte3
215 1373 285 1406 vid.
312 1373 354 1413 Q.
389 1372 433 1404 V.
466 1371 550 1412 XV,
586 1370 621 1412 7,
658 1381 687 1403 e.
738 1369 827 1401 Hinc
860 1379 977 1401 rursus
1014 1365 1152 1400 sustuli.
1200 1365 1324 1399 Exstat
1357 1370 1413 1395 est
1448 1361 1484 1394 in
1518 1361 1587 1393 Pa-

49 1423 110 1455 lat.
140 1421 238 1465 Wr.)

50 1527 285 1566 imminente
304 1526 408 1564 bello
430 1525 582 1564 Gallico
600 1524 641 1563 in
660 1523 787 1562 Italia.

50 1586 133 1626 vid.
157 1586 235 1624 Cic.
259 1585 359 1624 Phil.
378 1585 481 1634 Vssl,
503 1588 539 1626 1,
572 1585 684 1622 Serv.
714 1583 787 1620 inf.

52 1645 104 1683 ad
127 1644 230 1693 VIII,
252 1643 291 1684 4.
323 1658 440 1696 eques
456 1657 495 1681 v.
517 1643 601 1684 859
622 1655 673 1679 ex
689 1654 788 1693 poe-

52 1704 135 1742 tico
158 1715 341 1740 sermone
363 1701 416 1739 ad
441 1701 634 1739 maiorem
658 1700 789 1750 digni-

52 1768 179 1800 tatem
196 1774 294 1812 pro,
325 1760 521 1810 bellator,
554 1758 653 1796 dux.
707 1758 790 1796 Oc—

54 1819 183 1858 currit
202 1824 241 1855 et
262 1818 367 1857 alibi.

113 1879 193 1919 861
209 1877 372 1918 -867.
404 1873 675 1911 Imitationem
698 1872 792 1911 vide

55 1937 165 1987 apud
182 1933 324 1971 Silium
344 1932 450 1981 XIII,
472 1934 555 1974 778
578 1945 699 1982 seqq„
721 1930 792 1968 ubi

56 1994 105 2032 de
136 1992 302 2031 Homeri
338 1991 495 2030 umbra.
556 1988 792 2042 Comparari

55 2063 215 2103 quoque
254 2055 389 2102 potest
429 2061 617 2087 recensus
654 2047 792 2085 similis

56 2109 165 2162 apud
189 2108 326 2160 Eurip.
357 2106 560 2146 Phoeniss.
595 2109 677 2149 120
709 2119 794 2157 sqq.

59 2168 140 2210 147
170 2180 227 2218 sq.
289 2168 454 2205 Summa
493 2164 634 2218 populi
662 2165 709 2203 R.
745 2164 795 2202 de

55 2225 110 2265 M.
129 2224 334 2274 Marcelli,
365 2224 546 2275 Augusto
578 2237 629 2261 ex
656 2235 795 2261 sorore

58 2283 235 2336 nepotiS,
259 2283 481 2321 virtutibus
502 2287 685 2334 suscepta
709 2287 796 2319 erat

59 2341 299 2393 expectatio.
331 2341 414 2380 vid.
434 2341 507 2379 Dio
535 2341 640 2378 Cass.
665 2340 708 2378 L.
729 2339 795 2389 III,

60 2403 115 2442 30
147 2406 187 2437 et
216 2399 308 2438 Vita
341 2399 495 2451 Virgilii
534 2399 586 2437 ad
630 2412 663 2436 a.
698 2401 796 2440 731.

61 2458 132 2495 Est
171 2457 278 2495 idem
300 2487 311 2506 ,
369 2457 418 2495 de
460 2471 540 2508 quo
582 2456 798 2494 Horatius:

67 2516 215 2553 Crescit
235 2516 387 2552 occulto
414 2516 522 2553 velut
551 2515 668 2553 arbor
695 2528 795 2552 aevo

64 2574 201 2611 Fama
251 2574 459 2611 Marcelli.
542 2573 676 2624 Elegia
722 2572 798 2609 alia

64 2631 241 2682 Interpp.
265 2636 464 2669 notarunt
497 2644 548 2669 ex
573 2630 726 2669 Velleio
751 2630 798 2679 II,

65 2691 119 2731 93
142 2695 181 2726 et
200 2690 348 2726 Seneca
370 2689 527 2727 Consol.
542 2688 592 2727 ad
607 2689 799 2726 Marciam

66 2761 98 2784 c.
122 2750 161 2788 2.
199 2746 314 2796 frons
334 2747 443 2783 laeta
461 2761 614 2797 parum
628 2776 638 2794 ,
682 2759 799 2783 omen

66 2803 209 2842 mortis
228 2805 478 2842 immaturae.
518 2804 717 2842 Volebant
736 2809 800 2840 ta—

66 2876 157 2901 men
181 2862 260 2900 viri
287 2861 395 2900 docti
423 2860 802 2900 frontem-Marcelli

67 2921 224 2959 tristem
245 2934 455 2971 agnoscere
477 2920 520 2957 in
547 2933 700 2971 gemma
733 2932 801 2956 ar-

70 2978 184 3016 tificis
222 2978 492 3031 Epitynchani
536 2977 697 3016 nomine
728 2990 801 3029 per

846 1521 1044 1570 fraudem,
1079 1520 1189 1572 quod
1215 1519 1410 1571 suspicor,
1443 1517 1588 1555 inscri-

847 1587 917 1633 pta
952 1579 1062 1632 apud
1102 1579 1234 1617 Ursiu.
1264 1579 1408 1629 Imagg.
1443 1589 1481 1614 n.
1520 1577 1587 1623 87,

847 1640 919 1677 ubi
948 1653 986 1678 v.
1020 1639 1071 1676 Io.
1104 1638 1224 1675 Fabri
1256 1638 1501 1682 confluent„
1533 1633 1584 1670 ad

849 1698 962 1736 cuius
983 1696 1284 1735 similitudinem
1310 1695 1446 1747 plures
1478 1705 1589 1743 gem-

848 1769 933 1794 mas
958 1756 1105 1807 passim
1134 1755 1175 1792 in
1206 1754 1314 1792 idem
1344 1764 1489 1791 nomen
1524 1750 1588 1787 in-

852 1813 1063 1865 terpretati
1093 1819 1210 1850 sunt:
1242 1819 1325 1850 tres
1355 1809 1465 1862 apud
1496 1808 1588 1859 Lip-

850 1877 953 1924 pert.
990 1871 1144 1922 Dactyl.
1174 1876 1212 1907 et
1252 1870 1391 1921 Capita
1420 1865 1590 1918 Augusti

852 1937 892 1969 et
912 1929 1090 1967 Marcelli
1115 1929 1251 1980 iugata
1284 1934 1325 1965 et
1357 1926 1492 1965 velata
1519 1924 1590 1962 Fi-

852 1989 1040 2027 coronius
1063 1987 1191 2025 edidit
1214 1985 1399 2039 (Vesligi
1426 1985 1470 2022 cli
1500 1985 1589 2020 Ro-

852 2061 922 2084 ma
941 2048 1079 2084 antica
1117 2046 1175 2083 acl
1199 2059 1289 2096 pag.
1327 2041 1439 2096 145).
1501 2041 1589 2079 Au-

854 2105 1082 2143 ctoritatem
1113 2111 1247 2142 tamen
1274 2101 1464 2140 idoneam
1497 2100 1590 2138 ubi—

854 2176 931 2214 que
994 2162 1191 2200 desidero.

855 2234 1015 2273 quoque
1032 2220 1268 2259 Marcellum
1287 2219 1360 2256 sibi
1391 2218 1465 2256 visi
1497 2223 1590 2255 sunt

854 2280 934 2319 viri
973 2279 1084 2317 docti
1116 2280 1158 2317 in
1195 2277 1349 2316 Achate
1379 2275 1590 2314 Tiberiana

856 2344 894 2376 et
923 2339 964 2376 in
998 2351 1122 2376 numo
1165 2335 1326 2389 Seguini
1348 2365 1358 2384 ,
1411 2335 1531 2372 etiam
1570 2348 1590 2370 a

855 2395 1100 2448 Spanhemio
1117 2396 1290 2448 repetito
1315 2394 1364 2432 de
1390 2393 1473 2431 Usu
1503 2392 1591 2429 Nu-

855 2455 986 2494 mism.
1015 2455 1126 2493 Toni.
1162 2454 1207 2504 II,
1245 2468 1281 2505 p.
1310 2454 1406 2500 316,
1436 2451 1478 2489 in
1510 2464 1590 2501 quo

855 2519 991 2551 tamen
1011 2519 1134 2565 caput
1154 2510 1328 2551 iuvenile
1354 2510 1466 2548 nullo
1499 2522 1591 2546 cum

858 2577 1094 2623 argumento
1135 2571 1187 2609 ad
1217 2568 1449 2608 Marcellum
1482 2565 1589 2605 trahi

859 2630 1015 2668 dudum
1045 2630 1218 2667 docuere
1261 2626 1340 2666 viri
1379 2625 1509 2672 docti,
1553 2630 1591 2660 et

858 2701 989 2739 nuper
1041 2687 1199 2725 monuit
1252 2683 1415 2723 Eckhel.
1465 2682 1590 2719 Catal.

858 2746 960 2784 Mus.
985 2746 1093 2783 Caes.
1112 2743 1286 2783 Vindob.
1309 2742 1348 2779 Ρ.
1377 2741 1423 2790 H,
1457 2755 1495 2792 p.
1523 2739 1589 2782 47.

860 2809 898 2840 et
919 2817 1029 2841 nunc
1052 2803 1133 2840 duo
1155 2815 1299 2839 numos
1317 2799 1496 2837 Marcelli
1524 2812 1592 2835 ca—

1283 2159 1591 2212 Deprehendere

859 2867 935 2912 put
966 2861 1167 2912 praeferre
1199 2859 1328 2897 dictos
1354 2857 1487 2909 palam
1518 2856 1593 2894 da-

859 2919 1015 2956 mnavit
1049 2919 1091 2956 in
1137 2919 1262 2957 Notit.
1309 2916 1477 2954 Numor.
1514 2920 1592 2953 vet.

861 2976 947 3015 Vol.
971 2977 1033 3026 VI,
1061 2991 1100 3029 p.
1123 2980 1216 3019 162.
1254 2982 1450 3028 quantum
1468 2975 1596 3010 instar
