1827 3436
395 203 813 259 AENEIDOS
852 202 999 251 LIB.
1037 202 1103 264 ΙΙ,
1138 203 1433 253 587-604
1574 205 1672 255 351

150 343 274 391 Non
300 337 445 404 prius
468 331 750 398 adspicie5‚
787 329 881 378 ubi
902 325 1107 377 fessum
1132 335 1301 377 aetate
1324 335 1608 393 parentem

152 407 393 476 Liqueris
414 403 719 455 Anchisen?
754 407 975 466 superet
995 398 1299 447 coniunxne
1327 399 1541 460 Creusa,

153 478 513 541 Ascaniusque
538 477 709 539 puer?
748 486 885 537 quos
911 469 1088 518 omnis
1114 468 1360 534 undique
1389 467 1576 517 Graiae

156 550 371 601 Circum
401 552 580 595 errant
601 543 761 605 acies,
794 549 870 600 et,
909 540 962 588 ni
991 555 1113 588 mea
1137 555 1261 588 cura
1283 538 1505 600 resistat,

154 623 265 670 Iam
289 616 539 666 flammae
556 612 795 672 tulerint,
819 610 1064 659 inimicus
1085 618 1136 659 et
1159 609 1395 658 hauserit
1412 608 1563 659 ensis,
1580 613 1681 660 600

153 694 276 741 Non
302 687 396 736 tibi
418 682 736 750 Tyndaridis
756 680 917 731 facies
940 681 1104 729 invisa
1122 682 1410 742 Lacaenae,

158 759 481 825 Culpatusve
504 755 673 813 Paris;
713 752 898 801 divom
920 750 1290 812 inclementia,
1331 748 1532 809 divom,

155 833 259 879 Has
286 827 474 878 evertit
497 841 628 891 opes
646 865 658 888 ,
698 823 997 888 sternitque
1022 837 1049 869 a
1073 820 1307 870 culmine
1331 819 1566 869 Troiam.

156 899 385 966 Adspice
406 918 418 948 2
473 910 711 962 namque
756 909 981 943 omnem
1004 932 1015 954 ,
1074 907 1211 957 quae
1261 905 1407 940 nunc
1447 887 1683 938 obducta

946 961 1118 1011 tuenti

253 1075 322 1111 596
347 1072 506 1118 aspicias
529 1069 629 1103 Leid.
655 1080 754 1101 unus.
802 1066 852 1101 ibi
875 1067 1002 1101 Medic.
1028 1079 1048 1100 a
1075 1079 1126 1111 pr.
1152 1078 1198 1099 m.
1294 1066 1363 1101 597
1387 1064 1582 1098 Anchisem
1600 1063 1682 1108 plu—

158 1121 247 1156 rimi.
298 1132 410 1166 super
435 1127 490 1152 esc
513 1117 614 1150 multi
648 1130 704 1162 ap.
738 1115 890 1148 Pieriam
925 1122 960 1147 et
997 1116 1111 1146 Burin.
1161 1114 1366 1160 coniuxque
1391 1112 1500 1147 Witt.
1550 1111 1684 1144 coniux

160 1176 357 1216 superetne
383 1169 538 1207 Creusa,
571 1164 666 1210 quod
691 1163 826 1196 suavius
860 1163 973 1201 soret,
1011 1161 1126 1194 nullus
1162 1161 1283 1194 habet.
1344 1159 1523 1204 (—-598.
1562 1168 1685 1191 omnes

159 1216 287 1252 Medic.
306 1213 401 1257 Wr.)
473 1214 542 1248 599
569 1213 779 1245 circuerant
794 1209 848 1241 ed.
861 1211 951 1243 Ven.
978 1208 1223 1254 (circwndant
1238 1207 1317 1240 Alb.
1338 1206 1434 1249 IVr.)
1508 1207 1578 1240 600
1597 1203 1684 1237 abs—

160 1264 315 1297 tulerint
340 1261 455 1304 Bigot.
499 1260 737 1303 inimicusque
771 1256 853 1289 edd.
888 1263 971 1289 ante
1004 1256 1167 1288 Pierium.
1215 1255 1383 1288 hauserit
1414 1254 1514 1300 ignis
1538 1252 1683 1285 Oudai-t.

161 1323 180 1344 a
205 1323 260 1355 pr.
284 1321 330 1341 m.
364 1308 484 1352 (idque
509 1306 604 1339 ocius
637 1304 878 1349 reponendum
908 1303 1083 1346 praecipit
1108 1302 1249 1336 XVakef.
1276 1301 1321 1334 ad
1346 1302 1484 1333 Luci-et.
1511 1300 1555 1340 V,
1581 1296 1683 1333 1284„

168 1357 261 1401 W.)
360 1357 427 1390 601
454 1353 519 1386 tibi
543 1354 663 1386 invisa
688 1352 803 1394 iunge.
853 1350 972 1383 Nolim
997 1362 1072 1383 cum
1098 1349 1172 1381 viro
1199 1349 1304 1382 docto
1330 1349 1475 1391 iungere
1492 1345 1558 1379 tibi
1576 1359 1685 1379 euer-

161 1406 217 1437 tic.
268 1402 408 1447 (Melius
434 1400 516 1440 tibi,
543 1399 638 1445 quod
662 1399 773 1431 habet
798 1396 931 1430 doloris
968 1396 1260 1441 significationem
1288 1395 1322 1427 h.
1348 1395 1385 1436 l,
1411 1414 1455 1419 --
1480 1393 1549 1427 vid.
1574 1395 1619 1427 V.
1644 1393 1684 1426 L.

161 1452 206 1484 ad
230 1453 315 1483 Aen.
342 1451 369 1491 I,
392 1449 473 1483 2²61.
494 1467 538 1472 -
564 1459 640 1479 cum
665 1446 774 1478 verbo
801 1446 935 1477 evertit
959 1445 1101 1488 iunges3
1128 1442 1177 1476 sic
1201 1442 1340 1486 gravius
1368 1447 1422 1474 est
1445 1442 1578 1482 invisa,
1604 1440 1627 1473 i.
1654 1452 1683 1473 e„

161 1510 233 1531 non
256 1501 396 1530 Aeneae
421 1494 509 1536 soli,
535 1494 598 1527 sed
624 1493 784 1526 omnibus
811 1490 995 1532 Troianis,
1026 1491 1131 1524 aliter
1167 1490 1269 1522 etiam
1301 1489 1346 1522 ad
1380 1500 1533 1532 sequens
1568 1487 1685 1533 parti-

162 1544 292 1589 cipium
319 1544 491 1589 culpatus
516 1541 602 1574 illud
636 1539 703 1573 tibi
734 1539 957 1571 referendum
990 1538 1074 1578 erit,
1109 1537 1203 1582 quod
1235 1547 1308 1569 non
1340 1535 1524 1580 procedit3
1570 1546 1686 1579 neque

163 1592 254 1625 enim
279 1591 314 1624 in
339 1589 498 1623 Paridem
523 1594 627 1622 antea
651 1586 829 1619 invehitur
854 1589 1000 1618 Aeneas.
1040 1586 1137 1628 117.)
1236 1584 1306 1619 602
1343 1584 1467 1616 divum
1503 1584 1526 1616 i.
1561 1583 1686 1616 divum

162 1645 259 1673 recte
285 1638 437 1683 probata
462 1642 546 1681 post
570 1633 722 1668 Pieriam
748 1640 783 1666 ct
809 1632 896 1665 alios
919 1631 1066 1665 Heinsio
1099 1630 1230 1672 lectio,
1266 1629 1481 1675 optimorum
1515 1629 1687 1662 librorum

164 1693 201 1719 et
227 1683 530 1730 grammaticorum
556 1681 780 1715 auctoritate.
829 1680 945 1724 Vulgo
973 1679 1052 1712 edd.
1079 1691 1204 1712 verum
1229 1678 1314 1711 incl.
1342 1677 1395 1715 ὠς
1427 1677 1489 1721 (sic
1524 1689 1543 1710 e
1576 1677 1686 1710 Paris.

162 1744 248 1766 unus
277 1734 331 1767 13.
361 1730 457 1773 IVr.)
483 1730 642 1775 plerique
666 1725 838 1760 Pieriani:
873 1728 938 1760 sed
963 1728 1057 1759 enim
1081 1726 1166 1759 incl.
1194 1725 1229 1758 d.
1279 1728 1398 1770 Sprot.
1426 1736 1575 1756 saevum
1600 1725 1623 1757 i.
1649 1724 1686 1756 d.

163 1779 328 1815 (saevum
354 1777 457 1811 etiam
484 1777 562 1809 Alb.
594 1775 687 1818 lVr.)
728 1774 862 1807 Zulich.
894 1786 913 1807 a
938 1786 983 1806 m.
1007 1785 1060 1818 pr.
1088 1785 1249 1818 unquam
1270 1773 1294 1805 ι’.
1319 1772 1354 1805 d.
1404 1771 1520 1815 Bigot.
1552 1772 1687 1804 Divum

162 1828 188 1861 i.
215 1827 374 1861 summis.
470 1825 538 1859 603
564 1823 697 1856 sternit
721 1835 744 1854 a
767 1821 866 1854 Leid.
891 1833 948 1854 un.
973 1833 992 1854 a
1017 1833 1061 1855 m.
1088 1832 1142 1865 pr.
1170 1826 1206 1852 ct
1229 1820 1333 1853 Voss.
1429 1817 1499 1855 604
1523 1818 1688 1852 adducta

165 1874 306 1918 Menag.
332 1885 386 1917 pr.
436 1872 580 1904 tim-enti
601 1869 738 1903 Zulich.
762 1880 828 1915 pro
855 1868 923 1901 div.
948 1867 1032 1901 lect.

165 1957 214 1995 ab
236 1956 322 2009 ipsa
341 1962 518 1994 amatum
533 1984 542 2002 ‚
561 1958 726 1992 tueatur
746 1966 791 1989 ac
810 1965 897 1989 ser-

166 2021 257 2063 vet,
293 2020 332 2052 et
352 2015 407 2052 sic
425 2012 609 2051 Servius:
641 2019 676 2048 et
698 2011 771 2048 hoc
791 2010 892 2057 loco,

166 2082 209 2111 ιιι
236 2073 355 2120 solet,
411 2085 537 2109 unam
578 2084 618 2106 se
658 2068 706 2106 cle
735 2068 897 2106 Aeneae

154 2130 332 2182 familia
357 2129 482 2180 flacit.
552 2127 636 2166 Nisi
672 2124 899 2165 reverentia

168 2194 247 2234 est,
279 2201 399 2238 quam
424 2187 556 2225 Venus
587 2184 711 2235 exigit
740 2183 783 2221 in
809 2182 899 2231 hoc,

169 2259 218 2283 ne
236 2245 430 2292 Helenae,
452 2257 571 2295 quam
591 2243 675 2294 ipsa
698 2242 899 2289 tuebatur,

168 2303 274 2341 filius
300 2302 488 2340 iniuriam
522 2302 680 2339 faceret.
749 2299 899 2338 Verum

169 2361 375 2412 sequentia
410 2359 460 2397 ad
496 2359 610 2411 prius
641 2356 746 2395 illud
776 2371 899 2395 revo-

170 2425 275 2457 cant.
338 2419 433 2460 596.
466 2418 694 2467 adspicies,
727 2421 775 2454 ut
799 2428 900 2467 poe-

173 2482 225 2524 ta,
245 2490 318 2528 pro
338 2477 647 2526 circumspicies.
712 2473 808 2515 598.
833 2472 901 2523 qui

171 2534 331 2572 flamma
360 2539 400 2571 et
438 2534 545 2571 ferro
581 2531 738 2571 dudum
768 2532 902 2583 perie-

171 2598 287 2640 rant,
321 2591 396 2629 nisi
458 2594 553 2632 600.
595 2604 693 2642 quos
726 2590 905 2627 hauserit

174 2651 300 2697 ensis,
351 2655 399 2686 ut
436 2648 584 2700 passim
637 2654 780 2698 poetae
800 2678 809 2696 ,
862 2660 903 2685 v.

177 2705 370 2744 Drakenb.
390 2707 442 2744 ad
462 2706 601 2744 Silium
628 2706 674 2754 V,
707 2704 803 2754 524,
828 2718 902 2756 pro

175 2763 388 2801 confodere
408 2793 418 2812 ,
466 2763 711 2814 transigere,
765 2758 904 2813 ἀφύσ-

177 2832 262 2859 σειν
298 2820 461 2859 Homer.
501 2827 549 2859 ut
590 2820 702 2861 fliad.
730 2821 770 2870 ξ,
796 2820 900 2862 517;

176 2876 372 2927 primum,
401 2877 590 2916 hauritur
613 2878 771 2930 sanguis
795 2890 904 2916 ense:

175 2933 272 2971 hinc
290 2933 375 2985 ipse
392 2935 495 2973 ensis
522 2934 680 2986 hamit3
718 2941 765 2975 ut
797 2934 903 2976 hau-

955 1950 1056 1999 riat,
1087 1954 1294 2001 penetrat,
1335 1947 1536 1999 transfigit
1567 1947 1686 1996 latus,

956 2022 1125 2060 corpuS,
1159 2013 1207 2045 ut
1225 2008 1276 2055 X,
1298 2006 1393 2048 314.

1015 2068 1273 2108 (iot—603.
1314 2064 1403 2102 Non
1447 2070 1531 2102 tam
1577 2063 1688 2102 Paris

957 2130 997 2162 et
1020 2124 1172 2161 Helena
1191 2122 1334 2160 Troiae
1354 2135 1514 2161 eversae
1545 2128 1688 2160 aucto-

958 2195 1021 2219 res
1040 2188 1156 2230 sunt,
1188 2194 1309 2231 quam
1337 2180 1554 2232 repetenda
1582 2180 1689 2217 cala-

958 2241 1073 2277 mitas
1102 2253 1123 2276 a
1154 2239 1323 2277 deorum
1350 2239 1420 2276 ira.
1482 2237 1690 2275 Sententia

958 2311 1008 2335 ex
1024 2297 1170 2335 Priami
1187 2296 1321 2334 verbis
1342 2296 1449 2348 apud
1467 2296 1690 2334 Homerum

957 2356 1082 2407 petita
1112 2354 1223 2392 Iliad.
1253 2371 1299 2407 y,
1336 2353 1429 2395 164.
1465 2354 1556 2396 165.
1586 2353 1690 2392 adde

958 2413 1101 2465 Odys‘S.
1124 2430 1162 2462 α,
1197 2410 1293 2453 347.
1322 2410 1405 2453 348
1433 2419 1473 2450 et
1504 2413 1691 2463 frequens

959 2471 1069 2524 apud
1083 2477 1247 2511 veteres.
1265 2484 1302 2511 v.
1322 2470 1448 2507 Cerda
1460 2476 1552 2522 post
1565 2470 1690 2508 Guel—

959 2530 1070 2568 lium.
1138 2529 1535 2581 'l'j'rzcl417‘iclisJ'aeies
1558 2531 1691 2566 invisa

961 2590 1181 2626 Lacaenae
1222 2592 1363 2624 ornate
1411 2600 1486 2638 pro
1527 2586 1691 2635 Helena,

960 2641 1019 2686 Ov’
1056 2641 1132 2699 γάρ
1174 2660 1235 2685 τοι
1271 2642 1410 2696 Ἑλένη
1442 2643 1552 2684 πέλει
1584 2645 1692 2695 αἰτίη

961 2709 1036 2742 etc.
1060 2717 1098 2742 v.
1116 2716 1176 2754 ap.
1196 2702 1338 2750 Quint.
1364 2702 1444 2741 Cal.
1468 2702 1574 2751 Xffl,
1596 2702 1691 2743 412.

961 2763 1173 2812 culpatus,
1210 2775 1284 2812 pro
1302 2760 1486 2812 graviore
1505 2773 1595 2799 voc,
1621 2772 1693 2797 nem

962 2819 1133 2868 faudus,
1189 2818 1387 2856 scelestus.
1468 2818 1534 2856 Sic
1577 2817 1694 2869 culpa

961 2891 1036 2928 pro
1070 2876 1228 2915 scelere.
1284 2890 1311 2914 a
1350 2876 1524 2914 eulmine
1538 2904 1549 2924 ‚
1601 2868 1694 2915 κατ’

961 2931 1100 2990 ἄκρας.
1130 2948 1169 2975 v.
1188 2947 1275 2987 sup.
1292 2936 1388 2978 290.
