1779 3420
135 244 238 292 278
465 237 520 286 P.
559 234 916 286 VIRGILII
965 231 1345 280 MARONIS

138 367 304 427 Vera,
333 362 532 429 inquit3
571 377 752 427 neque
777 376 867 408 me
887 355 1128 420 Argolica
1159 356 1227 405 de
1246 363 1408 421 gente
1428 355 1664 419 negabo:

136 438 256 485 Hoc
286 433 553 500 primum3
592 447 722 493 nec,
759 430 800 478 si
832 430 1092 477 miserum
1128 429 1367 476 Fortuna
1402 425 1665 474 Sinonem

137 504 333 568 Finxit,
372 519 571 552 vanum
615 501 776 550 etiam
818 496 1254 564 mendacemque
1287 495 1517 562 inproba
1562 494 1667 544 fin-

966 575 1032 617 et.

140 643 330 694 Fando
360 640 582 709 aliquod
608 640 650 689 si
676 637 820 687 forte
841 582 961 686 tua}
977 636 1225 702 pervenit
1251 635 1320 684 ad
1348 636 1486 684 auris
1601 571 1668 619 80

141 713 359 764 Belidae
390 728 596 761 nomen
621 706 923 770 Palamedis
954 715 1007 756 et
1024 706 1221 755 incluta
1239 704 1382 754 fama

235 855 282 891 78
307 855 426 893 Vera,
452 863 519 884 nec
537 848 718 897 Argolica
739 861 794 882 me
811 849 884 882 iam
902 848 947 881 de
969 847 1024 881 ed.
1044 847 1136 881 Ven.
1160 846 1204 880 ab
1224 844 1501 891 interpolatore,
1526 845 1587 890 qui
1611 848 1671 880 in-

142 903 222 948 quit
247 913 318 935 non
346 899 484 932 ferebat
511 904 594 943 post
615 895 741 943 satur.
836 897 882 931 79
907 907 954 928 ne
973 895 1006 928 si
1035 895 1126 927 ven.
1157 901 1191 926 et
1222 893 1277 927 ed.
1307 894 1397 927 Ven.
1493 894 1540 928 80
1554 894 1674 940 fingit

143 949 236 983 Gud.
266 960 285 981 e
313 947 427 981 tribus
450 944 539 978 aliis.
579 944 710 990 fingat
741 944 796 978 ed.
824 944 915 977 ven.
959 942 1075 986 finxit
1108 942 1213 974 Goth.
1244 947 1326 973 tert.
1376 942 1450 974 iam
1474 952 1613 973 vanum
1639 950 1675 974 ec

143 996 352 1030 mendacem
369 991 518 1026 Dorvill.
614 992 656 1025 81
683 989 835 1037 aliquod
853 989 1035 1035 praeclare
1059 988 1192 1030 Heins.,
1218 1000 1266 1021 sc.
1289 1000 1433 1028 nomen,
1469 999 1511 1020 ex
1529 987 1674 1032 optimis

143 1043 249 1077 codd.
285 1041 348 1086 (sic
375 1039 480 1073 etiam
514 1038 624 1072 Paris.
645 1039 678 1072 2.
697 1039 731 1073 3.
770 1038 865 1081 Wr.)
915 1035 1034 1080 Vulgo
1068 1036 1171 1068 etiam
1202 1034 1295 1080 apud
1315 1033 1570 1067 Grammaticos
1601 1036 1674 1068 all—

144 1090 243 1137 quid.
271 1090 324 1133 (ut
342 1087 451 1121 Palat.
472 1094 506 1119 et
527 1086 606 1119 Alb.
635 1085 732 1128 Wr.)
758 1098 790 1118 v.
812 1084 935 1117 Heius.
965 1090 1001 1116 et
1028 1084 1212 1116 Burmann.
1308 1083 1356 1117 82
1382 1081 1534 1114 Carisius
1562 1089 1674 1124 notat,

144 1143 284 1170 veteres
303 1134 432 1180 legisse
458 1133 600 1175 Belida‚
625 1132 804 1177 quomodo
826 1129 1024 1175 Σιμωνίδα
1047 1137 1082 1163 et
1114 1128 1289 1164 Λεωνίδα
1319 1141 1383 1173 pro
1413 1128 1609 1163 Λεωνίδου
1640 1136 1676 1163 et

146 1182 363 1228 Σιμωνίδου
385 1181 567 1222 dicebant,
592 1186 739 1213 notante
759 1179 918 1212 Heinsio.
967 1179 1006 1210 In
1025 1176 1159 1210 Zulich.
1182 1188 1247 1220 pro
1278 1176 1346 1210 div.
1374 1176 1455 1209 lect.
1477 1177 1675 1223 Nauplide.

145 1233 184 1265 In
204 1230 354 1264 Belidae
371 1240 435 1273 pro
451 1226 691 1274 Naupliadae
703 1225 872 1272 prosodia
894 1225 1025 1257 haereo
1046 1224 1226 1267 ambiguus
1245 1223 1338 1256 inter
1359 1223 1533 1256 rationem
1554 1236 1676 1267 gram-

145 1277 308 1312 maticam
337 1284 371 1309 et
388 1287 496 1308 usum.
556 1273 592 1308 Si
625 1286 647 1307 a
679 1274 795 1308 Belus
825 1278 899 1313 est,
936 1284 1012 1304 esse
1039 1271 1150 1304 debet
1177 1270 1293 1303 media
1319 1270 1419 1303 brevi
1451 1271 1612 1304 Belides:
1638 1278 1677 1303 ut

145 1324 324 1366 Aeolides,
340 1321 561 1368 Phylacides.
597 1321 673 1354 Nec
689 1320 864 1366 producta
878 1319 938 1352 illa
958 1331 1034 1352 esse
1053 1324 1188 1365 potest,
1212 1316 1292 1359 nisi,
1315 1318 1373 1350 ubi
1393 1325 1471 1350 orta
1482 1329 1548 1350 vox
1570 1318 1678 1351 suerit

148 1385 190 1406 ex
213 1383 275 1412 ευς
292 1371 348 1404 vel
377 1381 434 1414 ης.
470 1381 502 1402 v.
525 1367 679 1413 Etymol.
708 1369 756 1401 M.
778 1367 813 1400 in
836 1363 1028 1411 Ἀτρείδης.
1078 1368 1146 1398 Aut
1175 1365 1295 1409 itaque
1321 1364 1528 1407 dicendum,
1552 1373 1678 1410 patro-

148 1419 322 1465 nymicum
342 1417 377 1451 h.
404 1417 427 1450 l.
453 1416 593 1449 ductum
614 1427 691 1448 esse
718 1427 738 1448 a
771 1410 936 1458 Βηλεύς,
971 1412 1065 1458 quod
1084 1424 1155 1445 non
1175 1412 1347 1452 occurrit3
1382 1418 1441 1444 aut
1459 1412 1679 1446 formandum

149 1467 339 1500 Heliades:
365 1464 461 1510 quod
482 1475 550 1496 non
572 1461 683 1506 magis
712 1461 882 1502 occurrit3
909 1460 959 1494 sic
979 1461 1082 1493 etiam
1102 1459 1278 1493 Danaides
1299 1472 1319 1492 a
1345 1459 1431 1492 Belo
1464 1459 1580 1493 dictae
1605 1463 1679 1493 Be-

149 1514 256 1557 lides,
283 1524 353 1546 non
382 1511 566 1545 Heliades.
615 1510 699 1542 Cum
725 1509 833 1554 igitur
856 1515 892 1542 et
922 1508 992 1541 hoc
1026 1507 1190 1552 exemplo
1222 1513 1363 1549 careat,
1389 1506 1530 1540 omnino
1561 1514 1679 1540 autem

209 1634 278 1673 77.
316 1630 428 1669 Haec
450 1629 610 1668 Sinonis
647 1628 776 1667 oratio
813 1640 884 1665 ex-

154 1689 251 1728 imio
264 1688 434 1727 artifieio
455 1693 514 1725 est
530 1687 763 1738 composita,
777 1685 887 1736 quod

153 1748 266 1787 facile
289 1747 333 1785 in
361 1746 522 1798 singulis
563 1744 784 1783 declarabit
820 1748 887 1781 in-

152 1813 322 1858 terpres,
353 1804 418 1844 vel
436 1803 711 1854 unusquisque
736 1801 808 1840 sibi
828 1801 888 1840 le-

154 1871 257 1903 ctor.
316 1862 350 1900 A
376 1865 482 1901 veris
511 1861 654 1913 incipit
686 1861 820 1899 dicere
851 1864 891 1897 et

155 1924 196 1961 in
231 1922 329 1960 salsa
365 1921 533 1969 desinit,
565 1927 614 1958 ut
643 1919 745 1957 bene
776 1920 888 1956 Serv.

155 1981 261 2019 Nota
307 1979 413 2017 euim
454 1984 572 2016 erant
610 1985 651 2016 et
698 1977 889 2024 consessa,

157 2051 260 2090 quae
308 2037 358 2076 de
402 2035 613 2075 Palamede
654 2041 692 2073 et
737 2034 891 2086 Ulyssis

158 2096 261 2135 odiis
292 2101 451 2144 narrat3
482 2107 625 2133 verum
657 2094 777 2132 etiam
795 2092 890 2130 Cal—

159 2154 316 2193 chantis
347 2166 605 2206 responsum,
636 2152 706 2190 sed
735 2165 756 2189 a
789 2151 894 2188 Tra-

158 2213 253 2265 gicis
288 2213 368 2250 sere
398 2211 625 2263 Polyxenae
655 2208 894 2248 sacrificium

160 2272 202 2309 in
214 2269 377 2309 Achillis
392 2269 550 2308 tumulo
564 2275 753 2307 tractum.
772 2268 895 2305 Prae-

163 2336 286 2377 terea,
317 2334 361 2366 ut
387 2327 509 2365 animi
527 2327 778 2366 audientium
799 2331 895 2363 tan-

164 2394 206 2425 to
229 2386 352 2437 magis
372 2386 596 2438 capiantur,
630 2385 751 2422 etiam
774 2384 896 2421 mise-

164 2445 362 2483 rationem
382 2450 537 2493 movet,
560 2443 743 2494 inprimis
760 2455 798 2479 v.
815 2442 896 2484 137

165 2516 262 2554 sqq„
293 2516 394 2552 quos
422 2502 504 2538 sine
542 2507 655 2538 motu
687 2499 804 2538 animi
826 2498 898 2536 vix

166 2561 357 2613 perlegaS.
421 2559 591 2597 Videtur
623 2558 723 2595 haec
754 2556 897 2604 oratio,

168 2618 242 2657 nisi
262 2631 313 2655 ex
334 2616 538 2667 tragoedia
561 2623 620 2653 est
643 2616 775 2662 ducta,
812 2620 899 2651 tota

168 2676 334 2728 Virgilio
384 2674 532 2713 deberi.
603 2674 719 2710 (lm-te
757 2673 796 2709 in
840 2672 900 2718 iis,

169 2749 269 2786 quos
289 2733 505 2780 habemus,
547 2732 702 2779 Quinto
732 2730 899 2767 Calabro

170 2799 212 2831 et
236 2791 534 2843 Tryphiod0r0,
567 2790 633 2840 qui
654 2788 900 2839 exscripsere

173 2857 349 2898 veteres,
389 2848 568 2897 Quintus
599 2847 761 2897 quidem
802 2859 900 2897 pro-

172 2910 262 2962 pius
286 2907 337 2945 ad
367 2912 576 2955 nostrum,
616 2920 637 2942 a
666 2905 815 2943 Sinone
843 2916 899 2951 ea,

174 2980 275 3018 quae
296 2966 336 3004 in
365 2964 546 3004 fraudem
580 2964 770 3011 finxerat,
803 2961 899 2999 sim·

947 1627 1106 1680 pliciter
1128 1631 1404 1678 exponuntur.
1434 1625 1680 1677 Cusnclasa-

947 1686 1053 1723 tebor
1078 1699 1200 1733 vera,
1240 1697 1355 1732 vere,
1384 1683 1517 1735 filet-il
1551 1683 1677 1735 quod-

946 1757 1100 1795 cunque
1122 1741 1163 1780 h.
1195 1755 1227 1780 e.
1264 1741 1458 1793 quicquid
1486 1742 1680 1791 evenerit,

946 1801 1125 1852 miliique
1142 1799 1288 1838 exinde
1308 1799 1513 1838 acciderit.
1575 1800 1682 1838 Bene

948 1862 1060 1898 Serv.
1087 1861 1115 1901 i.
1138 1873 1173 1896 e.
1200 1860 1425 1911 quicunque
1445 1872 1507 1895 me
1534 1872 1682 1910 sequa-

949 1926 1014 1956 tar
1035 1925 1211 1954 eventus,
1258 1914 1552 1969 (quodcumque
1574 1917 1682 1954 rese—

949 1974 1122 2014 rendum
1149 1974 1201 2012 ad
1227 1975 1406 2022 Ctmcta;
1438 1974 1524 2013 Liv,
1545 1974 1682 2024 XXX,

953 2037 1037 2076 17.:
1086 2063 1109 2082 „
1129 2033 1342 2084 Quidquid
1380 2031 1490 2071 aliud
1530 2032 1683 2082 fecerit,

953 2090 1064 2144 quod
1087 2090 1201 2129 cordi
1226 2091 1332 2129 soret
1361 2090 1604 2140 Masinissae,
1635 2104 1684 2128 ea

952 2156 1085 2203 patres
1112 2149 1386 2201 comprobare.
1400 2151 1424 2170 “
1483 2150 1543 2188 Ita
1572 2145 1683 2189 πάν-

953 2203 1197 2257 τες-ὅστις,
1218 2203 1433 2248 πάντα-’ὅ
1460 2223 1511 2257 τι,
1542 2221 1684 2258 quam—

956 2280 1076 2318 quam
1105 2265 1184 2303 hoc
1217 2266 1416 2303 Graecum
1449 2278 1532 2304 esse
1567 2271 1686 2317 negat

954 2324 1096 2365 Manli.
1126 2325 1195 2363 Gr.
1228 2324 1298 2363 Gr.
1329 2321 1371 2375 §.
1406 2322 1504 2366 483.
1536 2324 1575 2362 b.
1599 2338 1685 2375 pag.

955 2382 1052 2424 904.
1087 2382 1148 2420 ed.
1187 2395 1261 2420 sec.
1312 2381 1498 2433 Xenoph.
1539 2383 1686 2434 Cyrop.

956 2440 1057 2489 VIII,
1089 2443 1128 2488 2,
1163 2443 1248 2481 12:
1281 2444 1471 2492 ,,παρεῑχε
1501 2437 1688 2489 πάντα,

955 2495 1073 2539 ὅτου
1115 2497 1244 2537 {dei-‘⁶
1305 2496 1432 2535 Anab.
1466 2497 1513 2547 Il,
1555 2496 1595 2546 5,
1627 2500 1687 2538 7.:

958 2550 1118 2611 „95va
1134 2571 1148 2594 ι
1188 2551 1472 2607 ἐντυγχάνοιεν
1504 2552 1688 2606 ‘'El-Anu,

957 2610 985 2665 ἢ
1014 2609 1146 2667 δούλῳ
1178 2608 1206 2664 ἢ
1234 2611 1448 2667 ἐλευθέρῳ,
1490 2609 1690 2660 πάντας

959 2670 1175 2710 ἐ’κτεινον.“
1212 2668 1330 2722 112)

1016 2731 1083 2769 79.
1123 2730 1218 2765 llo(-
1242 2730 1422 2777 primum
1454 2741 1506 2765 sc.
1546 2741 1688 2765 verum

958 2786 1125 2823 fatebor.
1185 2785 1394 2836 Siciunge.
1455 2785 1623 2836 Reliqua
1640 2799 1691 2823 ex

960 2842 1079 2881 Accio
1102 2844 1143 2881 in
1166 2843 1341 2895 Telepho
1371 2850 1503 2881 sumta
1529 2844 1691 2882 Macro-

960 2902 1026 2940 bio
1058 2908 1158 2939 teste
1189 2903 1272 2939 Sat.
1302 2902 1367 2950 VI,
1402 2905 1420 2942 1
1453 2903 1570 2940 Nam
1600 2903 1638 2939 si
1665 2915 1692 2938 a

962 2975 1022 2997 me
1045 2974 1211 3011 regnum
1244 2961 1422 2997 Fortuna
1450 2968 1571 3012 alque
1599 2973 1694 3010 opes
