1779 3420
156 247 254 294 678

463 243 517 291 Ρ.
563 203 919 291 νιῐὶριῐᾷιι
962 236 1336 287 MARoNis

155 370 421 428 Funerea3
458 383 642 433 super,
681 362 908 422 exuvias,
948 377 1239 428 ensemque
1262 361 1520 424 relictum,

157 435 512 502 Effigiemque
536 446 654 484 toro
676 433 835 489 locat,
872 429 1013 478 haud
1039 431 1212 494 ignara
1234 430 1410 481 futuri.

163 509 309 554 Stant
340 523 455 555 arae
484 507 703 564 circum,
743 508 795 548 et
821 499 973 548 crinis
1001 499 1168 550 effusa
1190 500 1435 549 sacerdos

254 657 321 691 507
354 655 509 702 funesta
545 654 664 687 labens
697 650 863 684 memoria
902 649 985 684 citat
1017 650 1135 684 Lutat.
1165 650 1208 684 ad
1236 652 1321 683 Stat.
1358 651 1407 683 lv
1432 649 1545 683 Theb.
1579 648 1657 682 460.

163 703 229 737 509
250 704 361 736 crinis
379 714 493 747 passa
513 713 564 746 pr.
584 699 707 732 Hamb.
731 709 749 730 e
772 696 900 741 glossa.

163 833 242 871 quo
256 819 352 857 Dido
367 816 634 856 comburenda
648 820 746 853 erat.
767 814 882 852 Nune

164 877 218 915 illi
252 889 368 927 rogo,
398 875 454 912 illi
484 888 626 925 pyrae,
659 886 733 924 pro
761 872 883 911 victi-

163 934 237 971 mis
255 931 494 980 cremandis,
525 933 789 983 imponuntur
810 943 883 967 ve-

164 996 238 1028 stes
265 996 305 1027 et
331 1002 465 1027 omues
482 989 669 1039 reliquiae
699 1001 718 1025 e
745 987 883 1039 pristi—

164 1061 215 1086 na
235 1046 518 1085 consuetudine
540 1045 741 1093 amatoris,
771 1046 884 1082 cuius

164 1117 295 1142 amore
324 1104 425 1142 Dido
453 1103 612 1142 liberari
633 1102 762 1154 cupit,
795 1115 884 1139 cum

163 1162 245 1214 ipsa
274 1161 397 1212 effigie
425 1161 590 1199 Aeneae.
650 1160 703 1198 At
722 1160 884 1211 erigun-

164 1226 230 1257 tur
255 1232 344 1256 arae
379 1219 482 1256 circa
513 1232 679 1270 pyram,
711 1216 763 1254 ad
787 1230 884 1267 quas

164 1276 226 1314 illa
252 1289 407 1313 sacrum
426 1277 581 1314 factura
602 1281 687 1313 erat
712 1274 883 1312 victimis

164 1348 202 1372 v.
235 1334 314 1375 635
339 1346 422 1384 sqq.
490 1334 585 1376 506.
628 1332 792 1370 inlemlil
821 1332 883 1368 lo-

163 1405 274 1439 cum,
309 1403 460 1442 pyram,
491 1393 617 1437 sertis,
651 1388 884 1439 exquisitius

165 1454 202 1485 et
229 1447 306 1485 hoc
338 1461 457 1498 quam
488 1447 676 1499 vulgare,
719 1448 884 1483 intendit

164 1514 266 1542 seria
288 1519 362 1555 per
386 1506 538 1552 locum,
583 1504 691 1555 quod
722 1517 806 1554 sup.
837 1502 884 1548 H,

166 1565 248 1604 236
283 1562 539 1600 occurrebat:
590 1561 750 1599 vincula
779 1561 884 1598 collo

166 1620 392 1658 Jnleru'lulll.
447 1617 568 1671 (Nihil
594 1618 669 1656 hac
703 1623 886 1655 structu-

166 1690 233 1715 rae
274 1677 498 1714 inversione
536 1676 575 1713 in
615 1676 720 1713 omni
755 1675 886 1723 lingua

167 1734 425 1784 frequentius.
484 1733 699 1780 Nimirum,
738 1738 784 1769 ut
811 1731 888 1769 hoc

166 1792 251 1843 ipso
276 1791 454 1842 exemplo
473 1797 577 1837 utar,
610 1804 732 1841 quum
753 1790 887 1827 inten—

169 1848 221 1886 do
241 1856 343 1885 serta
363 1862 470 1899 rogo,
502 1848 613 1899 cingo
631 1861 771 1898 rogum
802 1860 887 1884 ser-

170 1906 241 1954 tis,
279 1905 372 1942 hine
411 1912 583 1953 mutato,
624 1919 747 1955 quum
787 1904 887 1941 actio

170 1963 220 1999 ad
252 1969 465 2012 utrumque
497 1969 536 2000 et
564 1962 613 1999 ad
643 1968 744 2000 serta
770 1967 809 1998 et
839 1961 887 1998 ad

169 2033 309 2070 rogum
354 2026 520 2071 spectet,
562 2020 768 2071 regimine,
808 2032 889 2055 ro—

170 2091 281 2127 gum
329 2077 545 2114 intendo
587 2077 755 2115 sertis.
824 2076 888 2113 Si-

171 2135 317 2172 militer
342 2148 434 2171 nos:
474 2134 538 2171 iclz
566 2135 692 2171 winde
714 2134 888 2170 Blumen

172 2206 236 2228 11th
261 2192 335 2228 clas
356 2193 515 2241 Haupt,
546 2198 586 2228 et
607 2192 669 2228 ich
691 2190 889 2228 zunta-inde

172 2249 246 2285 clas
283 2251 423 2296 llanpl
457 2251 528 2285 mil
565 2249 748 2285 Blmnen.
814 2248 889 2283 Ca-

173 2305 348 2342 vendum
384 2312 536 2348 tamen,
567 2319 613 2342 ne
638 2305 713 2342 lioe
742 2312 889 2342 temere

175 2362 224 2398 ad
245 2362 371 2398 omnia
397 2364 698 2410 transferamus3
728 2362 808 2399 vid.
833 2376 889 2399 vs.

175 2421 290 2464 4823
341 2424 379 2453 et
420 2419 630 2468 plurimum
672 2420 711 2455 in
746 2419 819 2455 liae
848 2432 890 2456 re

178 2474 430 2511 tribuendum
453 2476 549 2512 usui.
584 2476 697 2527 ll'r.)
758 2478 889 2522 Quam

178 2544 255 2567 non
293 2531 430 2567 inutile
469 2532 536 2578 sit,
587 2533 677 2568 talia
716 2545 891 2578 monere,

178 2587 313 2633 discas,
335 2588 365 2624 si
389 2588 602 2624 Burmanni
625 2596 756 2625 uotam
781 2604 890 2625 coni-

179 2658 301 2696 pares.
370 2644 495 2680 Nolim
530 2652 660 2681 autem
702 2659 749 2680 cx
789 2645 826 2681 lz.
867 2645 890 2681 l.

180 2702 365 2753 probare,
396 2714 510 2748 rogos
531 2702 643 2737 sertis
664 2702 795 2737 ornari
826 2716 892 2737 so-

178 2760 267 2798 litos
287 2758 413 2794 fuisso.
448 2758 541 2793 Nam
565 2757 600 2794 li.
622 2758 643 2794 l.
660 2772 768 2807 pyra,
788 2764 889 2793 tam-

178 2829 294 2865 quam
318 2828 396 2860 nra,
412 2815 567 2851 corollis
586 2815 766 2863 cingitur.
796 2817 888 2864 Sup.

182 2873 257 2910 Ecl.
284 2872 389 2917 Vlll,
419 2871 484 2912 64.
513 2873 625 2907 molli
651 2874 763 2917 vingt·
793 2872 890 2907 hare

178 2931 326 2966 allaria
352 2931 463 2965 vitta.
480 2929 885 2977 —sromlefilliam,

941 827 1148 866 cupresso,
1197 813 1329 865 inquit
1361 814 1551 861 Servius,
1591 819 1661 850 aut

940 872 1073 924 potius
1091 872 1279 909 arborum
1297 872 1458 909 frondes
1478 871 1661 921 intellige,

942 943 1112 980 quarum
1151 929 1192 966 in
1222 931 1342 966 sacris
1378 928 1532 980 magicis
1567 941 1661 965 usus

942 993 1040 1024 erat.
1080 987 1177 1025 Nam
1202 986 1250 1024 de
1270 987 1409 1024 sunere
1433 992 1548 1038 poeta
1568 991 1659 1022 tan-

942 1050 1028 1081 tun]
1053 1057 1102 1081 ex
1130 1049 1276 1082 eventu
1307 1057 1389 1082 rem
1418 1044 1662 1095 interpreta-

942 1107 1021 1139 tur.
1063 1100 1132 1153 (Ut
1160 1101 1391 1151 iungeretur
1413 1116 1515 1152 pyra
1537 1107 1662 1137 erecta

943 1158 1085 1207 taedis,
1119 1158 1220 1196 sicut
1239 1172 1359 1210 supra
1385 1159 1428 1206 ll,
1464 1157 1556 1200 185.
1585 1157 1663 1193 acl-

942 1216 1073 1253 tollere
1102 1216 1245 1253 molem
1274 1215 1485 1264 roboribus,
1517 1213 1663 1252 distin-

941 1272 1112 1310 ctionem
1163 1279 1255 1324 post
1307 1274 1460 1322 ingenti
1507 1271 1662 1311 sustuli.

940 1329 1043 1367 Add.
1067 1329 1418 1378 Iuven.XlV,95.:
1449 1330 1561 1366 Dum
1580 1342 1663 1364 me-

943 1389 1037 1425 livre
1089 1402 1215 1424 novas
1261 1388 1422 1424 adtollit
1469 1400 1663 1423 marmore

943 1445 1076 1482 villa-³.
1122 1444 1261 1482 Graeci
1290 1444 1418 1494 αἴρειν
1456 1448 1663 1494 usurpant,

943 1502 992 1539 cf.
1023 1501 1206 1552 Thucyd.
1248 1502 1276 1547 l,
1317 1504 1382 1542 90.
1419 1500 1542 1540 [Vela.
1583 1499 1664 1537 vid.

943 1559 990 1597 V.
1007 1560 1048 1596 L.
1079 1558 1196 1611 lVr.)
1257 1560 1382 1610 Pyrae
1403 1557 1571 1609 imponit
1595 1557 1663 1594 ni-

946 1616 997 1653 do
1028 1630 1093 1664 ea,
1128 1630 1227 1666 quae
1261 1622 1490 1654 contactum
1518 1628 1664 1665 corpo-

946 1673 1000 1711 ris
1023 1674 1175 1711 Aeneae
1192 1680 1418 1720 senserant,
1449 1672 1664 1710 vestimen-

945 1737 1008 1779 ta,
1038 1738 1123 1768 tum
1156 1744 1308 1779 ensem,
1338 1737 1376 1767 et
1404 1737 1539 1767 torum
1568 1743 1665 1766 con—

946 1788 1136 1837 iugalem,
1168 1788 1251 1839 (ins.
1272 1789 1366 1828 648.
1394 1796 1530 1824 nolum
1551 1786 1665 1823 cubi-

947 1844 999 1897 le)
1022 1852 1060 1882 et
1083 1845 1123 1883 in
1143 1845 1219 1882 hoc
1239 1846 1417 1895 effigiem
1434 1874 1443 1891 ,
1481 1851 1577 1895 puta
1598 1856 1665 1881 ce-

945 1915 1051 1941 ream
1066 1933 1075 1950 ,
1096 1915 1195 1953 quae
1217 1902 1258 1939 in
1278 1903 1422 1939 talibus
1440 1902 1559 1938 sacris
1580 1902 1665 1951 igne

946 1960 1158 2010 liquefacta
1187 1959 1341 1997 efficere
1375 1959 1564 2005 debebat,
1596 1964 1666 1995 aut

946 2024 994 2055 ut
1014 2018 1093 2068 ipse
1114 2023 1265 2054 amator
1278 2016 1392 2054 simili
1413 2016 1531 2053 inodo
1555 2029 1666 2052 amo-

946 2087 990 2112 re
1016 2075 1249 2124 liquesceret
1279 2088 1323 2111 ae
1353 2074 1666 2111 contabesceret:

947 2138 993 2169 ut
1034 2132 1114 2170 ticl.
1155 2132 1259 2180 vul,
1301 2134 1367 2175 80.
1401 2137 1468 2168 aut
1500 2137 1546 2168 ut
1574 2143 1666 2181 per-

947 2189 1079 2227 fidiam
1133 2190 1271 2226 misera
1327 2194 1454 2226 morte
1510 2188 1665 2225 lueret:

947 2246 1294 2294 Quemadmodum
1317 2246 1497 2283 cslluviae
1523 2258 1667 2295 corpo-

947 2305 1001 2342 ris
1040 2304 1286 2341 vestimentis
1324 2303 1572 2340 inhaerentes
1617 2301 1667 2338 ad

948 2360 1139 2412 pliiltrum
1170 2361 1392 2412 parandum
1421 2359 1667 2397 adhibeban-

949 2425 1037 2466 tur;
1065 2418 1156 2455 ath.
1177 2419 1200 2455 l.
1221 2418 1270 2454 ad
1290 2431 1460 2454 amorem
1483 2417 1666 2463 extingu-

950 2476 1109 2512 endum.
1164 2474 1233 2520 (De
1268 2489 1304 2511 v.
1328 2477 1421 2515 508.
1454 2473 1534 2510 xid.
1559 2473 1604 2511 V.
1628 2473 1665 2509 L.

949 2532 998 2568 ad
1025 2546 1079 2567 vs.
1099 2532 1192 2571 497.
1216 2533 1257 2568 ll
1269 2531 1331 2582 ⁷r.)

1007 2591 1149 2628 500—-
1167 2589 1262 2628 511.
1301 2586 1482 2623 :sm-pulm-
1509 2614 1518 2629 ,
1561 2586 1666 2622 Mus-

948 2645 1030 2694 syla
1051 2644 1113 2680 illa
1138 2657 1222 2694 sup.
1253 2657 1289 2680 v.
1314 2644 1407 2683 483.
1469 2643 1667 2691 (sacerdos

949 2702 1063 2737 eliam
1103 2700 1165 2736 illa
1202 2701 1348 2737 dicitur
1371 2730 1379 2746 ,
1429 2712 1528 2748 quae
1558 2714 1667 2736 sacra

950 2758 1094 2807 peragit
1132 2758 1290 2806 magica.
1371 2758 1426 2793 lta
1469 2756 1666 2793 Alcimede

949 2814 1052 2864 apud
1087 2814 1167 2850 val.
1209 2815 1260 2851 Η.
1303 2814 1329 2861 l,
1360 2814 1453 2854 755.
1487 2814 1667 2850 sacculos

951 2871 1196 2920 appellatur,
1244 2871 1308 2908 ubi
1342 2872 1441 2907 male
1475 2870 1667 2907 Aesonem

947 2927 1180 2977 intelligunt.
1225 2927 1370 2979 ll'elz.)
1428 2935 1561 2974 tonat,
1603 2927 1667 2963 in-
