1731 3420
110 136 142 198 2'
513 110 1139 201 1115011151110
1213 134 1236 182 1

111 272 270 322 velim
302 286 464 337 quam
484 268 741 327 maxime3
790 281 915 313 nam
941 263 1007 312 ita
1038 262 1276 319 demum,
1315 256 1406 306 ubi
1435 255 1529 321 ipsi
1558 256 1629 303 vi-

110 358 298 392 rorum
337 340 624 390 doctorum
663 335 1045 401 disputationes
1088 337 1326 380 accurate
1361 342 1632 389 cognove-

110 414 218 464 rint
263 420 316 460 et
361 409 540 459 animo
576 415 819 465 teneant,
878 405 930 454 in
962 411 1181 469 promtu
1221 398 1523 458 habebunt,
1578 397 1630 451 in

112 481 330 547 singulis
361 480 522 529 rebus
554 488 605 527 et
634 477 824 526 caussis
851 490 1079 523 monere
1108 468 1399 520 commode
1425 476 1477 515 et
1507 484 1628 516 cum

113 552 289 603 fructu
313 566 557 600 enarrare
584 565 658 610 ea,
698 562 833 614 quae
858 544 1259 594 adolescentum
1291 538 1499 603 ingenia
1524 537 1630 586 ale-

111 640 195 685 re,
241 621 432 670 iudicia
469 635 682 680 acuere,
736 615 1024 679 elegantiae
1076 621 1126 662 et
1177 611 1380 659 virtutis
1410 624 1628 657 sensum

114 702 203 743 aut
224 690 473 740 instillare
509 697 597 738 aut
621 688 839 737 excitare
872 684 1056 734 animis
1076 690 1310 749 possunt.
1385 679 1629 729 Omnino

116 763 261 813 enim
296 758 658 827 praecipiendi
695 758 839 806 hisce
879 755 945 804 de
980 754 1140 802 rebus
1172 752 1375 801 utiliter
1413 759 1464 798 et
1507 767 1627 799 611111

114 832 290 882 sructu
327 830 392 879 ad
423 829 822 878 adolescentum
847 827 1050 874 animos
1082 840 1251 888 genus
1276 830 1354 871 est
1382 838 1554 870 unum
1579 829 1632 869 et

114 902 338 952 sortasse
371 899 571 961 solum,
621 908 681 947 ut
715 913 826 946 non
849 896 1097 946 universo
1135 893 1201 942 de
1233 909 1431 957 genere
1460 890 1630 940 multa

115 971 376 1022 subtiliter
401 969 763 1036 disputentur,
801 984 988 1016 verum
1016 974 1076 1015 111
1101 965 1153 1014 111
1176 964 1285 1030 ipsa
1310 965 1626 1028 interpreta-

114 1044 262 1092 tione
304 1049 495 1107 poetae
528 1040 581 1088 in
616 1037 829 1102 singulis
858 1037 1011 1097 locis,
1059 1035 1247 1097 rebus,
1295 1033 1540 1100 personis
1572 1050 1629 1082 ac

115 1112 388 1162 sententiis
421 1126 479 1159 ea
516 1117 839 1157 moneantur
872 1106 1153 1156 salubriter
1191 1123 1247 1154 ac
1290 1105 1629 1157 brevissimis,

117 1198 252 1249 quae
291 1198 350 1230 ex
383 1196 441 1228 re
475 1179 739 1245 praesenti
774 1187 826 1227 et
864 1177 1031 1227 oculis
1064 1176 1298 1225 subiecta
1340 1175 1627 1224 claritatem

115 1268 263 1301 suam
312 1249 513 1298 habent
560 1259 611 1298 et
649 1248 939 1298 veritatem.
1013 1246 1341 1297 Adolescens
1389 1246 1629 1312 quidem,

116 1322 205 1388 qui
237 1329 344 1369 tam
382 1320 568 1369 beatus
597 1318 782 1381 fuerit,
839 1327 894 1367 ut
926 1320 1229 1366 Homerum
1262 1326 1313 1365 et
1346 1316 1628 1380 Virgilium

115 1390 414 1456 interpretis
439 1389 651 1438 alicuius
674 1405 837 1454 opera
858 1389 911 1437 in
938 1388 1110 1452 hunc,
1149 1404 1314 1454 quem
1340 1387 1468 1449 dixi,
1507 1403 1630 1434 mo—

117 1461 247 1511 dum
273 1460 502 1508 instituta
523 1468 825 1509 enarratum
858 1458 1108 1520 audierit,
1148 1458 1534 1523 disputationes
1569 1457 1629 1505 il-

114 1530 188 1580 las
223 1534 519 1579 aestheticas
571 1528 781 1595 (quidni
825 1529 969 1577 enim
1001 1528 1106 1576 hoc
1136 1529 1358 1577 nomine
1396 1538 1628 1581 utamur,

117 1617 239 1649 cum
257 1601 334 1649 rei
352 1599 705 1663 designandae
726 1599 1047 1648 vocabulum
1073 1598 1213 1648 aliud
1233 1598 1493 1648 idoneum
1518 1616 1627 1647 non

116 1676 425 1737 suppetat?)
468 1667 607 1719 forte
641 1686 752 1718 non
796 1671 908 1718 51116
944 1667 1120 1718 fructu
1163 1669 1339 1736 aliquo
1372 1669 1629 1735 posthaec

118 1748 424 1803 cognoscet3
467 1740 560 1788 sed
583 1740 730 1788 initio
763 1757 788 1788 a
818 1739 905 1788 tali
930 1739 1159 1789 lectione
1192 1738 1332 1790 sacto
1355 1741 1395 1789 si
1420 1741 1536 1807 quis
1563 1740 1626 1788 ad

117 1818 300 1874 poetas
320 1809 721 1872 cognoscendos
744 1826 968 1876 pergere
989 1810 1230 1872 voluerit,
1272 1828 1335 1859 an
1360 1812 1400 1859 is
1423 1828 1487 1860 ex
1508 1811 1627 1860 sul)⁷

120 1878 191 1927 tili
227 1879 309 1927 illa
345 1879 696 1945 disputatione
727 1880 790 1929 ad
830 1880 1204 1945 intelligendos
1237 1891 1289 1931 et
1313 1881 1629 1931 iudicandos

121 1957 305 2013 poetas
343 1948 573 1997 multum
602 1948 891 2015 profecisse
930 1968 984 1999 se
1015 1951 1378 2001 intellecturus
1409 1954 1494 2013 sit,
1535 1953 1627 2003 ad-

117 2017 344 2066 modum
374 2018 585 2077 dubito,
623 2037 745 2083 nec,
786 2022 866 2070 6111
896 2021 1028 2070 illud
1067 2024 1393 2087 contigisset,
1434 2041 1626 2091 quem-

120 2104 281 2153 quam
314 2088 431 2138 vidi.
519 2089 650 2151 Sed,
706 2100 763 2139 ut
793 2093 1054 2158 perversis
1083 2092 1371 2143 hominum
1411 2104 1626 2143 nostro-

119 2173 240 2205 rum
262 2157 443 2206 studiis
471 2170 788 2219 occurratur,
826 2162 1053 2212 simodo
1086 2166 1291 2214 occurri
1316 2174 1509 2231 potest,
1546 2182 1625 2215 sa-

119 2226 182 2274 tis
200 2226 330 2275 haec
355 2228 487 2276 dicta
510 2246 620 2278 esse
643 2231 880 2283 arbitror.

258 2298 292 2346 1.
333 2300 476 2359 Quae
502 2298 585 2348 hic
612 2318 636 2349 a
659 2318 747 2349 me
776 2303 1089 2368 exponenda
1111 2313 1257 2365 sunt,
1305 2322 1470 2371 pauca
1508 2307 1621 2372 qui-

122 2364 248 2441 dem
271 2374 319 2413 et
339 2370 663 2432 summatim,
703 2371 767 2419 ad
787 2373 1133 2438 Virgilianum
1157 2391 1371 2425 carmen
1394 2385 1518 2426 sunt
1541 2394 1625 2426 re-

123 2433 354 2486 lercnda.
420 2438 499 2487 Ad
522 2438 676 2489 huius
704 2442 965 2492 rationem
984 2445 1381 2509 intelligendam
1404 2448 1524 2497 satis
1550 2457 1621 2497 est

120 2512 331 2566 tenere„
385 2526 584 2558 carmen
624 2516 805 2575 epicum
851 2514 1098 2563 universe
1136 2515 1267 2563 nihil
1305 2517 1446 2566 aliud
1495 2536 1624 2576 esse,

123 2590 282 2638 quam
320 2584 660 2628 narrationem
709 2587 926 2632 omnibus
971 2590 1188 2634 numeris
1227 2590 1511 2637 absolutam
1563 2611 1625 2639 αι·

115 2647 419 2707 Pmlssssslffln,
467 2665 558 2697 SOU
595 2657 904 2702 narrationis
947 2674 1108 2719 genus·
1135 2664 1627 2721 praestantissimum

122 2723 168 2760 ‘³²
204 2717 262 2761 ’.ἰδ’
288 2718 566 2777 virentibus,
605 2741 728 2784 quae
756 2727 867 2772 huic
895 2730 1069 2788 generi
1097 2731 1253 2775 inesse
1273 2740 1502 2792 possunt,
1544 2751 1625 2779 eu—

120 2788 383 2864 ·rnnlahmu
421 2794 653 2837 carminis
682 2796 849 2856 itaque
877 2787 1002 2859 epici
1024 2807 1259 2845 natm-am
1276 2803 1498 2863 positam
1523 2821 1629 2851 esse

120 2871 168 2899 m
195 2857 266 2900 rei
287 2873 506 2918 magnac
524 2869 567 2907 et
588 2865 809 2924 arduae,
858 2883 1048 2931 magno
1071 2886 1178 2916 cnm
1201 2873 1364 2918 animo
1388 2880 1436 2920 et
1465 2877 1624 2921 consi—
