1811 3388
348 221 761 278 AENEIDOS
803 220 942 269 LIB.
980 218 1071 280 III,
1114 218 1399 267 136—151
1546 220 1648 266 465

125 359 381 406 Hortatur
397 358 548 418 pater
575 350 651 399 ire
680 347 838 409 mari,
878 344 1202 410 veniamque
1225 342 1454 409 precari:

129 430 301 489 Quam
327 421 476 471 fessis
498 418 669 469 finem
694 417 856 467 rebus
879 414 1044 476 ferat3
1082 413 1232 463 unde
1259 412 1509 462 laborum
1553 414 1649 463 145

129 499 359 545 Tentare
384 489 631 540 auxilium
656 488 860 545 iubeat3
899 501 1007 552 quo
1034 493 1244 534 vertere
1271 499 1467 533 cursus.

195 567 311 614 Nox
336 569 470 621 erat,
513 569 565 609 et
582 560 736 609 terris
759 555 1001 606 animalia
1025 571 1247 603 somnus
1271 552 1529 602 hahebat:

126 631 345 696 Effigies
368 647 542 679 sacrae
567 629 749 678 divom
773 626 1096 691 Phrygiique
1118 628 1362 681 Penates,

129 707 278 766 Quos
301 717 518 750 mecum
542 717 570 748 a
590 699 750 749 Troia
770 696 1073 761 mediisque
1099 712 1157 743 ex
1181 693 1390 758 ignibus
1412 692 1561 742 urbis

126 771 457 835 Extuleram,
495 770 589 818 visi
615 778 735 818 ante
758 766 944 816 oculos
968 764 1174 814 adstare
1199 764 1416 813 iacentis
1554 765 1652 813 150

128 846 191 894 In
212 841 442 903 somnis,
479 839 652 889 multo
679 836 948 888 manifesti
970 835 1199 898 lumine,
1237 851 1341 901 qua
1365 850 1421 882 se

203 940 314 988 147.
351 948 607 984 HABEBAT.
743 927 866 984 ⁸151.
902 932 1159 980 INsoMms

228 1087 294 1123 145
320 1091 436 1131 Quam
447 1087 567 1130 finem
587 1084 708 1118 Heius.
732 1094 750 1116 e
771 1081 1015 1115 Grammaticis
1039 1086 1075 1113 et
1094 1079 1197 1112 codd.
1218 1085 1298 1124 post
1316 1077 1465 1110 Pierium
1488 1075 1653 1109 restituit.

131 1135 234 1169 Adde
259 1135 382 1179 fragm.
401 1134 515 1166 Vatic.
563 1132 622 1166 alii
646 1133 760 1177 quesn.
810 1142 915 1175 quem
936 1129 1055 1172 finem
1078 1125 1198 1172 fessis
1226 1133 1298 1158 tres
1325 1127 1439 1157 Burm.
1475 1124 1526 1167 (et
1556 1123 1654 1160 Alb.;

133 1195 235 1227 quem
245 1181 347 1215 etiam
360 1181 468 1214 Palat.
499 1180 594 1223 IVr.)
668 1178 733 1212 146
751 1178 922 1221 temptari
938 1177 1039 1220 (quae
1060 1181 1110 1206 est
1130 1174 1239 1207 altera
1252 1172 1404 1205 Medicei
1420 1171 1538 1205 lectio,
1557 1171 1654 1208 IVr.)

132 1229 231 1262 Leid.
251 1241 307 1261 un.
330 1235 364 1261 et
387 1229 531 1261 Oudart.
578 1225 727 1270 (scilicet
753 1224 921 1257 scribitur
945 1224 1018 1255 fere
1048 1220 1255 1267 temptare.)
1281 1219 1530 1263 auxiltumqae
1556 1216 1657 1250 iubet

134 1276 224 1309 alter
256 1276 380 1308 Hamb.
481 1276 545 1310 147
570 1276 607 1306 in
636 1273 747 1305 terris
773 1283 824 1314 pr.
862 1270 986 1302 Hamb.
1023 1281 1041 1301 a
1069 1281 1113 1301 m.
1153 1279 1221 1299 sec.
1273 1275 1308 1299 et
1333 1278 1482 1299 somnus
1507 1273 1532 1297 t.
1566 1277 1599 1297 a.
1620 1265 1655 1297 Ιι.

134 1323 281 1357 Dorvill.
357 1321 423 1357 149
443 1321 488 1354 ab
515 1323 552 1354 T.
574 1319 735 1353 Parrhas.
754 1318 788 1350 in
812 1330 920 1361 marg.
945 1323 980 1349 et
1000 1316 1123 1358 fragm.
1145 1314 1261 1347 Vatic.
1288 1314 1338 1354 (et
1367 1312 1585 1352 dubitabam,
1612 1322 1654 1343 an

134 1369 347 1414 reciperem,
373 1369 443 1403 vid.
462 1370 504 1409 Q.
524 1369 567 1401 V.
589 1369 614 1409 Ι,
642 1369 672 1400 1.
707 1364 800 1408 Wr.)
852 1377 921 1409 que
946 1363 1046 1396 abest
1072 1374 1091 1394 a
1124 1362 1252 1393 Moret.
1283 1372 1352 1392 sec.
1399 1360 1511 1392 Porro
1543 1360 1656 1390 Burm.

136 1418 226 1450 coni.
253 1415 340 1449 urbe
358 1416 584 1448 Extaleram.
683 1413 750 1447 150
769 1415 931 1444 iacentes
955 1412 1090 1452 Meriag.
1119 1415 1154 1440 et
1177 1408 1302 1448 Witt.,
1333 1406 1396 1439 sed
1418 1407 1514 1439 oculi
1528 1407 1657 1438 iacen-

136 1473 193 1497 tes
212 1463 366 1507 argutius
388 1463 470 1506 quid
489 1462 620 1494 habent
644 1472 744 1504 quam
763 1471 828 1503 pro
849 1457 1009 1491 carminis
1035 1455 1126 1499 epici
1153 1455 1338 1498 dignitate.
1379 1454 1515 1486 iacenti
1531 1454 1656 1485 Graev.

137 1519 170 1544 et
190 1511 289 1543 Leid.
311 1510 502 1553 eleganter,
528 1509 595 1541 iam
614 1509 810 1539 Burmanno
834 1505 960 1537 iudice.
1009 1505 1084 1536 Nee
1105 1509 1221 1534 tamen
1244 1499 1398 1533 deterius
1418 1507 1470 1532 est
1491 1501 1658 1539 iacentis,

138 1571 185 1591 sc.
207 1552 357 1590 Aeneae.
456 1558 518 1591 151
559 1557 603 1588 In
642 1554 778 1586 somnis
809 1552 938 1597 passim
977 1550 1128 1583 editum:
1163 1556 1214 1581 est
1239 1547 1307 1580 hoc
1334 1546 1505 1591 exquisite
1531 1558 1596 1590 pro
1622 1545 1657 1577 in

138 1617 259 1638 somno
275 1631 283 1645 ,
309 1615 372 1649 per
395 1614 564 1635 somnum.
617 1601 698 1645 (Cic.
727 1600 770 1632 de
795 1599 947 1631 Divinat.
973 1599 1014 1639 11,
1040 1598 1116 1631 70.:
1137 1597 1241 1628 visus
1265 1603 1319 1627 est
1343 1596 1379 1626 in
1408 1595 1544 1627 somnis
1570 1606 1658 1625 cur—

138 1665 183 1685 να
212 1652 303 1684 vehi.
334 1651 453 1693 IVclz,)
504 1651 680 1682 Hactenus
705 1648 806 1679 bene.
856 1646 936 1685 Sed,
963 1645 991 1677 si
1018 1643 1083 1676 visi
1109 1643 1250 1675 adstare
1274 1643 1422 1674 Penates
1442 1641 1557 1673 multo
1578 1652 1658 1672 ma—

137 1698 267 1745 nifesti
308 1698 444 1730 lumine
480 1703 514 1729 et
540 1696 680 1740 quidem
707 1695 838 1733 lunae,
864 1705 952 1737 quac
978 1703 1042 1736 per
1069 1691 1242 1722 fenestras
1263 1701 1299 1719 se
1331 1687 1563 1727 immittebat,
1589 1698 1658 1718 non

138 1746 308 1778 somnium
336 1757 411 1777 esse
436 1744 504 1776 hoc
528 1742 657 1788 potuit.
706 1743 750 1773 Et
783 1740 843 1773 inf.
872 1740 939 1776 173
964 1739 1042 1772 Nec
1073 1749 1185 1782 sopor
1208 1736 1304 1768 illud
1329 1743 1412 1767 erac
1438 1741 1504 1767 etc.
1555 1733 1660 1774 Quod

138 1792 168 1826 si
195 1793 264 1825 hoc
290 1792 384 1824 forte
420 1790 523 1823 aliter
560 1788 717 1834 expediri
742 1794 885 1832 posset:
926 1793 1041 1819 tamen
1068 1785 1164 1829 prius
1190 1782 1280 1814 illud
1305 1781 1504 1814 necessario
1537 1780 1659 1824 requi-

139 1852 217 1872 rere
243 1838 382 1870 videtur
405 1838 601 1876 Insomnis,
626 1836 719 1881 quod
746 1835 803 1868 alii
830 1835 975 1873 habent,
1004 1839 1041 1864 ut
1067 1829 1225 1874 vigilanti
1253 1829 1388 1872 species
1412 1829 1555 1861 deorum
1580 1829 1660 1859 sue-

140 1887 187 1919 rit
213 1886 381 1918 exhibita.
429 1884 696 1917 Dubitatiouem
727 1890 824 1914 recte
849 1881 957 1914 movit
985 1880 1087 1912 etiam
1114 1876 1311 1921 Trappius5
1355 1876 1472 1908 datam
1506 1875 1661 1907 solutio-

140 1946 219 1966 nem
251 1933 306 1965 vix
330 1932 471 1977 probes,
522 1933 645 1975 (Recte
671 1930 714 1962 ud
740 1929 923 1972 pristinam
947 1928 1069 1959 libror.
1098 1925 1197 1957 editt.
1217 1923 1425 1967 scripturam
1451 1922 1558 1954 rediit
1575 1922 1660 1954 Jah-

140 1980 237 2021 nius,
264 1999 307 2004 —-
328 1980 396 2012 vid.
421 1978 523 2011 etiam
544 1978 687 2011 Wakef.
711 1977 754 2009 ad
772 1977 914 2008 Lucret.
937 1976 995 2014 IV,
1021 1974 1102 2008 985.
1130 1991 1173 1994 —-
1198 1970 1260 2002 sed
1284 1970 1417 2002 fallitur
1434 1969 1538 2009 idem,
1567 1969 1660 2013 quod

141 2028 249 2062 verbo
288 2028 355 2061 visi
386 2025 472 2059 satis
505 2024 738 2058 demonstrari
771 2024 877 2065 dicit,
910 2022 955 2055 de
989 2019 1125 2054 somnio
1152 2029 1348 2051 sermonem
1375 2028 1473 2057 esse;
1501 2016 1556 2049 cui
1583 2028 1659 2049 cuin

142 2150 362 2194 utrumque
382 2149 501 2181 recte.
533 2156 571 2181 v.
592 2141 729 2180 Burin.
790 2139 869 2177 Sed

144 2202 383 2252 exquisitius
414 2200 510 2249 hoc,
562 2199 741 2249 adeoque
771 2211 872 2249 poe-

145 2262 248 2298 ticae
296 2258 464 2297 dictioni
514 2256 872 2294 adcommodatius.

146 2316 364 2370 (Hymnin
378 2315 507 2367 Apoll.
520 2329 577 2353 vs,
598 2317 715 2356 361.;
736 2316 876 2362 „tsine

147 2373 190 2416 δὲ
204 2372 384 2427 θυμόν.“
401 2371 519 2425 lVr.)
540 2372 727 2410 Canicula
739 2377 874 2408 autem

146 2440 187 2471 et
207 2432 248 2475 11,
273 2433 297 2470 l.
323 2446 396 2484 pro
417 2437 529 2469 aestu
548 2430 659 2477 coeli,
692 2429 759 2480 qui
783 2443 875 2466 cuin

147 2491 230 2529 eius
254 2496 348 2529 ortu
374 2489 526 2541 ingruit
551 2487 616 2542 (cs.
641 2490 752 2526 Serv.
773 2493 812 2524 et
835 2500 872 2524 v.

147 2563 234 2601 sup.
264 2548 315 2586 ad
336 2549 477 2598 Georg.
501 2547 567 2595 IV,
598 2543 713 2600 425),
747 2552 786 2582 et
808 2543 876 2581 hic

147 2621 221 2659 pro
260 2607 506 2658 pestilentiae
548 2617 707 2652 caussa,
766 2601 877 2653 quod

147 2665 266 2702 toties
285 2664 393 2716 apud
414 2670 568 2702 veteres
595 2661 785 2699 occurrit.
828 2660 876 2698 cf.

149 2722 332 2773 Apollon.
352 2722 399 2770 II,
431 2723 527 2764 519.

211 2780 350 2820 143—-
372 2779 465 2821 147.
497 2779 643 2816 Forma
666 2782 723 2814 est
744 2776 880 2813 similis

151 2835 265 2873 Iliad.
289 2852 324 2884 α,
358 2839 412 2878 62
432 2850 488 2887 sq.
513 2838 674 2874 reniam
699 2836 876 2885 precari,

152 2893 309 2944 placare
330 2893 446 2931 deum
462 2924 471 2941 ,
504 2894 550 2932 cs.
572 2893 622 2930 ad
641 2892 671 2941 Ι,
704 2892 800 2939 519,
832 2897 881 2929 ut

150 2950 217 2988 ille
256 2963 350 2988 vere
389 2950 542 3000 edicat,
598 2964 721 3002 quam,
747 2949 881 2998 finem

222 3017 430 3066 VIRGIL.
467 3018 609 3066 TOM.
635 3017 698 3067 II.

920 2138 1047 2189 sessis·
1067 2135 1206 2183 relius,
1243 2132 1556 2180 calamitatibus,
1585 2131 1661 2182 se-

930 2204 1008 2243 rat,
1046 2194 1210 2232 oraculo
1232 2196 1442 2238 monstret,
1474 2190 1577 2227 mule
1594 2191 1660 2226 ιἰι-

932 2253 1022 2290 ὑὲάί
1054 2261 1203 2289 lenlslre
1226 2250 1428 2286 all-villula
1460 2247 1657 2295 lslIJOrllln7

933 2324 1011 2360 qua
1034 2323 1082 2347 ex
1104 2322 1147 2347 re
1167 2313 1299 2359 petere
1318 2304 1542 2344 remedium
1570 2318 1660 2342 ma-

932 2369 1087 2416 lorum,
1118 2367 1266 2404 scilicet
1287 2363 1546 2415 pestilentiae.

994 2425 1074 2467 147
1089 2447 1141 2452 ——-
1159 2427 1250 2465 171.
1296 2423 1385 2460 Viso
1407 2427 1609 2459 nocturno
1640 2433 1663 2457 a

931 2483 1146 2521 Penatibus
1173 2481 1365 2519 edocetur
1386 2479 1550 2528 Aeneas,
1580 2491 1664 2516 non

933 2543 1114 2588 Cretam,
1165 2539 1235 2577 sed
1273 2538 1429 2576 Italiam
1466 2537 1555 2575 fatis
1587 2536 1664 2588 ipsi

934 2613 1017 2637 esse
1040 2598 1279 2637 destinatam
1300 2601 1446 2633 sedem.
1497 2596 1553 2633 De
1576 2595 1662 2632 viso

936 2657 1015 2696 1100
1043 2663 1082 2694 et
1111 2655 1319 2694 Penatium
1345 2654 1475 2691 fornia
1513 2667 1552 2692 v.
1579 2652 1664 2690 Ex-

939 2730 1042 2754 curs.
1065 2715 1121 2752 IX
1144 2713 1195 2751 ad
1214 2714 1311 2752 Aen.
1331 2711 1377 2759 ll,
1408 2714 1504 2752 293.
1562 2711 1665 2747 Sunt

937 2774 1025 2811 dm
1057 2772 1178 2809 iidem
1206 2770 1273 2821 qui
1302 2770 1486 2817 Penates,
1528 2774 1568 2805 et
1590 2767 1663 2805 de-

939 2830 1130 2869 clarative
1150 2829 1323 2867 dictum:
1351 2828 1523 2863 Penates
1542 2831 1581 2862 et
1601 2825 1661 2875 ef-

926 2889 1207 2940 figc'essacrae
1227 2887 1381 2929 clivum,
1416 2884 1496 2921 fere
1516 2889 1562 2920 ut
1579 2897 1664 2933 sup.

939 2961 997 2987 vs.
1023 2948 1086 2988 12.
1128 2945 1200 2995 (—
1220 2945 1310 2986 151.
1332 2940 1413 2979 vid.
1429 2941 1474 2980 v.
1496 2941 1536 2978 L.
1553 2941 1665 2989 Wr.)

1319 3010 1386 3054 30
