1811 3388
327 192 733 242 AENEIDOS
769 194 908 244 LIB.
945 196 1032 258 IV,
1071 202 1362 252 390—403
1508 208 1604 256 657

95 317 428 379 Infabricata,
466 315 621 382 fugae
645 318 835 370 studio,
1503 333 1605 383 400

94 388 360 451 Migrantis
380 402 586 449 cernas,
619 396 837 454 totaque
858 404 918 437 ex
942 389 1078 439 urbe
1099 392 1323 454 ruentis;

94 460 167 505 Ac
186 456 328 505 velut
349 456 621 519 ingentem
642 456 898 507 formicae
917 455 1066 507 farris
1089 477 1336 511 acervum

95 527 274 586 Quum
321 525 606 591 populant,
655 526 846 577 hiemis
889 544 1192 594 memores,
1229 539 1482 601 tectoque
1515 552 1600 585 re-

869 607 1105 663 ponunt:

160 667 274 714 401.
312 678 551 727 RUENTIS,
693 670 806 719 402.
843 683 1035 717 VELUTI
1056 684 1160 720 me.

180 788 250 825 400
267 790 389 837 fugae
407 792 540 826 stadio.
589 794 723 826 Desunt
746 794 833 828 haec
853 807 906 840 pr.
923 796 1090 829 Rottend.
1120 809 1140 829 a
1168 809 1212 831 m.
1240 810 1308 833 sec.
1403 800 1473 836 402
1497 803 1599 835 velut

88 837 216 870 Medic.
237 850 311 870 cum
334 838 424 870 aliis.
473 839 527 872 Sic
554 847 588 872 et
606 841 668 874 inf.
690 853 721 874 v.
741 840 824 876 441.
872 843 988 887 (Apud
1008 842 1213 887 Fogginium
1243 852 1359 879 tamen
1376 848 1494 881 veluti
1512 861 1597 882 exa·-

89 891 222 924 ratum3
248 885 310 917 sed
330 885 491 917 Heinsius
516 886 573 919 hic
603 888 752 920 fortasse
777 889 908 921 acutius
937 889 1044 929 vidit;
1083 897 1178 923 certe
1205 891 1295 925 infra
1322 905 1371 927 vs.
1399 893 1479 929 441.
1504 896 1596 929 idern

87 930 234 974 Foggin.
254 932 426 975 expressit
448 933 580 974 veluti,
608 946 762 967 errorem
780 936 857 979 ipse
878 937 988 969 fassus
1010 949 1088 981 pag.
1107 936 1186 972 448.
1235 941 1371 983 Nempe
1393 942 1508 975 veluti
1525 954 1595 975 non

89 977 155 1009 nisi
175 984 255 1010 ante
273 990 458 1010 consonam
478 979 586 1012 habet
606 981 731 1015 locum.
779 983 862 1015 Non
880 983 1003 1015 mirum
1030 990 1164 1025 autem,
1198 984 1310 1018 sicubi
1343 987 1501 1021 subiecto
1528 1001 1594 1022 vo-

89 1024 212 1057 cabulo
239 1037 258 1057 a
276 1024 379 1057 litera
402 1027 416 1057 i
435 1025 622 1070 incipiente
650 1028 769 1060 eadem
796 1028 900 1062 litera
928 1030 1088 1062 adhaesit
1115 1031 1304 1074 particulae
1335 1035 1446 1067 velut.
1494 1037 1538 1068 Et
1565 1036 1595 1069 si

88 1070 250 1104 hocloco
273 1071 434 1104 scribitur
455 1076 510 1105 Ac
528 1074 644 1106 veluti
660 1076 861 1120 ingentem,
888 1087 947 1108 cur
974 1077 1054 1118 XII,
1080 1078 1159 1111 715.
1186 1078 1300 1111 editur
1326 1084 1381 1113 Ac
1407 1082 1509 1115 velut
1532 1084 1593 1115 in—

92 1118 212 1149 arenti?
239 1124 297 1149 aut
327 1118 355 1150 si
382 1120 441 1159 VI,
468 1120 547 1153 707.
572 1124 627 1153 Ac·
648 1122 766 1153 veluti
783 1123 820 1154 in
835 1124 972 1168 pratis,
998 1123 1179 1167 quodiam
1205 1127 1358 1168 correxi,
1388 1139 1593 1173 quamquam

86 1144 135 1195 i³ta
157 1171 209 1195 est
230 1164 263 1196 in
284 1164 362 1207 ipso
384 1165 564 1205 Medieeo,
592 1179 651 1199 cur
676 1168 763 1208 XII,
800 1169 880 1202 908.
910 1172 963 1201 Ac
991 1170 1091 1202 velut
1117 1172 1154 1202 in
1183 1173 1341 1205 somnis?
1389 1175 1458 1207 Cfr.
1490 1175 1593 1208 etiam

86 1211 135 1250 X,
156 1212 234 1245 707.
259 1212 321 1250 XI,
342 1212 420 1246 809.
449 1213 527 1252 XII,
548 1214 626 1247 521.
655 1214 745 1246 adde
771 1215 797 1255 I,
832 1216 888 1249 82.
910 1217 972 1256 IV,
1000 1215 1080 1250 441.
1109 1217 1157 1257 X,
1185 1217 1265 1252 405.
1295 1221 1375 1256 803.
1403 1222 1483 1262 XII,
1511 1222 1591 1257 365.

86 1258 162 1289 Nec
181 1259 236 1289 uti
254 1257 319 1289 nisi
339 1265 420 1290 ante
438 1269 623 1292 consonam
640 1259 776 1303 legitur.
824 1263 946 1305 Itaque
964 1262 1103 1294 restitui
1132 1264 1242 1297 velut.
1273 1267 1366 1310 Wr.)
1416 1268 1485 1301 Sed
1510 1269 1592 1302 iun—

87 1310 182 1336 ctura
202 1316 361 1336 versuum
388 1305 526 1337 omnino
558 1307 709 1339 nondum
741 1306 823 1340 satis
853 1308 1032 1342 elaborata
1058 1315 1122 1343 est.
1172 1311 1296 1345 Deficit
1320 1314 1590 1359 comparationis

87 1349 269 1392 apodosis:
295 1354 342 1383 Ac
362 1351 487 1384 veluti:
506 1371 549 1377 —
570 1355 639 1386 Sic.
665 1365 752 1397 quae
772 1365 843 1386 non
862 1366 930 1387 uno
952 1356 1056 1388 inodo
1080 1355 1214 1390 institui
1241 1365 1381 1403 potest,
1419 1361 1474 1394 vel
1502 1362 1590 1395 sim-

86 1395 225 1441 pliciter
244 1397 357 1441 suppl.
380 1410 422 1430 ac
437 1399 488 1430 Sic
511 1408 661 1432 ruentes
690 1400 835 1441 videas,
866 1401 984 1434 veluti
1001 1401 1183 1447 formicae
1213 1415 1349 1447 ruunt,
1385 1419 1493 1452 quum
1516 1422 1589 1455 po-

81 1443 218 1489 pulant
244 1463 286 1467 —
320 1444 376 1476 vel
412 1456 453 1476 ex
494 1456 570 1489 sqq.
610 1459 650 1478 ac
672 1465 715 1471 —
736 1454 840 1488 eunt,
871 1447 1060 1490 incedunt,
1095 1450 1197 1482 velut
1220 1452 1250 1484 ic
1282 1454 1427 1497 nigrum
1457 1457 1591 1501 campis

85 1502 214 1533 agmen
237 1509 279 1513 —
306 1492 354 1522 Ita
374 1490 452 1523 illa:
475 1492 660 1537 ingentem
674 1492 1121 1539 formicae—reponunt,
1147 1503 1225 1529 sunt
1251 1497 1286 1530 in
1315 1500 1429 1533 medio
1459 1503 1588 1546 posita.

84 1536 204 1567 Potest
223 1537 362 1569 tandem
384 1538 469 1569 ordo
490 1537 583 1570 ficri:
610 1551 705 1571 ac—
721 1552 828 1585 opere
850 1542 964 1573 omnis
983 1544 1110 1574 semita
1131 1542 1280 1587 servet,
1314 1547 1445 1587 velati,
1480 1561 1589 1592 quum

83 1578 256 1626 formicae
271 1583 465 1628 populant.
514 1585 647 1628 (Omnia
666 1585 723 1618 hic
744 1587 903 1630 egregia,
935 1588 1038 1620 modo
1069 1590 1292 1633 comparandi
1321 1593 1411 1626 ratio
1437 1606 1588 1639 perspe-

84 1634 141 1660 cta
164 1628 348 1673 habeatur,
373 1630 466 1662 cuius
491 1630 629 1673 ignarus
651 1632 752 1665 etiam
773 1633 858 1665 alibi
877 1634 1005 1666 frustra
1028 1635 1183 1679 trepidat
1206 1637 1379 1681 Heynius,
1417 1647 1454 1672 ut
1483 1653 1587 1686 supra

84 1675 124 1714 II,
143 1675 209 1709 625
231 1687 328 1719 sqq.;
353 1676 420 1708 vid.
441 1678 482 1710 V.
503 1678 542 1710 L.
567 1678 611 1710 ad
632 1680 658 1720 I,
677 1679 753 1713 148.
802 1679 932 1712 Sustnli
957 1691 1089 1713 comma
1116 1690 1198 1725 post
1224 1685 1341 1724 velun
1376 1685 1586 1730 iungendum

85 1720 174 1752 enim
196 1722 297 1754 velut
313 1735 439 1767 quam,
464 1719 515 1762 αἱς
535 1719 617 1765 ὅτε,
652 1725 720 1757 vid.
743 1727 785 1759 V.
807 1726 847 1758 L.
871 1727 915 1759 ad
936 1727 998 1760 Ge.
1028 1729 1053 1768 I,
1080 1729 1182 1768 303.;
1224 1730 1259 1763 in
1291 1730 1359 1764 fine
1389 1736 1587 1777 praegressi

83 1779 200 1800 versus
235 1769 425 1801 semicolon
459 1781 524 1812 pro
553 1778 723 1804 commate
753 1773 875 1815 posui;
918 1785 981 1807 nec
1010 1776 1230 1818 repugnabo,
1264 1776 1293 1809 si
1323 1779 1398 1822 quis
1424 1789 1586 1824 punctum

82 1813 190 1848 malit.
220 1816 313 1856 [Vn]
362 1828 525 1849 acervom
541 1818 629 1851 Gud.
650 1830 691 1851 ex
708 1830 806 1853 more
831 1831 906 1854 suo.
1000 1819 1069 1856 4Οό
1095 1824 1330 1868 Coznportant
1353 1826 1512 1861 Lactant.
1541 1829 1586 1862 de

82 1861 137 1894 Ira
152 1860 218 1893 Dei
236 1874 264 1895 c.
285 1863 321 1905 7,
343 1862 530 1896 memoriae
548 1863 643 1899 vitio.

81 1966 191 2015 buta,
225 1968 332 2005 Serv.
367 1970 521 2019 fitgae,
556 1971 691 2010 celeris
708 1987 805 2025 pro-

82 2024 274 2073 fectionis,
294 2031 340 2063 ut
360 2034 500 2076 poetae
521 2029 660 2079 solent,
687 2032 805 2069 etiam

84 2082 223 2118 Graeci
243 2082 279 2118 in
305 2081 437 2134 φυγή,
470 2081 650 2137 φεύγειν.

139 2137 392 2181 402—407.
422 2140 584 2192 Accepit
602 2144 649 2181 ab
677 2144 803 2195 Apol-

83 2194 210 2242 lonio,
251 2195 313 2243 IV,
357 2196 465 2241 1452
503 2200 551 2236 <le
579 2200 724 2252 Minyis
753 2202 804 2239 ad

83 2265 225 2301 aquam
255 2259 452 2303 repertam
484 2258 802 2308 convolantibus,

82 2309 150 2346 sed
175 2311 323 2360 egregie
357 2313 527 2353 ornavit.
606 2315 802 2365 nignitate

82 2368 417 2418 comparationem
450 2383 600 2419 carere,
637 2386 802 2411 censue-

80 2432 178 2461 runt
195 2425 322 2474 multi,
336 2426 383 2462 cf.
397 2427 551 2476 Burin,
573 2430 676 2467 sorte
693 2431 802 2481 quod

81 2481 282 2519 cardinem
311 2486 616 2534 comparationis
637 2500 719 2525 non
737 2489 802 2526 vi—

82 2538 230 2577 debant
258 2540 299 2577 in
341 2541 604 2581 festinationis
639 2545 800 2583 notione

79 2596 203 2643 verti,
245 2611 327 2635 non
364 2606 494 2637 autem
523 2601 564 2637 in
592 2602 677 2652 ipso
712 2603 800 2640 ani-

80 2653 221 2690 mantis
251 2667 402 2704 genere.
460 2658 565 2695 Bene
594 2661 705 2697 Serv.
745 2661 803 2697 ad

80 2710 255 2747 studium
282 2715 441 2762 respic-ic
481 2719 726 2765 compat-alio
758 2718 797 2755 le.

79 2765 128 2811 Α,
168 2780 246 2804 non
271 2769 329 2805 ad
341 2784 546 2818 personas.
610 2773 644 2810 A
663 2774 799 2824 parvis

78 2821 195 2859 rebus
248 2830 287 2861 et
331 2826 562 2866 animalibus
619 2831 799 2882 exempla

76 2878 222 2928 passim
270 2887 463 2931 petuntur
482 2914 492 2933 ‚
548 2900 630 2924 non
677 2888 797 2926 modo

146 2947 350 2996 VIRGIL.
391 2950 530 3000 ΤΟΜ.
566 2953 628 3001 II.

861 1973 1058 2023 Homero,
1087 1988 1125 2014 v.
1144 1990 1176 2015 c.
1201 1991 1222 2014 a
1247 1980 1391 2017 muscis
1411 1980 1520 2019 Iliad.
1539 1997 1582 2031 π,

862 2032 940 2073 641
966 2046 1022 2081 sq.
1043 2033 1082 2084 β,
1103 2034 1198 2083 469,
1224 2035 1292 2072 sed
1315 2037 1433 2074 etiam
1461 2039 1584 2076 casti-

860 2089 1096 2139 gatioribUS,
1128 2097 1174 2128 ut
1198 2104 1259 2142 ap.
1280 2092 1462 2145 Apollon.
1492 2096 1518 2136 l.
1550 2110 1582 2134 c.

863 2160 885 2183 a
903 2146 1079 2184 formicis
1101 2153 1140 2184 et
1160 2149 1324 2199 muscis,
1345 2151 1408 2199 IV,
1433 2154 1540 2195 1298
1560 2166 1582 2190 a

860 2203 999 2254 pulliS,
1030 2210 1070 2240 et
1087 2204 1141 2241 sic
1163 2218 1298 2255 porro.
1341 2208 1486 2246 Noster
1507 2223 1582 2247 au-

860 2267 943 2298 tem
976 2261 1094 2298 etiam
1135 2263 1313 2301 oratione
1352 2271 1392 2303 et
1434 2265 1582 2305 dilectu

859 2318 1076 2356 verborum
1096 2348 1105 2366 ‚
1155 2332 1256 2370 quae
1292 2321 1340 2358 ab
1374 2322 1582 2362 hominum

858 2375 939 2412 vita
958 2375 1182 2424 transtulit,
1228 2378 1284 2415 rei
1316 2379 1581 2431 dignationem

859 2433 971 2470 fecit:
1001 2434 1229 2483 populant,
1264 2444 1360 2474 tecto
1376 2467 1386 2485 ,
1417 2452 1492 2490 pro
1513 2453 1580 2477 ca-

858 2502 982 2527 verna
995 2519 1004 2537 ,
1036 2493 1066 2527 it
1085 2493 1241 2541 eampis
1259 2507 1407 2543 agmen
1423 2525 1433 2543 ‚
1452 2511 1580 2546 prae-

858 2547 954 2584 dam
971 2557 1222 2597 convectant,
1258 2549 1432 2589 humeris
1467 2553 1580 2591 obni-

858 2619 934 2641 xae
952 2610 1026 2642 etc.
1085 2606 1148 2642 Ac·
1167 2607 1324 2658 supple,
1354 2618 1508 2647 ruentes
1532 2625 1579 2648 ex

859 2661 950 2699 urhe
979 2661 1055 2709 sie,
1086 2663 1211 2700 veluti
1239 2671 1365 2702 ruunt
1390 2668 1577 2705 formicae

858 2725 931 2756 etc.
990 2719 1071 2756 Nisi
1084 2719 1202 2770 magis
1222 2733 1272 2758 ex
1287 2728 1428 2773 poetae
1446 2732 1578 2764 mente

856 2775 1066 2826 probanda
1093 2782 1151 2814 est
1181 2777 1256 2814 alia
1287 2778 1576 2832 interpunctio:

856 2847 1062 2883 arf-opere
1105 2836 1232 2871 omnis
1256 2838 1397 2874 semita
1423 2839 1573 2888 semet,

855 2889 1096 2941 interpositis
1117 2894 1457 2943 comparantibus:
1490 2896 1575 2931 rel-

1231 2959 1298 3003 42
