1827 3436
300 223 388 269 DE
430 221 738 269 CARMINE
776 221 985 270 EPICO
1026 224 1276 276 leGfl..
1499 236 1565 281 29

187 349 247 395 In
282 345 509 394 eandem
538 355 718 396 tamen
755 348 1068 413 opinionem
1102 351 1205 398 iam
1238 360 1358 400 ante.
1395 354 1566 418 Spen—

54 417 191 464 cium
222 414 476 463 inciderat
506 416 583 464 vir
613 416 801 465 doctus
830 418 969 467 inter
986 419 1435 485 Francogallos*),
1476 425 1564 489 qui

51 485 287 549 inprimis
343 484 746 534 similitudinem
794 487 932 536 inter
982 492 1195 538 Aeneae
1247 499 1299 537 et
1347 494 1565 554 Augusti

50 570 333 618 personam
366 562 418 601 et
454 552 726 604 fortunam
759 555 953 606 diserte
986 559 1338 624 persequitur.
1407 563 1564 625 Inge-

49 623 195 670 niose
231 640 356 670 eum
393 621 581 672 ludere
617 642 728 673 non
770 642 958 689 neges;
1000 637 1051 676 et
1082 630 1330 677 convenit
1362 630 1407 677 ei
1441 648 1562 679 cum

46 691 224 739 multis
256 691 362 740 aliis
400 691 567 741 doctis
597 694 742 754 viriS,
783 697 872 761 qui
912 698 1220 761 opinantur,
1265 703 1562 762 Augustum

46 761 142 809 sub
193 765 405 810 Aeneae
451 779 676 827 persona
723 781 834 813 esse
878 766 1281 828 adumbratum;
1341 785 1405 817 eo
1439 787 1560 836 spe-

46 839 184 878 ctare
215 832 432 880 virtutes
455 836 666 882 Aeneae
694 851 719 882 a
740 844 900 899 poeta
933 837 1177 897 tributas3
1219 854 1283 886 eo
1316 837 1560 888 referunt

44 900 209 948 multa
232 900 338 951 alia.
399 902 592 951 Videas
628 904 917 952 nonnullos
948 914 1057 954 tam
1081 908 1289 971 egregie
1320 908 1417 956 sibi
1449 910 1559 975 pla-

44 986 162 1017 cere
188 971 239 1018 in
271 970 376 1019 hoc
399 970 642 1031 invento,
681 982 740 1021 ut
767 974 1007 1041 undique
1040 978 1357 1043 conquirant
1386 988 1437 1026 et
1467 996 1557 1028 ve-

44 1048 238 1087 nentur
273 1057 356 1102 ea,
406 1057 540 1105 quae
582 1042 647 1090 ad
681 1046 976 1107 Augustum
1008 1047 1404 1095 accommodari
1431 1065 1556 1113 pos-

41 1110 156 1159 sint.
231 1110 313 1157 Sic
349 1111 454 1158 oris
495 1110 716 1175 dignitas
763 1113 874 1176 (lib.
909 1117 958 1175 I,
998 1119 1097 1168 589
1132 1120 1203 1166 Os
1230 1122 1557 1183 humerosque

42 1184 133 1226 deo
177 1185 237 1243 s.)
273 1196 394 1227 cum
433 1182 785 1231 assentatione
828 1184 880 1231 in
918 1188 1215 1249 Augustum
1256 1197 1555 1237 memorata

42 1252 223 1311 est**).
304 1250 634 1312 Ignoscenda
673 1251 804 1300 haec
853 1263 1041 1318 putem
1079 1255 1228 1304 alicui
1277 1273 1336 1305 ex
1375 1258 1554 1307 media

41 1326 424 1367 assentatorum
460 1320 638 1383 turba,
690 1322 779 1386 qui
812 1324 1051 1373 Aeneide
1081 1325 1214 1374 lecta
1260 1343 1422 1375 unam
1465 1328 1552 1377 vel

41 1386 257 1434 alteram
293 1392 505 1438 Aeneae
541 1389 757 1438 laudem
798 1391 862 1440 ad
897 1397 1193 1458 Augustum
1226 1395 1460 1445 traheret
1492 1407 1552 1446 ut

38 1457 265 1521 Principi
303 1458 551 1524 palparet.
640 1459 775 1522 Sed,
834 1470 893 1509 ut
926 1467 1076 1512 Maro
1123 1473 1231 1512 tam
1273 1465 1549 1516 dissimiles

36 1543 311 1591 personas,
362 1527 625 1590 fortunaS,
673 1530 891 1578 virtutes
925 1542 975 1581 et
1007 1532 1139 1581 facta
1174 1551 1230 1582 ac
1262 1552 1346 1583 res
1379 1546 1548 1599 gestas

37 1596 175 1643 inter
206 1612 260 1644 se
295 1613 603 1663 comparare
631 1598 881 1662 voluerit,
920 1602 1051 1650 mihi
1074 1604 1319 1669 quidem,
1358 1606 1397 1653 si
1437 1607 1548 1655 eius

35 1664 287 1712 iudicium
315 1675 366 1714 et
390 1667 705 1730 elegantiam
735 1678 878 1718 recte
911 1680 1098 1735 teneo,
1136 1691 1326 1738 parum
1351 1676 1548 1740 prolia-

33 1733 138 1782 bile
162 1734 383 1786 videtur.
456 1737 758 1802 Sapientior
789 1749 898 1788 erat
928 1751 1088 1806 poeta
1123 1752 1174 1791 et
1203 1744 1278 1792 rei
1302 1747 1546 1809 poeticae

33 1803 435 1867 intelligentior,
477 1824 637 1872 quam
668 1817 726 1856 ut
764 1808 925 1858 talem
953 1812 1331 1875 cogitationem
1360 1815 1411 1863 in
1442 1817 1548 1864 ani-

30 1890 181 1921 mum
207 1874 522 1927 admitteret.
571 1880 720 1937 Nam,
760 1888 1136 1946 praeterquam
1160 1883 1306 1947 quod
1332 1888 1544 1934 Aeneae

33 1942 389 1992 characterem
412 1962 523 1993 non
546 1947 771 2007 invenit,
810 1949 905 1997 sed
934 1950 997 1998 al]
1026 1950 1133 1999 aliis
1163 1952 1266 1999 iam
1292 1954 1542 2004 traditum

32 2014 264 2077 accepit,
323 2015 827 2081 circumspiciendae
873 2029 1021 2068 erant
1060 2038 1086 2069 a
1126 2031 1286 2086 poeta
1324 2024 1542 2074 virtutes

30 2084 239 2130 Aeneae
265 2083 552 2147 eiusmodi,
593 2102 726 2151 quae
750 2087 802 2134 in
836 2089 987 2153 epico
1011 2101 1324 2153 argumento
1350 2094 1456 2141 vim
1491 2104 1542 2143 et

32 2150 377 2215 splendorem
400 2153 686 2219 haberent,
727 2165 778 2204 et
796 2155 1088 2221 factorum,
1129 2178 1264 2226 quae
1293 2179 1541 2212 enarran-

31 2219 95 2267 da
118 2230 287 2281 erant,
328 2240 528 2272 caussas
564 2224 782 2274 idoneas
816 2228 1231 2293 suppeditarent.
1307 2233 1467 2293 Quod
1499 2235 1538 2282 si

29 2288 114 2337 ille
145 2291 378 2340 studium
400 2310 555 2342 suum
587 2310 791 2359 ponere
815 2297 1067 2347 voluisset
1087 2300 1313 2349 maxime
1336 2302 1387 2349 ln
1418 2302 1537 2368 hoc,

28 2367 85 2405 ut
113 2363 315 2408 Aeneas
346 2365 580 2426 Augusto
616 2365 1030 2431 assimularetur,
1090 2386 1250 2435 quam
1279 2371 1446 2420 multa
1488 2383 1539 2422 et

29 2444 186 2492 quam
218 2447 407 2494 parum
441 2442 794 2483 consentanea
827 2437 1004 2502 epicae
1034 2440 1346 2505 narrationi,
1385 2457 1537 2506 argu-

140 2662 174 2713 *)
198 2664 236 2700 L’
259 2664 369 2702 Abbe'·
389 2667 530 2716 salty,
553 2668 747 2706 Discours
765 2684 836 2707 sur
857 2671 899 2708 la
919 2670 1046 2708 Fable
1069 2672 1116 2707 <le
1136 2672 1153 2708 l
1160 2672 1171 2687 ³
1194 2673 1361 2711 Eneide.
1398 2678 1529 2714 HIe'm.

28 2718 74 2754 cle
100 2721 283 2758 Liltercct.
328 2723 397 2762 To.
419 2724 529 2773 XIX,
561 2738 598 2775 p.
626 2725 720 2767 345.

139 2809 192 2861 **)
225 2811 343 2849 Plura
376 2812 493 2852 huius
522 2817 674 2865 generis
703 2831 740 2856 v.
761 2832 791 2855 c.
822 2817 930 2869 apud
957 2820 1169 2867 lorlinnm,
1202 2821 1393 2872 elegantia
1422 2824 1531 2863 haud

30 2862 179 2902 minore
208 2881 325 2917 quain
356 2870 540 2909 doctrina
564 2874 762 2912 imbutum
786 2876 940 2924 virum,
986 2876 1080 2914 Diss.
1105 2877 1167 2924 VI,
1197 2892 1235 2929 p-
1258 2880 1341 2921 248
1365 2888 1403 2919 et
1425 2884 1529 2934 apud

28 2919 121 2957 alios
140 2925 320 2974 reperiaS.
