1779 3420
144 215 247 261 796
485 214 539 263 Ρ.
577 213 929 263 VIRGILII
959 213 1316 264 MARONIS

143 339 271 386 Pars
295 337 424 386 levis
446 337 678 388 humero
701 339 1000 404 pharetra33
1040 340 1077 388 it
1100 350 1320 405 pectore
1343 357 1557 390 summo

145 406 356 456 Flexilis
380 407 579 456 obtorti
600 425 700 474 per
730 408 925 457 collum
961 410 1185 459 circulus
1210 411 1336 461 auri.

144 479 277 526 Tres
318 478 560 544 equitum
605 494 835 527 numero
885 488 1119 541 turmae,
1182 481 1429 546 ternique
1471 495 1663 544 vagan-

929 557 1017 597 tur
1559 554 1662 602 560

140 619 430 674 Ductores3
468 617 622 681 pueri
647 616 728 664 bis
751 617 864 665 seni
894 634 1168 684 quemque
1191 619 1357 667 secuti

140 687 366 750 Agmine
393 686 586 751 partito
610 684 845 750 fulgent,
882 687 1208 753 paribusque
1228 688 1500 751 magistris,

140 758 256 805 Una
280 756 414 804 acies
433 756 685 804 iuvenum
702 796 713 818 ,
750 755 895 804 ducit
919 774 1081 824 quam
1101 773 1294 822 parvus
1319 766 1568 806 ovantem

138 828 354 875 Nomen
389 826 469 873 avi
490 823 734 874 referens
759 826 1022 889 Priamus,
1059 837 1147 877 tua
1175 826 1333 891 clara,
1366 826 1553 890 Polite,

209 921 324 971 560.
365 921 496 967 TRls

229 1050 299 1085 558
326 1051 492 1093 Parsque
512 1049 612 1082 leves
643 1048 776 1094 aliquot
802 1062 857 1095 ap.
886 1051 1020 1091 Eum„
1056 1061 1126 1083 non
1155 1049 1264 1090 male,
1298 1050 1361 1082 sed
1387 1049 1557 1082 intrusum
1588 1062 1657 1094 que

139 1096 361 1129 librariorum
384 1107 500 1134 more3
527 1103 561 1127 et
581 1102 702 1128 tuetur
723 1096 870 1130 alterum
895 1097 996 1130 codd.
1018 1097 1220 1131 auctoritas.
1269 1097 1431 1129 humeris
1448 1096 1517 1128 duo
1540 1097 1654 1129 Burm.

131 1144 335 1189 pharetras
355 1143 504 1176 humero
526 1144 635 1175 Goth.
658 1150 740 1176 tert.
834 1144 917 1178 558.
942 1145 1010 1179 559
1036 1144 1189 1187 Vulgata
1214 1143 1320 1176 lectio
1349 1143 1382 1175 h.
1401 1142 1424 1175 l.
1453 1143 1572 1175 sanior
1602 1150 1655 1175 est

137 1189 289 1221 omnium
309 1189 466 1222 codicum
486 1190 659 1222 varietate
682 1196 764 1224 nata
786 1203 827 1223 ex
848 1191 1041 1235 depravato
1068 1192 1098 1224 it
1115 1192 1149 1223 in
1168 1192 1206 1223 in
1226 1190 1281 1222 vel
1303 1198 1357 1228 ec,
1395 1189 1485 1222 unde
1514 1202 1594 1222 mox
1625 1191 1655 1222 it

136 1236 171 1268 in
192 1248 288 1280 sequ.
311 1248 412 1268 versu
431 1237 596 1269 infertum
617 1236 672 1269 vel
698 1243 782 1282 post
803 1236 939 1271 obtorti
958 1238 1013 1271 vel
1042 1244 1124 1282 post
1151 1237 1283 1270 collum
1316 1236 1373 1269 vel
1408 1236 1463 1269 Fl.
1492 1237 1522 1269 it
1553 1238 1653 1269 torti.

135 1295 166 1317 v.
186 1283 278 1316 Pier.
301 1283 419 1316 Heins.
444 1290 479 1315 et
498 1285 683 1316 Burmann.
735 1286 777 1328 (it
798 1293 944 1331 pectore
960 1285 1062 1317 etiam
1085 1284 1194 1317 Palat.
1213 1291 1246 1316 et
1266 1285 1318 1321 3.;
1355 1291 1390 1315 et
1420 1282 1519 1327 prior
1546 1283 1652 1316 lectio

134 1330 306 1370 Medicei,
331 1330 508 1363 iminiata
531 1328 796 1376 superscripta.¹
830 1331 1055 1375 Disceptatur
1082 1331 1151 1364 iam
1168 1330 1262 1374 apud
1292 1333 1388 1364 Serv.
1422 1330 1465 1362 de
1492 1329 1653 1362 lectionis

134 1377 351 1410 diversitate.
381 1377 476 1416 Wr.)
571 1377 640 1411 560
666 1380 775 1418 Tre-5,
800 1379 910 1420 treis,
938 1381 1008 1411 tris
1023 1378 1168 1421 legitur3
1207 1378 1274 1410 hoc
1296 1389 1372 1409 cum
1401 1376 1582 1409 Medieeo:
1615 1383 1655 1409 ut

134 1424 201 1456 iam
220 1424 301 1456 inde
321 1425 363 1456 ab
384 1426 408 1464 Ι,
433 1426 509 1458 108.
559 1424 737 1469 (Heinsius
758 1424 841 1469 quid
869 1425 904 1457 in
931 1425 1002 1458 suis
1030 1425 1130 1458 libris
1159 1423 1352 1468 repererit,
1387 1423 1567 1456 declarare
1591 1435 1653 1456 su·-

133 1471 313 1515 persedit3
341 1483 443 1515 quum
463 1478 576 1504 autem
602 1471 637 1503 in
668 1471 824 1504 editione
847 1472 1000 1505 Danielis
1027 1472 1136 1516 patris
1168 1472 1269 1506 1636.
1295 1470 1463 1514 scriptum
1490 1470 1536 1502 sit
1565 1479 1652 1511 tres,

133 1518 246 1550 videri
264 1525 384 1563 potest
403 1518 570 1551 Nicolaus
589 1518 677 1559 hoc,
703 1519 731 1551 si
753 1530 820 1551 non
838 1519 873 1551 in
894 1519 1073 1559 omnibus,
1099 1525 1196 1552 certe
1223 1518 1258 1550 in
1282 1517 1438 1562 plurimis
1466 1517 1652 1553 invenisse.

132 1566 177 1598 Et
199 1574 275 1597 tres
296 1567 394 1598 Rom.
415 1578 491 1597 cum
514 1572 661 1609 utroque
681 1565 797 1609 Lips.;
828 1568 911 1598 Tris
929 1566 1059 1609 legitur
1074 1591 1083 1608 ,
1121 1566 1258 1610 quoties
1292 1571 1346 1597 est
1372 1571 1511 1609 quartus
1540 1576 1651 1605 casus,

132 1611 167 1643 in
197 1611 380 1652 Medieeo,
415 1612 438 1645 i.
468 1624 497 1645 e.
529 1611 751 1656 quindecie33
792 1612 995 1645 nominandi
1031 1625 1129 1645 casus
1169 1612 1220 1644 bis
1247 1611 1386 1644 omnino
1420 1617 1532 1643 exstat
1558 1611 1651 1655 apud

133 1658 340 1702 Virgilium,
366 1659 422 1691 hic
443 1666 479 1691 et
497 1671 601 1703 supra
624 1671 674 1691 vs.
701 1661 801 1699 308.;
836 1660 1035 1704 posteriore
1062 1659 1201 1704 quidem
1230 1658 1310 1691 loco
1341 1667 1417 1690 tres
1448 1657 1580 1698 editur,
1615 1664 1651 1690 et

133 1705 183 1737 ita
218 1706 252 1737 in
280 1706 442 1738 Mediceo
469 1705 687 1749 ceterisque,
721 1714 759 1738 ut
789 1705 948 1747 videtur,
982 1706 1081 1739 libris
1113 1712 1300 1738 exaratum.
1350 1706 1523 1745 Quorsum
1545 1703 1650 1748 igitur

132 1760 253 1784 nostro
273 1752 353 1785 loco
377 1754 445 1785 tris
458 1752 686 1785 retinebimus
702 1779 710 1791 ,
737 1752 766 1785 si
786 1765 890 1797 supra
910 1761 987 1785 tres
1004 1752 1257 1797 relinquimus?
1306 1754 1350 1783 At
1371 1763 1473 1794 quum
1490 1777 1499 1792 ‚
1533 1757 1571 1783 ut
1593 1750 1648 1783 vi—

132 1798 263 1837 dimus,
299 1799 353 1831 bis
385 1806 520 1831 tantum
558 1799 810 1838 nominativus,
855 1811 960 1843 saepe
987 1806 1103 1832 autem
1131 1797 1345 1832 accusativus
1371 1804 1525 1830 recurrat
1555 1798 1649 1841 apud

133 1846 336 1889 Virgilium,
364 1846 445 1890 quid
466 1846 587 1878 mirum
603 1873 610 1885 ,
636 1846 665 1878 si
685 1845 847 1879 librarius
861 1872 869 1887 ,
896 1847 1021 1878 crebro
1039 1845 1123 1878 lecti
1141 1847 1212 1878 tris
1230 1856 1362 1877 memor
1374 1870 1383 1885 ‚
1409 1856 1485 1876 eam
1502 1845 1649 1877 formam

132 1893 237 1925 semel
255 1905 323 1925 non
341 1905 403 1925 suo
425 1892 504 1925 loco
528 1892 673 1924 intulit?
700 1905 904 1937 quamquam
925 1893 1030 1925 etiam
1061 1904 1141 1925 casu
1171 1905 1190 1924 e
1220 1903 1289 1925 non
1317 1902 1397 1924 raro
1429 1890 1463 1923 in
1493 1892 1525 1931 i,
1560 1903 1648 1935 quae

131 1947 210 1971 sunt
227 1939 351 1972 literae
379 1939 414 1971 in
441 1939 618 1972 veteribus
646 1939 746 1972 libris
774 1939 867 1972 inter
894 1952 931 1972 se
956 1939 1172 1980 simillimae,
1203 1944 1368 1971 mutatam
1395 1950 1471 1970 esse
1498 1944 1647 1970 constat.

131 1988 252 2030 ltaque
282 1986 404 2019 reduxi
433 1995 519 2019 tres.
560 1988 656 2030 lVr.)
706 1995 850 2019 turmae
877 1999 1029 2019 numero
1053 1987 1154 2019 Rom.
1183 1992 1218 2017 et
1245 1987 1384 2028 Menag.
1412 1997 1487 2029 pr.,
1519 1984 1647 2017 incon-

130 2032 242 2066 cinne.
290 2035 451 2078 uinique
472 2033 576 2067 Witt.
658 2034 727 2068 562
750 2034 909 2078 Agmina
927 2032 1096 2066 Rottend.
1113 2044 1165 2077 pr.
1188 2045 1208 2065 a
1225 2044 1269 2065 m.
1291 2044 1359 2065 sec.
1442 2031 1510 2066 563
1540 2032 1647 2064 Vana

130 2081 268 2123 Menag.
289 2080 349 2112 alt.
393 2092 537 2126 parvos
554 2081 675 2121 Rom„
701 2086 737 2112 ut
756 2087 792 2112 et
809 2081 892 2114 569.
988 2080 1057 2114 564
1081 2080 1221 2113 Nomen
1249 2080 1312 2124 qui
1337 2079 1458 2111 Frauc.
1508 2078 1648 2111 Polites

129 2128 256 2161 Medic.
280 2140 299 2160 τι
319 2140 361 2159 m.
386 2139 437 2171 pr.
465 2139 543 2160 eum
562 2126 671 2160 tribus
693 2127 770 2160 aliis
788 2126 909 2160 Heius.
930 2133 964 2159 et
984 2133 1083 2172 parte
1104 2126 1355 2159 Pierianorum.

129 2234 222 2271 bina
253 2235 445 2277 hastilia‚·
488 2236 548 2272 acl
578 2236 689 2286 quod
715 2236 860 2283 Virgi-

128 2293 230 2329 lium
265 2301 418 2330 constat
455 2294 648 2332 alludere.
717 2292 861 2329 Poetae

127 2349 249 2399 igitur
276 2350 470 2387 iudicium
501 2351 543 2387 in
574 2349 637 2387 his
668 2350 718 2389 ad
746 2363 858 2387 suam

128 2413 299 2444 aetatem
332 2408 680 2445 accommodandis
722 2408 857 2445 decla-

129 2470 221 2500 rant.
262 2464 360 2501 haec
401 2465 521 2502 Macri
560 2466 693 2503 verba.
751 2466 853 2502 cons.

128 2524 291 2559 sueton.
313 2524 455 2559 Ociav.
489 2522 555 2571 415,
590 2524 697 2560 unde
723 2522 853 2573 inpri-

129 2579 199 2615 mis
234 2588 410 2630 torquem
450 2594 542 2616 mox
588 2595 666 2617 non
706 2580 853 2629 absque

128 2637 291 2673 romilio
365 2643 627 2674 nwmoraluni
706 2638 852 2674 vidvas.

129 2696 223 2731 Nam
245 2695 338 2735 558.
360 2696 442 2736 559
473 2701 608 2730 ornate
639 2709 733 2745 pro,
768 2701 854 2731 iol*-

126 2766 242 2802 quem
287 2752 389 2788 collo
430 2752 637 2799 gestabant
676 2765 855 2788 aureum.

126 2811 172 2847 vs.
197 2810 261 2847 ins.
287 2811 337 2855 Χ,
361 2812 447 2849 137.
474 2811 563 2848 138.
595 2808 852 2853 (tm-ioblorll,

127 2868 244 2914 torm
274 2873 321 2904 ul
346 2862 545 2914 στρεπτός.

183 2925 436 2966 560—574.
464 2924 574 2961 Pueri
597 2925 704 2960 sucre
725 2922 855 2959 onmi-

920 2247 973 2270 no
1000 2233 1178 2272 XXXVI
1193 2247 1284 2271 cum
1315 2232 1432 2270 trinis
1461 2232 1646 2270 ductori-

918 2291 1014 2340 bus7
1055 2291 1096 2328 in
1134 2297 1215 2329 tres
1244 2297 1400 2328 turmas
1431 2290 1643 2341 descripti:

916 2362 1180 2399 unaquaeque
1204 2355 1338 2386 turma
1359 2348 1434 2385 XII
1455 2348 1643 2399 capitum.

916 2407 1153 2444 Ternarium
1172 2419 1382 2444 numerum
1412 2405 1463 2443 ad
1494 2412 1576 2443 tres
1601 2406 1642 2442 P.

914 2464 961 2501 R.
1002 2465 1132 2502 tribus
1174 2478 1194 2500 a
1232 2462 1403 2501 Romulo
1439 2463 1643 2499 institutas

912 2522 1034 2558 refert
1056 2522 1240 2569 Servius3
1272 2521 1409 2557 saltem
1436 2520 1642 2557 centurias

912 2585 991 2615 tres
1010 2579 1189 2628 equitum
1208 2578 1349 2628 respici
1373 2577 1503 2615 dicere
1520 2578 1635 2614 debe-

912 2637 990 2673 bat.
1024 2637 1070 2672 cs.
1092 2636 1173 2673 Liv.
1201 2635 1226 2681 I,
1254 2638 1316 2675 13.
1376 2634 1452 2671 Sed
1481 2635 1640 2672 ornavit

914 2698 1026 2743 posta
1050 2693 1181 2729 locuni
1203 2696 1350 2742 egregie
1381 2705 1541 2740 eorum,
1574 2692 1641 2743 qui

917 2756 1068 2786 turmas
1092 2750 1313 2797 ducebant,
1345 2750 1572 2787 nominibus
1602 2756 1641 2786 et

914 2808 1024 2856 equis
1045 2807 1307 2846 declarandis,
1338 2809 1542 2857 magistris
1559 2807 1639 2845 vid.

916 2878 1001 2915 sup.
1045 2879 1081 2902 ν.
1125 2865 1219 2905 546.
1263 2863 1383 2916 (adde
1422 2878 1480 2902 vs.
1525 2867 1640 2910 6695

911 2922 1103 2972 paribus,
1139 2922 1289 2974 pariter
1315 2922 1488 2960 armatis.
1526 2919 1638 2972 lt'r.)
