1779 3420
167 206 268 251 826
503 203 556 251 P.
595 202 947 252 VIRGILII
991 201 1363 252 MARONIS

164 326 369 377 Urbem
390 326 526 376 odiis
540 328 659 376 satis
685 336 777 389 est,
794 344 894 377 nec
913 344 1148 394 poenam
1161 337 1301 377 traxe
1319 344 1417 394 per
1435 345 1681 381 omnem:

162 396 434 463 Reliquias
459 397 668 459 Troiae,
711 398 915 447 cineres
939 407 1097 464 atque
1120 415 1235 447 ossa
1255 407 1531 464 peremtae

163 468 482 533 Insequitur.
531 469 748 517 Caussas
768 469 898 516 tanti
920 469 1045 517 sciat
1067 468 1153 517 illa
1176 467 1385 520 furoris,

162 538 284 602 Ipse
303 536 434 585 mihi
460 553 635 602 nuper
665 537 870 601 Libycis
899 547 957 586 tu
979 539 1124 587 testis
1147 538 1198 586 in
1223 538 1398 602 undis,

165 609 339 668 Quam
355 605 556 655 molem
572 607 747 655 subito
771 608 994 658 excierit.
1031 608 1195 658 Maria
1210 609 1391 657 omnia
1409 608 1561 658 coelo
1580 615 1681 661 790

161 677 396 738 Miscuit,
437 675 630 725 Aeoliis
649 676 1017 743 nequidquam
1036 676 1171 728 freta
1193 677 1457 744 procellis,

161 748 224 796 In
247 747 423 810 regnis
447 745 552 794 hoc
577 763 697 795 ausa
720 748 835 798 tuis,

161 819 265 866 Per
286 815 455 865 scelus
477 831 598 864 ecce
623 817 781 865 etiam
809 816 1052 866 Troianis
1073 816 1332 866 matribus
1353 818 1478 867 actis

233 903 348 950 786.
369 903 484 950 787.
507 912 698 947 OMNEM
718 900 1036 957 RELIQUIAS:
1076 901 1287 948 TROIAE
1313 915 1355 951 c,

254 1003 323 1038 786
347 1015 413 1036 nec
436 1016 472 1048 p.
499 1012 604 1036 traxe
623 1017 694 1049 per
720 1018 750 1038 o.
788 1011 825 1037 ut
848 1005 912 1045 XI,
940 1005 1016 1039 118.
1046 1006 1152 1038 vixet.
1201 1007 1299 1038 Hunc
1334 1017 1376 1038 ex
1409 1006 1510 1037 Rom.
1543 1008 1579 1036 et
1611 1002 1681 1036 ali-

161 1057 248 1094 quot
271 1050 349 1082 aliis
375 1051 478 1083 codd.
504 1051 671 1084 firmatam
697 1064 716 1084 a
745 1051 860 1084 Pierio
887 1058 921 1084 et
946 1064 965 1085 a
1003 1053 1066 1084 Ge.
1098 1053 1261 1086 Fabricio
1294 1052 1481 1085 lectionem
1517 1049 1680 1083 Heinsius

160 1096 286 1129 merito
311 1097 470 1131 retinuit.
520 1098 636 1142 Vulgo
663 1100 838 1140 traxisse,
876 1099 938 1143 (ita
964 1100 995 1133 8.
1020 1100 1054 1133 9.
1082 1100 1135 1133 10.
1164 1102 1218 1134 12.
1248 1100 1343 1142 lVr.)
1376 1105 1414 1131 ut
1446 1098 1480 1130 in
1516 1097 1679 1130 Medieeo

161 1156 299 1188 quoque
318 1156 337 1176 a
357 1157 411 1189 pr.
429 1157 473 1178 m.
522 1146 674 1189 Cumque
697 1146 747 1178 ita
772 1157 890 1179 versus
915 1147 1103 1186 laboraret,
1129 1159 1196 1179 nec
1219 1146 1401 1186 omissum3
1427 1145 1487 1178 ¹cxlii
1508 1145 1543 1177 in
1573 1144 1679 1177 alium

157 1189 273 1223 locum
293 1191 574 1236 adscripserunt;
599 1193 760 1227 Parrhas.
787 1192 905 1226 omisit
929 1201 1002 1226 est:
1028 1194 1097 1226 duo
1124 1193 1229 1226 etiam
1255 1195 1457 1233 transisse,
1480 1204 1571 1224 nova
1596 1204 1679 1224 cor-

159 1238 309 1283 ruptela.
360 1251 427 1272 nec
441 1252 479 1285 p.
506 1241 638 1272 exiisse
662 1243 783 1285 Sprot.
833 1242 971 1273 rexisse
995 1241 1119 1284 Puget.
1169 1242 1329 1273 Ceterum
1363 1239 1528 1273 scribitur
1562 1247 1678 1279 traxe,

160 1293 306 1326 traxse,
340 1294 478 1325 trusse5
523 1287 647 1330 fragm.
684 1287 797 1321 Vatic.
834 1296 1000 1329 traxere,
1050 1295 1083 1320 et
1115 1288 1270 1320 obducto
1309 1300 1349 1320 re
1383 1298 1555 1331 superscr.
1594 1286 1679 1318 isse.

158 1334 252 1365 Inter
278 1332 371 1375 edd„
395 1333 499 1366 Aldd.
526 1346 579 1378 pr.
606 1343 726 1367 tra-sse
758 1335 955 1371 habeb-..nn
991 1347 1066 1367 cum
1102 1336 1224 1378 Egnat.
1257 1335 1433 1367 inductum
1470 1335 1628 1366 traxisse
1660 1345 1679 1365 a

157 1379 350 1423 Naugerio.
398 1382 508 1413 Porro
531 1394 599 1426 per
626 1394 747 1414 omnes
771 1385 816 1414 R.
845 1382 934 1415 Gud.
962 1389 996 1415 et
1018 1383 1155 1425 Menag.
1181 1394 1235 1426 pr.
1270 1382 1342 1414 Erf.
1391 1383 1478 1425 (non
1510 1392 1678 1426 poenam,

158 1426 347 1459 lectionem
372 1428 450 1461 cod.
475 1429 615 1469 Iesuit.,
639 1429 776 1473 recepit
800 1429 944 1463 Vv'akef.
994 1430 1046 1461 De
1069 1429 1353 1474 interpunctione
1377 1429 1449 1462 vid.
1475 1439 1564 1472 quae
1589 1425 1679 1459 scri-

157 1473 213 1519 psi
237 1473 281 1506 ad
307 1487 356 1506 vs.
382 1487 482 1520 prox.
512 1476 608 1520 Wr.)
705 1477 774 1511 787
796 1485 962 1521 peremta
986 1476 1055 1508 duo
1080 1478 1193 1509 Burm.
1239 1484 1436 1522 parentum
1469 1487 1526 1519 qu.
1552 1475 1678 1506 Morct.

158 1520 293 1553 Torkel
319 1522 437 1554 Buden
462 1522 505 1555 ad
531 1526 684 1556 Senecae
711 1524 813 1556 Herc.
838 1524 903 1556 sur.
930 1537 965 1568 p.
990 1524 1036 1558 32
1061 1524 1159 1556 malit
1184 1524 1453 1568 interpungere:
1488 1533 1554 1554 nec
1584 1533 1677 1566 poe—

157 1580 242 1601 nam
268 1576 374 1601 traxe
394 1583 463 1615 per
490 1582 637 1603 omnem.
685 1571 877 1616 Reliquias
907 1572 1057 1611 Troiae,
1091 1572 1233 1603 cineres
1258 1580 1368 1615 acque
1394 1582 1499 1608 ossa,
1529 1580 1678 1614 perem—

158 1623 218 1647 tae
242 1617 467 1660 Insequitur.
519 1619 570 1660 (ln
594 1617 755 1650 Mediceo
781 1629 851 1649 non
876 1624 959 1661 post
983 1618 1197 1662 Reliquias,
1234 1617 1295 1650 sed
1334 1623 1416 1661 post
1454 1617 1587 1648 Troiae
1619 1614 1678 1646 in-

156 1662 401 1706 terpungitur,
439 1671 520 1707 post
546 1677 683 1696 omnem
709 1664 801 1698 nullu
829 1664 1020 1698 distinctio.
1069 1666 1107 1696 In
1145 1665 1268 1708 fragm.
1304 1665 1385 1697 Vat.
1420 1669 1504 1707 post
1541 1674 1677 1695 omnem

158 1715 194 1740 et
223 1711 375 1749 Troiae,
400 1710 505 1742 etiam
530 1718 612 1755 post
636 1712 797 1751 cineres,
824 1711 1060 1755 distinguitur.
1110 1713 1185 1744 Nec
1210 1711 1403 1756 Reliquias
1426 1717 1523 1742 recte
1549 1709 1676 1741 adiun-

156 1762 244 1798 gunt
267 1757 506 1800 superioribus
521 1783 529 1798 ,
564 1758 726 1801 quoniam
760 1771 776 1789 r
791 1758 1001 1802 eliquiae
1037 1765 1070 1790 et
1104 1758 1176 1790 cin
1195 1770 1268 1790 ere
1283 1771 1297 1789 s
1331 1757 1506 1800 quomodo
1542 1755 1676 1800 opponi

156 1802 251 1834 inter
276 1815 312 1834 se
337 1804 519 1836 commode
543 1804 696 1844 possint,
722 1816 789 1837 non
815 1805 1047 1848 intelligitur3
1074 1817 1138 1837 nec
1167 1806 1321 1844 Troiae,
1356 1810 1439 1845 post
1463 1802 1609 1835 incisum
1646 1802 1676 1835 si

157 1849 371 1889 collocatur,
408 1850 475 1882 vim
502 1851 669 1894 principis
694 1852 764 1884 loci
798 1852 882 1884 satis
916 1859 1046 1885 tuetur.
1096 1853 1217 1895 Itaque
1251 1850 1382 1883 mutavi
1412 1849 1669 1894 interpunctio-

156 1908 246 1928 nem.
307 1897 391 1929 Noli
433 1905 549 1930 tamen
585 1899 691 1931 verba
730 1900 870 1931 eineres
904 1906 940 1931 et
974 1911 1059 1932 essa
1090 1898 1258 1931 vocabulo
1294 1898 1470 1943 reliquias
1498 1903 1676 1940 tamquam

156 1943 319 1988 apposita
344 1944 576 1987 subiungere,
602 1952 638 1977 ut
661 1946 799 1977 videtur
825 1946 996 1978 Badenius
1022 1945 1186 1978 voluisse.
1219 1945 1313 1986 IVr.)
1408 1945 1477 1979 788
1503 1945 1572 1976 cies
1603 1946 1675 1976 Zu-

154 1990 238 2023 lich.
263 2002 327 2035 pro
354 2003 426 2024 var.
451 1991 534 2025 leet.
565 1993 613 2025 sic
639 2005 687 2025 an
712 1994 847 2036 Hugen.
887 1992 1044 2038 furores
1067 1992 1195 2025 Medic.
1221 2005 1240 2025 a
1264 2004 1308 2024 m.
1333 2002 1386 2034 pr.
1481 1992 1549 2026 789
1572 1992 1676 2023 testis

154 2040 197 2070 L·
226 2046 265 2069 tu
292 2050 412 2083 nuper
436 2040 524 2070 Ven-
620 2041 688 2074 790
715 2043 829 2082 Quam
854 2039 974 2073 subito
999 2040 1125 2072 molem
1151 2052 1225 2073 exc,
1253 2038 1402 2082 Oblong.
1428 2037 1519 2070 Pier.
1559 2040 1674 2079 Quam

155 2098 199 2117 m.
226 2097 299 2117 exc.
325 2084 445 2118 subito
471 2085 531 2118 alii
556 2085 646 2119 Pier.
695 2088 822 2119 exierit
849 2088 948 2120 Rom.
998 2088 1174 2119 excierint
1193 2085 1311 2119 subito
1333 2086 1423 2117 ven.
1516 2085 1582 2119 791
1605 2097 1672 2116 ne-

155 2133 324 2176 quiquam
349 2132 473 2175 sragm.
500 2133 615 2165 vatic.
711 2134 779 2168 792
804 2135 893 2166 lzaec·
915 2141 987 2166 tres
1016 2135 1198 2166 Burmann.
1234 2145 1310 2165 cum
1343 2131 1452 2165 Goth.
1487 2143 1556 2163 sec.
1605 2131 1673 2163 lioc

154 2191 288 2211 caussa
313 2179 403 2211 alter
428 2180 565 2224 Menag.
615 2182 742 2221 Forte,
768 2180 818 2213 ait
841 2183 1047 2222 Burmann„
1082 2192 1146 2224 pro
1172 2181 1268 2213 lzooe'
1293 2192 1397 2212 ausa.
1433 2178 1517 2221 (vid.
1554 2179 1597 2210 V.
1632 2178 1671 2211 L.

154 2226 199 2258 ad
227 2227 265 2265 Π,
291 2227 371 2261 664.
405 2228 497 2267 lfr.)
550 2228 642 2267 Quid
675 2235 790 2260 tamen
829 2228 1038 2269 sollennius,
1075 2239 1177 2272 quam
1210 2227 1373 2259 librarios
1408 2225 1471 2258 tali
1506 2236 1671 2258 sonorum

154 2273 392 2316 geminatione
418 2275 590 2318 peccare?
692 2275 761 2309 793
798 2277 870 2307 I'er
902 2276 1023 2308 scelus
1053 2275 1142 2307 Pier.
1179 2280 1214 2306 et
1248 2273 1367 2305 Heius.
1403 2285 1421 2305 e
1454 2271 1670 2304 melioribus.

153 2319 244 2351 adde
277 2320 399 2363 fragm.
437 2322 550 2354 Vatic.
587 2329 621 2354 et
657 2322 735 2354 cod.
769 2322 885 2355 Vatic.
924 2322 1100 2354 laudatum
1148 2321 1350 2353 Bencdicto.
1400 2319 1536 2363 Vulgo:
1571 2319 1671 2351 Proh.

153 2367 298 2399 scelus!
320 2367 513 2400 variatione
540 2375 576 2401 et
602 2368 686 2401 alibi
711 2369 824 2402 obvia.
850 2382 881 2402 v.
906 2369 1027 2402 Heius.
1054 2369 1097 2401 ad
1124 2368 1223 2401 Ovid.
1248 2369 1312 2412 Ep.
1339 2367 1387 2409 X,
1411 2367 1444 2400 6.
1492 2365 1562 2399 Sed
1598 2367 1671 2398 Per

155 2462 250 2501 787.
270 2462 366 2499 lVr.
389 2484 444 2490 --
477 2464 648 2501 Graecos
667 2464 882 2502 imitantur

154 2523 193 2555 et
217 2517 279 2556 hic
297 2526 438 2570 poetae
461 2522 639 2559 Romani.
670 2522 734 2559 Sic
745 2523 882 2573 Eurip.

155 2575 277 2627 [phig.
310 2577 353 2615 T.
387 2580 482 2620 957.
529 2579 590 2616 ed.
630 2579 773 2618 Matth.
815 2577 882 2619 διᾶ

153 2631 294 2674 πόνων
319 2632 413 2687 ἄγει.
439 2634 593 2689 lx'ulzk.)
662 2639 802 2674 'lb-oiae
821 2640 882 2674 ct·-

153 2706 262 2729 neres
282 2700 402 2743 atque
425 2708 513 2730 ossa
537 2703 741 2743 peremtae
769 2697 881 2732 luse-

153 2752 289 2801 quitur
316 2751 491 2801 graviter
534 2751 710 2801 dietum,
749 2751 881 2788 classis

152 2821 249 2846 vero
300 2808 652 2858 conflagrationem
709 2809 881 2846 maxime

151 2866 326 2917 respicit.
387 2868 483 2907 788.
521 2881 687 2904 caussas
717 2867 764 2905 cs.
795 2880 880 2917 sup.

152 2923 179 2973 1,
205 2927 230 2965 8
255 2938 338 2975 sqq.
360 2925 412 2973 X,
435 2927 489 2966 62
512 2938 594 2975 sqq.
627 2926 681 2966 89
705 2938 761 2974 sq.
793 2924 880 2972 ΧΠ,

940 2466 1021 2505 791
1050 2477 1134 2513 sqq.
1173 2464 1220 2500 cs.
1243 2463 1409 2500 Excurs.
1442 2461 1488 2498 I*
1521 2460 1573 2498 ad
1600 2459 1668 2498 lib.

940 2522 956 2558 Ι
974 2528 1013 2558 et
1034 2522 1200 2558 Excurs.
1220 2521 1255 2558 ΙΙ
1276 2520 1325 2557 ad
1345 2519 1412 2559 lib.
1436 2518 1525 2555 XII.

1000 2582 1082 2619 789
1096 2580 1257 2619 ——792
1286 2592 1324 2615 v.
1350 2590 1435 2627 sup.
1455 2576 1485 2624 l,
1506 2575 1560 2616 50
1583 2588 1667 2626 sqq.

941 2638 1083 2673 molem
1122 2635 1161 2672 h.
1199 2648 1231 2672 e.
1277 2640 1551 2685 tempestatem
1570 2662 1580 2681 ,
1616 2639 1667 2681 et,

941 2696 1100 2730 tui-veuit
1122 2706 1159 2731 v.
1178 2692 1273 2730 ibid.
1293 2706 1331 2730 v.
1355 2694 1448 2733 133·
1477 2691 1557 2734 134
1574 2693 1668 2728 lam

939 2752 1093 2788 coelam
1111 2759 1330 2801 terramque
1350 2756 1423 2788 etc.
1471 2751 1513 2786 in
1534 2750 1667 2799 regnis

940 2810 1020 2845 tuis
1039 2808 1120 2846 vid.
1141 2808 1235 2845 ibid.
1259 2810 1338 2850 138
1358 2821 1414 2859 sq.

998 2866 1253 2907 793—795.
1294 2868 1381 2905 Per
1408 2867 1535 2903 scelus
1565 2867 1667 2902 actis

940 2924 1133 2961 matribus
1161 2926 1224 2964 Tr.
1247 2923 1289 2961 in
1311 2923 1449 2973 scelus,
1466 2937 1540 2975 pro
1562 2923 1665 2974 vulg.
