1827 3436
340 286 867 337 TRACTATARUM
906 285 1335 333 INVENTIONE
1520 293 1584 335 53

88 417 341 468 cedoniae
378 413 664 478 imperium
705 411 942 476 suscipit3
989 413 1139 461 τοῦτο
1180 409 1272 475 γάρ
1312 408 1585 474 Ἀφροδίτη

84 492 344 551 ἐπέσκηψε·
406 481 544 533 conf.
594 481 660 530 de
707 481 811 529 hoc
854 480 1092 530 Cononis
1148 478 1267 525 loco
1311 478 1518 528 Excurs.
1566 481 1585 525 1

84 554 149 602 ad
200 553 286 603 lib.
338 554 425 602 III.
513 552 687 601 Etiam
737 549 1159 615 praedictionem
1219 546 1388 607 illam,
1447 546 1585 594 sedis

84 621 399 673 condendae
444 621 623 669 locum
670 618 882 668 fatalem
925 617 1075 666 illum
1121 615 1262 678 fore,
1312 615 1402 663 ubi
1444 614 1584 663 same,

83 691 343 758 compulsi
384 707 594 739 mensas
641 688 1024 749 comedissent,
1086 687 1188 734 iam
1234 684 1443 750 pridem
1482 688 1586 732 An-

83 762 254 812 chisae
290 779 316 809 a
348 764 561 810 Venere
607 757 827 820 factam,
873 774 902 806 e
939 759 1161 807 Caesare
1198 754 1283 806 lib.
1319 756 1344 802 Ι
1392 763 1444 802 et
1481 757 1585 802 Lu-

80 832 206 881 tatio
249 830 334 881 lib.
372 832 423 878 ΙΙ
465 837 654 878 monet
695 829 879 879 Victor
909 827 972 877 O.
1007 828 1065 875 G.
1100 827 1161 875 R.
1206 831 1262 876 11
1316 828 1434 872 Tum
1478 828 1584 872 An-

81 906 222 951 chisa
263 904 569 961 coniiciente,
628 902 767 947 illam
804 916 910 947 esse
945 899 1260 944 miseriarum
1303 897 1586 957 errorisque

64 976 251 1039 finem,
308 974 492 1034 quippe
530 972 844 1027 meminerat,
903 970 1128 1014 fenerem
1177 967 1269 1012 sibi
1313 967 1585 1027 aliquando

78 1045 395 1105 praedixisse
437 1048 530 1089 ete.
591 1046 642 1086 et
685 1054 793 1102 cap.
839 1041 868 1086 9
911 1052 971 1083 ex
1013 1032 1311 1083 Alexandro
1345 1031 1578 1097 Ephesio

80 1111 164 1161 lib.
197 1113 222 1159 I
261 1108 327 1157 de
362 1108 506 1157 bello
539 1107 788 1157 Marsico:
818 1136 888 1142 —-
920 1109 1073 1153 Idam
1104 1107 1252 1166 petit,
1302 1105 1461 1166 ibique
1490 1122 1583 1150 πα-

78 1184 214 1229 vibus
243 1182 522 1244 fabricatis
553 1208 623 1214 —
652 1179 842 1225 oraculi
885 1177 1141 1223 admonita
1182 1176 1390 1221 Italiam
1432 1175 1585 1235 petit,-

81 1259 133 1298 et
161 1249 371 1312 Dionys,
410 1250 447 1309 I,
485 1250 551 1298 55
577 1277 647 1284 —-
680 1262 748 1294 ne
785 1245 839 1293 in
872 1244 1154 1291 ulteriores
1189 1244 1436 1306 Europae
1469 1258 1583 1305 par-.

80 1329 158 1367 tes
211 1317 382 1366 classis
424 1317 652 1365 Troiana
697 1315 989 1377 navigaret,
1040 1322 1093 1363 οἵ
1131 1335 1184 1363 τε
1230 1315 1438 1377 χρησμοὶ
1476 1315 1585 1374 ἐγέ-

79 1410 224 1440 νοντο
263 1395 446 1448 αἴτιοι,
499 1392 633 1440 τέλος
661 1385 893 1449 λαβόντες
929 1389 980 1434 ἐν
1016 1382 1213 1437 τούτοις
1249 1388 1350 1436 τοῖς
1392 1382 1585 1445 χωρίοις

79 1461 155 1508 καὶ
192 1457 253 1508 w*
298 1456 556 1520 δαιμόνιον
602 1457 848 1515 πολλαχῶς
884 1451 974 1518 τήν
1010 1454 1191 1502 ἑαυτοῦ
1235 1449 1465 1515 βούλησιν
1501 1455 1584 1498 ἑν·-

80 1527 403 1590 δεικνιῗμενον.
473 1528 658 1573 Narrat
707 1521 834 1570 inde
873 1528 1117 1586 portenta
1156 1519 1209 1566 in
1255 1516 1478 1582 appulsu
1519 1515 1584 1564 ad

79 1598 403 1643 Laurentum
448 1591 609 1653 sacta,
666 1591 844 1639 latices
892 1589 1054 1638 fontis
1098 1596 1322 1652 repente
1370 1604 1398 1634 e
1444 1594 1584 1633 terra

80 1663 437 1729 prosilienteS,
474 1678 684 1710 mensas
723 1660 1013 1720 absumtas,
1062 1666 1114 1706 et
1149 1673 1339 1705 vocem
1372 1673 1432 1704 ex
1461 1654 1582 1702 luco

78 1742 299 1799 repente
338 1731 582 1782 auditam.
654 1734 721 1780 At
758 1729 984 1793 Sibyllae
1021 1727 1280 1787 monitus,
1334 1741 1468 1791 quos
1501 1723 1582 1772 alii

79 1803 202 1854 ibid.
241 1802 382 1867 apud
418 1803 628 1863 Dionys.
667 1803 704 1859 Ι,
747 1804 811 1850 55
848 1797 1083 1861 Erythris
1121 1803 1364 1859 acceptos
1406 1810 1583 1841 narra-

77 1881 214 1934 runt,
249 1887 491 1937 quosque
517 1869 757 1919 Tibullus
778 1871 841 1925 ΙΙ,
866 1874 896 1920 5
924 1883 1066 1915 novo
1104 1864 1365 1929 exemplo,
1404 1871 1582 1911 oestro

77 1942 399 1990 vaticinantis
444 1944 497 1988 in
537 1939 757 2002 elegiam
796 1938 963 1997 illato,
1019 1935 1256 1999 arripuit,
1315 1932 1584 1998 praeteriit

77 2016 249 2072 Maro,
291 2028 411 2059 cum
451 2008 673 2072 Sibyllae
714 2008 842 2056 alius
880 2007 1026 2054 locus
1064 2005 1117 2052 in
1158 2003 1416 2065 carmine,
1455 2001 1582 2050 aliae

78 2089 251 2146 partes
290 2088 488 2141 essent,
527 2079 579 2126 in
617 2078 703 2128 lib.
736 2079 819 2127 VI.
891 2079 1100 2124 Interea
1139 2072 1369 2138 Apollini
1408 2070 1583 2119 omni-

79 2166 149 2198 no
176 2149 350 2197 honos
373 2149 461 2197 ille
488 2148 679 2196 mansit
704 2155 1010 2213 perpetuus,
1035 2152 1094 2191 ut
1111 2143 1175 2191 ad
1195 2158 1319 2190 eum
1343 2139 1581 2188 fatorum

78 2223 287 2268 Aeneae
337 2227 388 2266 et
423 2226 790 2283 posterorum,
835 2214 1120 2278 Italiaeque
1165 2212 1228 2259 ab
1268 2210 1326 2258 iis
1364 2226 1584 2274 occupa-

79 2298 187 2349 tae,
228 2288 393 2336 fatalis
433 2287 567 2335 ordo
606 2285 910 2334 referretur.
981 2281 1176 2332 Nobile
1215 2279 1345 2328 illud
1383 2278 1581 2326 Horatii

79 2358 129 2405 in
163 2358 408 2407 Carmine
447 2356 721 2405 saeculari:
769 2358 974 2404 Condito
1012 2355 1142 2399 mitis
1175 2358 1226 2398 et
1263 2366 1377 2414 sqq.
1418 2352 1582 2396 Roma

78 2432 120 2475 si
152 2438 367 2475 vestrum
392 2437 462 2475 est
493 2446 632 2489 opus,
670 2429 892 2488 Iliaeque
918 2427 1077 2470 Linus
1100 2424 1364 2468 Etruscum
1393 2428 1583 2466 tenuere

80 2507 294 2556 turmae,
359 2501 507 2545 Iussa
553 2494 834 2555 (oraculo)
876 2511 1004 2556 pars
1041 2500 1236 2538 mutare
1278 2493 1439 2536 Lares
1487 2495 1579 2535 ete.

81 2565 195 2616 add.
235 2568 289 2615 C.
327 2568 420 2626 IV,
459 2572 514 2626 6,
555 2571 597 2614 3.
637 2571 717 2615 21.
789 2560 1042 2612 Refertur
1080 2574 1296 2624 quoque
1338 2556 1460 2606 ibid.
1500 2561 1580 2606 21.

81 2634 144 2682 ad
183 2651 528 2683 communem
576 2632 836 2700 Apollinis
884 2639 934 2679 et
971 2628 1194 2680 Veneris
1230 2642 1474 2692 operam,
1525 2633 1581 2671 ut

85 2823 172 2870 tius,
203 2825 263 2862 cui
295 2830 480 2873 excerpta
514 2822 610 2859 haec
641 2821 849 2867 debemus,
889 2819 960 2856 etsi
1002 2831 1142 2869 parum
1182 2813 1407 2858 commode,
1450 2812 1580 2848 dii-ere

86 2880 230 2916 voluit:
271 2891 350 2917 <arlo
389 2882 468 2916 aule
500 2880 670 2916 Aeneam
710 2891 760 2915 cx
800 2876 959 2913 sedibus
999 2875 1049 2911 ad
1096 2874 1202 2911 ldani
1246 2871 1485 2913 discessisse,
1537 2876 1573 2905 ul

85 2935 131 2969 ab
174 2936 255 2986 ipso
297 2937 453 2987 Virgilio
497 2938 547 2983 ll,
595 2938 689 2976 801.
729 2935 767 2971 in
814 2934 985 2970 discessu
1032 2931 1206 2969 Aeneam
1264 2931 1429 2978 lamque
1473 2929 1579 2975 [agas

84 3005 257 3029 summae
289 2994 472 3043 surg-‹zlml
504 2994 670 3043 LnezJi’r
701 2993 823 3035 ldae,
874 2989 1135 3040 Ihzcefflthzce
1165 2989 1269 3024 ‹livm
1306 3007 1354 3013 —-
1393 2985 1500 3019 (ans-si
1530 3007 1575 3010 ν
