<?xml version="1.0" encoding="UTF-8"?>
<!DOCTYPE html PUBLIC "-//W3C//DTD XHTML 1.0 Transitional//EN"
    "http://www.w3.org/TR/xhtml1/DTD/xhtml1-transitional.dtd">
<html xmlns="http://www.w3.org/1999/xhtml" xml:lang="en" lang="en">
 <head>
  <title>
</title>
<meta http-equiv="Content-Type" content="text/html;charset=utf-8" />
  <meta name='ocr-system' content='tesseract 3.04.00' />
  <meta name='ocr-capabilities' content='ocr_page ocr_carea ocr_par ocr_line ocrx_word'/>
</head>
<body>
  <div class='ocr_page' id='page_1' title='image "./publiusvirgilius02virguoft/publiusvirgilius02virguoft_0301.png"; bbox 0 0 1827 3436; ppageno 0'>
   <div class='ocr_carea' id='block_1_1' title="bbox 370 232 1642 294">
    <p class='ocr_par' dir='ltr' id='par_1_1' title="bbox 370 232 1642 294">
     <span class='ocr_line' id='line_1_1' title="bbox 370 232 1642 294; baseline -0.004 -7"><span class='ocrx_word' id='word_1_1' title='bbox 370 233 781 288; x_wconf 79' lang='lat' dir='ltr'><strong>AENEIDOS</strong></span> <span class='ocrx_word' id='word_1_2' title='bbox 818 233 959 281; x_wconf 91' lang='lat' dir='ltr'>LIB.</span> <span class='ocrx_word' id='word_1_3' title='bbox 998 232 1064 294; x_wconf 88' lang='grc' dir='ltr'>ΙΙ,</span> <span class='ocrx_word' id='word_1_4' title='bbox 1108 235 1392 281; x_wconf 87' lang='grc'>166-181</span> <span class='ocrx_word' id='word_1_5' title='bbox 1543 236 1642 283; x_wconf 80' lang='grc'>293</span> 
     </span>
    </p>
   </div>
   <div class='ocr_carea' id='block_1_2' title="bbox 136 354 1399 426">
    <p class='ocr_par' dir='ltr' id='par_1_2' title="bbox 136 354 1399 426">
     <span class='ocr_line' id='line_1_2' title="bbox 136 354 1399 426; baseline -0.01 -13"><span class='ocrx_word' id='word_1_6' title='bbox 136 365 315 413; x_wconf 83' lang='lat' dir='ltr'>Sudor</span> <span class='ocrx_word' id='word_1_7' title='bbox 337 363 417 423; x_wconf 86' lang='lat' dir='ltr'>iit;</span> <span class='ocrx_word' id='word_1_8' title='bbox 456 371 645 426; x_wconf 88' lang='lat' dir='ltr'>terque</span> <span class='ocrx_word' id='word_1_9' title='bbox 670 360 780 425; x_wconf 89' lang='lat' dir='ltr'>ipsa</span> <span class='ocrx_word' id='word_1_10' title='bbox 803 356 919 406; x_wconf 89' lang='lat' dir='ltr'>solo</span> <span class='ocrx_word' id='word_1_11' title='bbox 943 354 1210 419; x_wconf 86' lang='lat' dir='ltr'>(mirabile</span> <span class='ocrx_word' id='word_1_12' title='bbox 1233 354 1399 418; x_wconf 89' lang='lat' dir='ltr'>dictu)</span> 
     </span>
    </p>
   </div>
   <div class='ocr_carea' id='block_1_3' title="bbox 132 424 1642 545">
    <p class='ocr_par' dir='ltr' id='par_1_3' title="bbox 132 424 1642 545">
     <span class='ocr_line' id='line_1_3' title="bbox 132 424 1641 496; baseline -0.008 -14"><span class='ocrx_word' id='word_1_13' title='bbox 132 432 387 494; x_wconf 87' lang='lat' dir='ltr'>Emicuit,</span> <span class='ocrx_word' id='word_1_14' title='bbox 433 444 786 496; x_wconf 82' lang='lat' dir='ltr'>parmamque</span> <span class='ocrx_word' id='word_1_15' title='bbox 822 425 1001 476; x_wconf 88' lang='lat' dir='ltr'>ferens</span> <span class='ocrx_word' id='word_1_16' title='bbox 1047 424 1359 490; x_wconf 79' lang='lat' dir='ltr'><strong>hastamque</strong></span> <span class='ocrx_word' id='word_1_17' title='bbox 1405 432 1641 472; x_wconf 87' lang='lat' dir='ltr'>tremen-</span> 
     </span>
     <span class='ocr_line' id='line_1_4' title="bbox 910 495 1642 545; baseline -0.001 -2"><span class='ocrx_word' id='word_1_18' title='bbox 910 503 1039 545; x_wconf 84' lang='lat' dir='ltr'>tem.</span> <span class='ocrx_word' id='word_1_19' title='bbox 1546 495 1642 542; x_wconf 88' lang='grc'>175</span> 
     </span>
    </p>
   </div>
   <div class='ocr_carea' id='block_1_4' title="bbox 129 559 1640 982">
    <p class='ocr_par' dir='ltr' id='par_1_4' title="bbox 131 559 1520 703">
     <span class='ocr_line' id='line_1_5' title="bbox 132 559 1520 634; baseline -0.007 -16"><span class='ocrx_word' id='word_1_20' title='bbox 132 568 411 634; x_wconf 84' lang='lat' dir='ltr'>Extemplo</span> <span class='ocrx_word' id='word_1_21' title='bbox 438 566 689 616; x_wconf 90' lang='lat' dir='ltr'>tentanda</span> <span class='ocrx_word' id='word_1_22' title='bbox 716 564 839 629; x_wconf 88' lang='lat' dir='ltr'>suga</span> <span class='ocrx_word' id='word_1_23' title='bbox 865 564 1000 613; x_wconf 88' lang='lat' dir='ltr'>canit</span> <span class='ocrx_word' id='word_1_24' title='bbox 1024 578 1256 628; x_wconf 85' lang='lat' dir='ltr'>aequora</span> <span class='ocrx_word' id='word_1_25' title='bbox 1277 559 1520 621; x_wconf 89' lang='lat' dir='ltr'>Calchas;</span> 
     </span>
     <span class='ocr_line' id='line_1_6' title="bbox 131 630 1389 703; baseline -0.008 -15"><span class='ocrx_word' id='word_1_26' title='bbox 131 643 240 689; x_wconf 89' lang='lat' dir='ltr'>Nec</span> <span class='ocrx_word' id='word_1_27' title='bbox 264 654 418 703; x_wconf 89' lang='lat' dir='ltr'>posse</span> <span class='ocrx_word' id='word_1_28' title='bbox 442 636 696 700; x_wconf 84' lang='lat' dir='ltr'>Argolicis</span> <span class='ocrx_word' id='word_1_29' title='bbox 720 633 950 683; x_wconf 82' lang='lat' dir='ltr'>exscindi</span> <span class='ocrx_word' id='word_1_30' title='bbox 974 636 1229 696; x_wconf 87' lang='lat' dir='ltr'>Pergama</span> <span class='ocrx_word' id='word_1_31' title='bbox 1250 630 1389 692; x_wconf 80' lang='lat' dir='ltr'>telis,</span> 
     </span>
    </p>

    <p class='ocr_par' dir='ltr' id='par_1_5' title="bbox 132 699 1512 842">
     <span class='ocr_line' id='line_1_7' title="bbox 132 699 1512 771; baseline -0.007 -15"><span class='ocrx_word' id='word_1_32' title='bbox 132 707 329 757; x_wconf 88' lang='lat' dir='ltr'>Omina</span> <span class='ocrx_word' id='word_1_33' title='bbox 351 708 404 756; x_wconf 90' lang='lat' dir='ltr'>ni</span> <span class='ocrx_word' id='word_1_34' title='bbox 425 714 671 771; x_wconf 79' lang='lat' dir='ltr'><strong>repetant</strong></span> <span class='ocrx_word' id='word_1_35' title='bbox 692 705 866 768; x_wconf 85' lang='lat' dir='ltr'>Argis,</span> <span class='ocrx_word' id='word_1_36' title='bbox 902 717 1218 767; x_wconf 90' lang='lat' dir='ltr'>numenque</span> <span class='ocrx_word' id='word_1_37' title='bbox 1240 699 1512 759; x_wconf 77' lang='lat' dir='ltr'>reducant,</span> 
     </span>
     <span class='ocr_line' id='line_1_8' title="bbox 133 769 1418 842; baseline -0.005 -16"><span class='ocrx_word' id='word_1_38' title='bbox 133 775 293 839; x_wconf 87' lang='lat' dir='ltr'>Quod</span> <span class='ocrx_word' id='word_1_39' title='bbox 309 775 497 842; x_wconf 80' lang='lat' dir='ltr'>pelago</span> <span class='ocrx_word' id='word_1_40' title='bbox 520 784 572 824; x_wconf 87' lang='lat' dir='ltr'>et</span> <span class='ocrx_word' id='word_1_41' title='bbox 597 774 764 823; x_wconf 87' lang='lat' dir='ltr'>curvis</span> <span class='ocrx_word' id='word_1_42' title='bbox 781 789 964 821; x_wconf 87' lang='lat' dir='ltr'>secum</span> <span class='ocrx_word' id='word_1_43' title='bbox 981 787 1199 820; x_wconf 81' lang='lat' dir='ltr'>avexere</span> <span class='ocrx_word' id='word_1_44' title='bbox 1221 769 1418 820; x_wconf 85' lang='lat' dir='ltr'>cariniS.</span> 
     </span>
    </p>

    <p class='ocr_par' dir='ltr' id='par_1_6' title="bbox 129 841 1640 982">
     <span class='ocr_line' id='line_1_9' title="bbox 129 841 1640 911; baseline -0.005 -16"><span class='ocrx_word' id='word_1_45' title='bbox 129 847 197 896; x_wconf 83' lang='lat' dir='ltr'>Et</span> <span class='ocrx_word' id='word_1_46' title='bbox 216 862 381 908; x_wconf 86' lang='lat' dir='ltr'>nunc,</span> <span class='ocrx_word' id='word_1_47' title='bbox 420 844 569 911; x_wconf 91' lang='lat' dir='ltr'>quod</span> <span class='ocrx_word' id='word_1_48' title='bbox 591 844 781 910; x_wconf 89' lang='lat' dir='ltr'>patrias</span> <span class='ocrx_word' id='word_1_49' title='bbox 801 850 964 891; x_wconf 84' lang='lat' dir='ltr'>vento</span> <span class='ocrx_word' id='word_1_50' title='bbox 989 841 1192 907; x_wconf 88' lang='lat' dir='ltr'>petiere</span> <span class='ocrx_word' id='word_1_51' title='bbox 1209 843 1471 903; x_wconf 77' lang='lat' dir='ltr'>MycenaS,</span> <span class='ocrx_word' id='word_1_52' title='bbox 1543 843 1640 888; x_wconf 88' lang='grc'>180</span> 
     </span>
     <span class='ocr_line' id='line_1_10' title="bbox 130 909 1637 982; baseline -0.007 -17"><span class='ocrx_word' id='word_1_53' title='bbox 130 918 289 965; x_wconf 85' lang='lat' dir='ltr'>Arma</span> <span class='ocrx_word' id='word_1_54' title='bbox 314 914 554 982; x_wconf 88' lang='lat' dir='ltr'>deosque</span> <span class='ocrx_word' id='word_1_55' title='bbox 574 921 761 980; x_wconf 88' lang='lat' dir='ltr'>parant</span> <span class='ocrx_word' id='word_1_56' title='bbox 783 912 1028 974; x_wconf 86' lang='lat' dir='ltr'>comiteS,</span> <span class='ocrx_word' id='word_1_57' title='bbox 1064 909 1366 976; x_wconf 84' lang='lat' dir='ltr'>pelagoque</span> <span class='ocrx_word' id='word_1_58' title='bbox 1388 923 1637 956; x_wconf 89' lang='lat' dir='ltr'>remenso</span> 
     </span>
    </p>
   </div>
   <div class='ocr_carea' id='block_1_5' title="bbox 125 1033 1639 1873">
    <p class='ocr_par' dir='ltr' id='par_1_7' title="bbox 125 1033 1639 1873">
     <span class='ocr_line' id='line_1_11' title="bbox 129 1033 1639 1083; baseline -0.007 -9"><span class='ocrx_word' id='word_1_59' title='bbox 129 1048 200 1074; x_wconf 87' lang='lat' dir='ltr'>tem</span> <span class='ocrx_word' id='word_1_60' title='bbox 223 1042 352 1074; x_wconf 86' lang='lat' dir='ltr'>Ennius</span> <span class='ocrx_word' id='word_1_61' title='bbox 374 1041 419 1074; x_wconf 86' lang='lat' dir='ltr'>de</span> <span class='ocrx_word' id='word_1_62' title='bbox 437 1040 552 1073; x_wconf 87' lang='lat' dir='ltr'>Lamis</span> <span class='ocrx_word' id='word_1_63' title='bbox 570 1039 710 1079; x_wconf 82' lang='lat' dir='ltr'>dixit;“</span> <span class='ocrx_word' id='word_1_64' title='bbox 741 1038 811 1083; x_wconf 82' lang='lat' dir='ltr'>leg.</span> <span class='ocrx_word' id='word_1_65' title='bbox 830 1039 875 1071; x_wconf 84' lang='lat' dir='ltr'>de</span> <span class='ocrx_word' id='word_1_66' title='bbox 905 1038 1076 1071; x_wconf 79' lang='lat' dir='ltr'>lacrimis.</span> <span class='ocrx_word' id='word_1_67' title='bbox 1123 1037 1238 1069; x_wconf 88' lang='lat' dir='ltr'>Locus</span> <span class='ocrx_word' id='word_1_68' title='bbox 1267 1047 1343 1068; x_wconf 89' lang='lat' dir='ltr'>esse</span> <span class='ocrx_word' id='word_1_69' title='bbox 1361 1033 1503 1075; x_wconf 87' lang='lat' dir='ltr'>debuit,</span> <span class='ocrx_word' id='word_1_70' title='bbox 1529 1033 1639 1077; x_wconf 88' lang='lat' dir='ltr'>qualis</span> 
     </span>
     <span class='ocr_line' id='line_1_12' title="bbox 130 1079 1638 1131; baseline -0.007 -10"><span class='ocrx_word' id='word_1_71' title='bbox 130 1088 224 1121; x_wconf 80' lang='lat' dir='ltr'>Accii</span> <span class='ocrx_word' id='word_1_72' title='bbox 243 1088 278 1120; x_wconf 89' lang='lat' dir='ltr'>in</span> <span class='ocrx_word' id='word_1_73' title='bbox 297 1087 515 1123; x_wconf 80' lang='lat' dir='ltr'>Phoenissis:</span> <span class='ocrx_word' id='word_1_74' title='bbox 553 1087 694 1119; x_wconf 73' lang='lat' dir='ltr'>Salseis</span> <span class='ocrx_word' id='word_1_75' title='bbox 715 1098 880 1119; x_wconf 81' lang='lat' dir='ltr'>cruorem</span> <span class='ocrx_word' id='word_1_76' title='bbox 906 1086 1047 1131; x_wconf 70' lang='lat' dir='ltr'>ganeis</span> <span class='ocrx_word' id='word_1_77' title='bbox 1070 1084 1300 1116; x_wconf 84' lang='lat' dir='ltr'>lacrimarum</span> <span class='ocrx_word' id='word_1_78' title='bbox 1327 1082 1414 1114; x_wconf 85' lang='lat' dir='ltr'>lavi.</span> <span class='ocrx_word' id='word_1_79' title='bbox 1462 1082 1511 1112; x_wconf 75' lang='lat' dir='ltr'>Ex</span> <span class='ocrx_word' id='word_1_80' title='bbox 1528 1079 1638 1112; x_wconf 86' lang='lat' dir='ltr'>Ennio</span> 
     </span>
     <span class='ocr_line' id='line_1_13' title="bbox 128 1127 1638 1180; baseline -0.006 -13"><span class='ocrx_word' id='word_1_81' title='bbox 128 1135 289 1168; x_wconf 79' lang='lat' dir='ltr'>laudatur</span> <span class='ocrx_word' id='word_1_82' title='bbox 307 1135 398 1180; x_wconf 85' lang='lat' dir='ltr'>apud</span> <span class='ocrx_word' id='word_1_83' title='bbox 418 1134 575 1166; x_wconf 75' lang='lat' dir='ltr'>Macrob.</span> <span class='ocrx_word' id='word_1_84' title='bbox 592 1135 652 1174; x_wconf 73' lang='lat' dir='ltr'>VI,</span> <span class='ocrx_word' id='word_1_85' title='bbox 677 1134 699 1167; x_wconf 77' lang='grc'>2</span> <span class='ocrx_word' id='word_1_86' title='bbox 718 1132 843 1176; x_wconf 69' lang='lat' dir='ltr'>JVeqae</span> <span class='ocrx_word' id='word_1_87' title='bbox 859 1135 1012 1164; x_wconf 74' lang='lat' dir='ltr'>mt&#39;serae</span> <span class='ocrx_word' id='word_1_88' title='bbox 1033 1130 1158 1163; x_wconf 79' lang='lat' dir='ltr'>lavere</span> <span class='ocrx_word' id='word_1_89' title='bbox 1181 1130 1366 1162; x_wconf 81' lang='lat' dir='ltr'>lacrumae</span> <span class='ocrx_word' id='word_1_90' title='bbox 1391 1127 1529 1160; x_wconf 75' lang='lat' dir='ltr'>salsam</span> <span class='ocrx_word' id='word_1_91' title='bbox 1548 1139 1638 1159; x_wconf 78' lang='lat' dir='ltr'>san-</span> 
     </span>
     <span class='ocr_line' id='line_1_14' title="bbox 127 1173 1637 1227; baseline -0.006 -13"><span class='ocrx_word' id='word_1_92' title='bbox 127 1182 304 1227; x_wconf 73' lang='lat' dir='ltr'>guinem).</span> <span class='ocrx_word' id='word_1_93' title='bbox 353 1182 598 1225; x_wconf 66' lang='lat' dir='ltr'>(Depravatam</span> <span class='ocrx_word' id='word_1_94' title='bbox 631 1191 705 1211; x_wconf 85' lang='lat' dir='ltr'>esse</span> <span class='ocrx_word' id='word_1_95' title='bbox 735 1190 856 1211; x_wconf 82' lang='lat' dir='ltr'>vocem</span> <span class='ocrx_word' id='word_1_96' title='bbox 878 1178 1000 1210; x_wconf 74' lang='lat' dir='ltr'>salsas</span> <span class='ocrx_word' id='word_1_97' title='bbox 1027 1188 1084 1220; x_wconf 85' lang='lat' dir='ltr'>ap.</span> <span class='ocrx_word' id='word_1_98' title='bbox 1105 1175 1231 1220; x_wconf 86' lang='lat' dir='ltr'>Virgil.</span> <span class='ocrx_word' id='word_1_99' title='bbox 1263 1188 1301 1207; x_wconf 86' lang='lat' dir='ltr'>ac</span> <span class='ocrx_word' id='word_1_100' title='bbox 1329 1174 1554 1207; x_wconf 83' lang='lat' dir='ltr'>vehementer</span> <span class='ocrx_word' id='word_1_101' title='bbox 1572 1173 1637 1205; x_wconf 81' lang='lat' dir='ltr'>sibi</span> 
     </span>
     <span class='ocr_line' id='line_1_15' title="bbox 128 1220 1637 1272; baseline -0.005 -12"><span class='ocrx_word' id='word_1_102' title='bbox 128 1227 317 1272; x_wconf 80' lang='lat' dir='ltr'>displicere</span> <span class='ocrx_word' id='word_1_103' title='bbox 338 1228 387 1259; x_wconf 88' lang='lat' dir='ltr'>ait</span> <span class='ocrx_word' id='word_1_104' title='bbox 407 1227 549 1259; x_wconf 76' lang='lat' dir='ltr'>VVakes.</span> <span class='ocrx_word' id='word_1_105' title='bbox 571 1226 616 1258; x_wconf 82' lang='lat' dir='ltr'>ad</span> <span class='ocrx_word' id='word_1_106' title='bbox 637 1227 775 1258; x_wconf 86' lang='lat' dir='ltr'>Lucret.</span> <span class='ocrx_word' id='word_1_107' title='bbox 798 1226 857 1265; x_wconf 87' lang='lat' dir='ltr'>Vl,</span> <span class='ocrx_word' id='word_1_108' title='bbox 884 1225 983 1258; x_wconf 87' lang='lat'>1185.</span> <span class='ocrx_word' id='word_1_109' title='bbox 1014 1223 1106 1265; x_wconf 74' lang='lat' dir='ltr'>Wr.)</span> <span class='ocrx_word' id='word_1_110' title='bbox 1213 1222 1278 1256; x_wconf 89' lang='grc'>177</span> <span class='ocrx_word' id='word_1_111' title='bbox 1304 1222 1386 1254; x_wconf 70' lang='lat' dir='ltr'>Non</span> <span class='ocrx_word' id='word_1_112' title='bbox 1418 1220 1526 1252; x_wconf 83' lang='lat' dir='ltr'>Goth.</span> <span class='ocrx_word' id='word_1_113' title='bbox 1559 1227 1637 1252; x_wconf 83' lang='lat' dir='ltr'>tert.</span> 
     </span>
     <span class='ocr_line' id='line_1_16' title="bbox 129 1266 1636 1315; baseline -0.007 -8"><span class='ocrx_word' id='word_1_114' title='bbox 129 1274 274 1306; x_wconf 70' lang='lat' dir='ltr'>excindi</span> <span class='ocrx_word' id='word_1_115' title='bbox 290 1274 388 1306; x_wconf 84' lang='lat' dir='ltr'>multi</span> <span class='ocrx_word' id='word_1_116' title='bbox 406 1274 559 1306; x_wconf 88' lang='lat' dir='ltr'>scribunt</span> <span class='ocrx_word' id='word_1_117' title='bbox 581 1273 682 1304; x_wconf 76' lang='lat' dir='ltr'>etium</span> <span class='ocrx_word' id='word_1_118' title='bbox 705 1271 797 1315; x_wconf 81' lang='lat' dir='ltr'>apud</span> <span class='ocrx_word' id='word_1_119' title='bbox 816 1272 949 1309; x_wconf 86' lang='lat' dir='ltr'>Burm.;</span> <span class='ocrx_word' id='word_1_120' title='bbox 976 1270 1064 1302; x_wconf 85' lang='lat' dir='ltr'>adde</span> <span class='ocrx_word' id='word_1_121' title='bbox 1083 1271 1206 1312; x_wconf 87' lang='lat' dir='ltr'>fragm.</span> <span class='ocrx_word' id='word_1_122' title='bbox 1229 1269 1310 1300; x_wconf 85' lang='lat' dir='ltr'>vat.</span> <span class='ocrx_word' id='word_1_123' title='bbox 1360 1267 1476 1300; x_wconf 73' lang='lat' dir='ltr'>excidi</span> <span class='ocrx_word' id='word_1_124' title='bbox 1504 1266 1636 1298; x_wconf 83' lang='lat' dir='ltr'>Zulich.</span> 
     </span>
     <span class='ocr_line' id='line_1_17' title="bbox 130 1312 1636 1363; baseline -0.006 -10"><span class='ocrx_word' id='word_1_125' title='bbox 130 1322 196 1356; x_wconf 88' lang='lat'>178</span> <span class='ocrx_word' id='word_1_126' title='bbox 219 1322 346 1352; x_wconf 81' lang='lat' dir='ltr'>Omnia</span> <span class='ocrx_word' id='word_1_127' title='bbox 363 1319 478 1363; x_wconf 82' lang='lat' dir='ltr'>vulgg.</span> <span class='ocrx_word' id='word_1_128' title='bbox 507 1319 569 1363; x_wconf 73' lang='lat' dir='ltr'>(sic</span> <span class='ocrx_word' id='word_1_129' title='bbox 586 1319 714 1357; x_wconf 83' lang='lat' dir='ltr'>Palat.;</span> <span class='ocrx_word' id='word_1_130' title='bbox 740 1317 803 1349; x_wconf 86' lang='lat' dir='ltr'>sed</span> <span class='ocrx_word' id='word_1_131' title='bbox 821 1319 940 1350; x_wconf 79' lang='lat' dir='ltr'>omina</span> <span class='ocrx_word' id='word_1_132' title='bbox 960 1316 1064 1348; x_wconf 86' lang='lat' dir='ltr'>ethic</span> <span class='ocrx_word' id='word_1_133' title='bbox 1079 1323 1114 1348; x_wconf 86' lang='lat' dir='ltr'>et</span> <span class='ocrx_word' id='word_1_134' title='bbox 1134 1327 1182 1348; x_wconf 79' lang='lat' dir='ltr'>vs.</span> <span class='ocrx_word' id='word_1_135' title='bbox 1208 1315 1283 1348; x_wconf 75' lang='grc'>182.</span> <span class='ocrx_word' id='word_1_136' title='bbox 1304 1314 1477 1353; x_wconf 79' lang='lat' dir='ltr'>meliores,</span> <span class='ocrx_word' id='word_1_137' title='bbox 1502 1313 1537 1344; x_wconf 88' lang='lat' dir='ltr'>in</span> <span class='ocrx_word' id='word_1_138' title='bbox 1556 1312 1636 1357; x_wconf 90' lang='lat' dir='ltr'>qui-</span> 
     </span>
     <span class='ocr_line' id='line_1_18' title="bbox 129 1361 1635 1409; baseline -0.005 -11"><span class='ocrx_word' id='word_1_139' title='bbox 129 1366 192 1398; x_wconf 80' lang='lat' dir='ltr'>bus</span> <span class='ocrx_word' id='word_1_140' title='bbox 213 1367 339 1398; x_wconf 76' lang='lat' dir='ltr'>Medic.</span> <span class='ocrx_word' id='word_1_141' title='bbox 362 1372 397 1398; x_wconf 91' lang='lat' dir='ltr'>et</span> <span class='ocrx_word' id='word_1_142' title='bbox 428 1367 550 1409; x_wconf 73' lang='lat' dir='ltr'>fragm.</span> <span class='ocrx_word' id='word_1_143' title='bbox 588 1367 691 1404; x_wconf 82' lang='lat' dir='ltr'>Vat.;</span> <span class='ocrx_word' id='word_1_144' title='bbox 717 1375 828 1408; x_wconf 87' lang='lat' dir='ltr'>neque</span> <span class='ocrx_word' id='word_1_145' title='bbox 857 1363 959 1396; x_wconf 75' lang='lat' dir='ltr'>aliter</span> <span class='ocrx_word' id='word_1_146' title='bbox 989 1366 1088 1395; x_wconf 79' lang='lat' dir='ltr'>Serv.</span> <span class='ocrx_word' id='word_1_147' title='bbox 1117 1362 1215 1403; x_wconf 80' lang='lat' dir='ltr'>Wr.)</span> <span class='ocrx_word' id='word_1_148' title='bbox 1265 1361 1426 1394; x_wconf 73' lang='lat' dir='ltr'>Numina</span> <span class='ocrx_word' id='word_1_149' title='bbox 1454 1361 1494 1392; x_wconf 85' lang='lat' dir='ltr'>ni</span> <span class='ocrx_word' id='word_1_150' title='bbox 1515 1372 1543 1391; x_wconf 93' lang='lat' dir='ltr'>r.</span> <span class='ocrx_word' id='word_1_151' title='bbox 1566 1361 1635 1390; x_wconf 80' lang='lat' dir='ltr'>Zu-</span> 
     </span>
     <span class='ocr_line' id='line_1_19' title="bbox 127 1407 1637 1456; baseline -0.006 -11"><span class='ocrx_word' id='word_1_152' title='bbox 127 1412 224 1453; x_wconf 85' lang='lat' dir='ltr'>lich.‚</span> <span class='ocrx_word' id='word_1_153' title='bbox 250 1412 292 1445; x_wconf 87' lang='lat' dir='ltr'>ab</span> <span class='ocrx_word' id='word_1_154' title='bbox 317 1412 604 1456; x_wconf 78' lang='lat' dir='ltr'>interpolatione,</span> <span class='ocrx_word' id='word_1_155' title='bbox 631 1411 753 1450; x_wconf 80' lang='lat' dir='ltr'>exiis,</span> <span class='ocrx_word' id='word_1_156' title='bbox 787 1422 874 1454; x_wconf 84' lang='lat' dir='ltr'>quae</span> <span class='ocrx_word' id='word_1_157' title='bbox 903 1415 1102 1453; x_wconf 87' lang='lat' dir='ltr'>sequuntur.</span> <span class='ocrx_word' id='word_1_158' title='bbox 1199 1408 1264 1442; x_wconf 85' lang='lat'>179</span> <span class='ocrx_word' id='word_1_159' title='bbox 1288 1407 1422 1451; x_wconf 78' lang='lat' dir='ltr'>pelago</span> <span class='ocrx_word' id='word_1_160' title='bbox 1447 1414 1482 1437; x_wconf 71' lang='lat' dir='ltr'>et</span> <span class='ocrx_word' id='word_1_161' title='bbox 1512 1407 1637 1437; x_wconf 69' lang='lat' dir='ltr'>curvis·</span> 
     </span>
     <span class='ocr_line' id='line_1_20' title="bbox 128 1452 1635 1499; baseline -0.006 -8"><span class='ocrx_word' id='word_1_162' title='bbox 128 1460 285 1499; x_wconf 83' lang='lat' dir='ltr'>carinis,</span> <span class='ocrx_word' id='word_1_163' title='bbox 319 1466 442 1491; x_wconf 88' lang='lat' dir='ltr'>ornate</span> <span class='ocrx_word' id='word_1_164' title='bbox 471 1459 575 1498; x_wconf 83' lang='lat' dir='ltr'>satis,</span> <span class='ocrx_word' id='word_1_165' title='bbox 606 1458 669 1490; x_wconf 86' lang='lat' dir='ltr'>sed</span> <span class='ocrx_word' id='word_1_166' title='bbox 701 1458 793 1489; x_wconf 86' lang='lat' dir='ltr'>forte</span> <span class='ocrx_word' id='word_1_167' title='bbox 822 1456 980 1489; x_wconf 82' lang='lat' dir='ltr'>secundis</span> <span class='ocrx_word' id='word_1_168' title='bbox 1009 1455 1098 1487; x_wconf 86' lang='lat' dir='ltr'>curis</span> <span class='ocrx_word' id='word_1_169' title='bbox 1126 1466 1145 1487; x_wconf 85' lang='lat' dir='ltr'>a</span> <span class='ocrx_word' id='word_1_170' title='bbox 1174 1453 1325 1497; x_wconf 81' lang='lat' dir='ltr'>Virgilio</span> <span class='ocrx_word' id='word_1_171' title='bbox 1356 1452 1551 1484; x_wconf 85' lang='lat' dir='ltr'>delendum.</span> <span class='ocrx_word' id='word_1_172' title='bbox 1601 1460 1635 1483; x_wconf 74' lang='lat' dir='ltr'>et</span> 
     </span>
     <span class='ocr_line' id='line_1_21' title="bbox 127 1499 1635 1549; baseline -0.005 -12"><span class='ocrx_word' id='word_1_173' title='bbox 127 1517 294 1549; x_wconf 85' lang='lat' dir='ltr'>nusquam</span> <span class='ocrx_word' id='word_1_174' title='bbox 316 1505 467 1537; x_wconf 82' lang='lat' dir='ltr'>deletum</span> <span class='ocrx_word' id='word_1_175' title='bbox 487 1505 602 1536; x_wconf 72' lang='lat' dir='ltr'>video.</span> <span class='ocrx_word' id='word_1_176' title='bbox 629 1503 711 1547; x_wconf 75' lang='lat' dir='ltr'>(vid.</span> <span class='ocrx_word' id='word_1_177' title='bbox 732 1506 774 1543; x_wconf 85' lang='lat' dir='ltr'>Q.</span> <span class='ocrx_word' id='word_1_178' title='bbox 795 1504 836 1535; x_wconf 93' lang='lat' dir='ltr'>V.</span> <span class='ocrx_word' id='word_1_179' title='bbox 858 1503 1046 1541; x_wconf 81' lang='lat' dir='ltr'>XXXIIII,</span> <span class='ocrx_word' id='word_1_180' title='bbox 1065 1503 1099 1541; x_wconf 74' lang='grc'>2,</span> <span class='ocrx_word' id='word_1_181' title='bbox 1117 1507 1203 1533; x_wconf 83' lang='lat' dir='ltr'>extr.</span> <span class='ocrx_word' id='word_1_182' title='bbox 1236 1499 1329 1542; x_wconf 77' lang='lat' dir='ltr'>lVr.)</span> <span class='ocrx_word' id='word_1_183' title='bbox 1378 1511 1533 1531; x_wconf 79' lang='lat' dir='ltr'>avexere</span> <span class='ocrx_word' id='word_1_184' title='bbox 1554 1504 1635 1542; x_wconf 89' lang='lat' dir='ltr'>post</span> 
     </span>
     <span class='ocr_line' id='line_1_22' title="bbox 126 1544 1634 1592; baseline -0.005 -9"><span class='ocrx_word' id='word_1_185' title='bbox 126 1551 276 1584; x_wconf 88' lang='lat' dir='ltr'>Pierium</span> <span class='ocrx_word' id='word_1_186' title='bbox 298 1552 446 1583; x_wconf 80' lang='lat' dir='ltr'>debetur</span> <span class='ocrx_word' id='word_1_187' title='bbox 465 1551 582 1583; x_wconf 83' lang='lat' dir='ltr'>Heins.</span> <span class='ocrx_word' id='word_1_188' title='bbox 607 1563 624 1583; x_wconf 88' lang='lat' dir='ltr'>e</span> <span class='ocrx_word' id='word_1_189' title='bbox 643 1549 845 1582; x_wconf 88' lang='lat' dir='ltr'>melioribus</span> <span class='ocrx_word' id='word_1_190' title='bbox 865 1548 966 1581; x_wconf 89' lang='lat' dir='ltr'>codd.</span> <span class='ocrx_word' id='word_1_191' title='bbox 988 1547 1149 1592; x_wconf 85' lang='lat' dir='ltr'>petitum.</span> <span class='ocrx_word' id='word_1_192' title='bbox 1184 1546 1302 1589; x_wconf 84' lang='lat' dir='ltr'>vulgo,</span> <span class='ocrx_word' id='word_1_193' title='bbox 1325 1545 1516 1583; x_wconf 74' lang='lat' dir='ltr'>advexere,</span> <span class='ocrx_word' id='word_1_194' title='bbox 1542 1544 1634 1588; x_wconf 89' lang='lat' dir='ltr'>quod</span> 
     </span>
     <span class='ocr_line' id='line_1_23' title="bbox 126 1590 1634 1642; baseline -0.006 -12"><span class='ocrx_word' id='word_1_195' title='bbox 126 1604 241 1630; x_wconf 81' lang='lat' dir='ltr'>tamen</span> <span class='ocrx_word' id='word_1_196' title='bbox 266 1606 299 1630; x_wconf 86' lang='lat' dir='ltr'>et</span> <span class='ocrx_word' id='word_1_197' title='bbox 319 1598 430 1642; x_wconf 87' lang='lat' dir='ltr'>ipsum</span> <span class='ocrx_word' id='word_1_198' title='bbox 450 1598 571 1641; x_wconf 77' lang='lat' dir='ltr'>fragm.</span> <span class='ocrx_word' id='word_1_199' title='bbox 591 1596 703 1629; x_wconf 81' lang='lat' dir='ltr'>Vatic.</span> <span class='ocrx_word' id='word_1_200' title='bbox 727 1595 889 1634; x_wconf 79' lang='lat' dir='ltr'>exhibet3</span> <span class='ocrx_word' id='word_1_201' title='bbox 924 1595 999 1639; x_wconf 70' lang='lat' dir='ltr'>(sed</span> <span class='ocrx_word' id='word_1_202' title='bbox 1021 1594 1103 1626; x_wconf 90' lang='lat' dir='ltr'>illuc</span> <span class='ocrx_word' id='word_1_203' title='bbox 1122 1593 1332 1638; x_wconf 79' lang='lat' dir='ltr'>typothetae</span> <span class='ocrx_word' id='word_1_204' title='bbox 1356 1602 1474 1623; x_wconf 87' lang='lat' dir='ltr'>errore</span> <span class='ocrx_word' id='word_1_205' title='bbox 1497 1590 1565 1622; x_wconf 90' lang='lat' dir='ltr'>hoc</span> <span class='ocrx_word' id='word_1_206' title='bbox 1586 1590 1634 1622; x_wconf 89' lang='lat' dir='ltr'>il-</span> 
     </span>
     <span class='ocr_line' id='line_1_24' title="bbox 126 1638 1633 1688; baseline -0.005 -12"><span class='ocrx_word' id='word_1_207' title='bbox 126 1643 232 1676; x_wconf 83' lang='lat' dir='ltr'>latum</span> <span class='ocrx_word' id='word_1_208' title='bbox 247 1670 254 1684; x_wconf 92' lang='lat'><strong><em>‚</em></strong></span> <span class='ocrx_word' id='word_1_209' title='bbox 282 1656 383 1688; x_wconf 88' lang='lat' dir='ltr'>quum</span> <span class='ocrx_word' id='word_1_210' title='bbox 404 1644 437 1675; x_wconf 91' lang='lat' dir='ltr'>in</span> <span class='ocrx_word' id='word_1_211' title='bbox 462 1644 540 1687; x_wconf 88' lang='lat' dir='ltr'>ipso</span> <span class='ocrx_word' id='word_1_212' title='bbox 563 1643 695 1683; x_wconf 90' lang='lat' dir='ltr'>codice,</span> <span class='ocrx_word' id='word_1_213' title='bbox 721 1648 875 1674; x_wconf 87' lang='lat' dir='ltr'>testante</span> <span class='ocrx_word' id='word_1_214' title='bbox 897 1640 1052 1674; x_wconf 85' lang='lat' dir='ltr'>Bottario</span> <span class='ocrx_word' id='word_1_215' title='bbox 1072 1652 1153 1684; x_wconf 85' lang='lat' dir='ltr'>pag.</span> <span class='ocrx_word' id='word_1_216' title='bbox 1184 1640 1276 1679; x_wconf 87' lang='lat'>171.‚</span> <span class='ocrx_word' id='word_1_217' title='bbox 1311 1638 1448 1680; x_wconf 79' lang='lat' dir='ltr'>legatur</span> <span class='ocrx_word' id='word_1_218' title='bbox 1469 1649 1633 1669; x_wconf 82' lang='lat' dir='ltr'>avexere.</span> 
     </span>
     <span class='ocr_line' id='line_1_25' title="bbox 131 1686 1634 1732; baseline -0.006 -9"><span class='ocrx_word' id='word_1_219' title='bbox 131 1691 225 1732; x_wconf 76' lang='lat' dir='ltr'>Wr.)</span> <span class='ocrx_word' id='word_1_220' title='bbox 252 1698 284 1722; x_wconf 88' lang='lat' dir='ltr'>et</span> <span class='ocrx_word' id='word_1_221' title='bbox 306 1692 407 1723; x_wconf 88' lang='lat' dir='ltr'>Voss.</span> <span class='ocrx_word' id='word_1_222' title='bbox 427 1702 482 1722; x_wconf 87' lang='lat' dir='ltr'>un.</span> <span class='ocrx_word' id='word_1_223' title='bbox 505 1702 579 1722; x_wconf 89' lang='lat' dir='ltr'>cum</span> <span class='ocrx_word' id='word_1_224' title='bbox 602 1689 707 1722; x_wconf 88' lang='lat' dir='ltr'>Goth.</span> <span class='ocrx_word' id='word_1_225' title='bbox 724 1695 804 1720; x_wconf 78' lang='lat' dir='ltr'>tert.</span> <span class='ocrx_word' id='word_1_226' title='bbox 827 1688 1024 1728; x_wconf 79' lang='lat' dir='ltr'>adduxere,</span> <span class='ocrx_word' id='word_1_227' title='bbox 1048 1686 1150 1719; x_wconf 88' lang='lat' dir='ltr'>male.</span> <span class='ocrx_word' id='word_1_228' title='bbox 1250 1687 1314 1719; x_wconf 87' lang='lat'>180</span> <span class='ocrx_word' id='word_1_229' title='bbox 1339 1687 1387 1716; x_wconf 74' lang='lat' dir='ltr'>Et</span> <span class='ocrx_word' id='word_1_230' title='bbox 1415 1696 1513 1716; x_wconf 83' lang='lat' dir='ltr'>nunc</span> <span class='ocrx_word' id='word_1_231' title='bbox 1542 1695 1634 1727; x_wconf 80' lang='lat' dir='ltr'>quae</span> 
     </span>
     <span class='ocr_line' id='line_1_26' title="bbox 125 1729 1634 1781; baseline -0.006 -12"><span class='ocrx_word' id='word_1_232' title='bbox 125 1738 263 1780; x_wconf 85' lang='lat' dir='ltr'>Menag.</span> <span class='ocrx_word' id='word_1_233' title='bbox 282 1749 334 1781; x_wconf 90' lang='lat' dir='ltr'>pr.</span> <span class='ocrx_word' id='word_1_234' title='bbox 385 1736 474 1769; x_wconf 88' lang='lat' dir='ltr'>Vide</span> <span class='ocrx_word' id='word_1_235' title='bbox 505 1748 545 1769; x_wconf 85' lang='lat' dir='ltr'>an</span> <span class='ocrx_word' id='word_1_236' title='bbox 565 1743 671 1780; x_wconf 82' lang='lat' dir='ltr'>poeta</span> <span class='ocrx_word' id='word_1_237' title='bbox 688 1735 828 1779; x_wconf 86' lang='lat' dir='ltr'>dignior</span> <span class='ocrx_word' id='word_1_238' title='bbox 844 1734 890 1766; x_wconf 90' lang='lat' dir='ltr'>sit</span> <span class='ocrx_word' id='word_1_239' title='bbox 909 1734 1021 1766; x_wconf 86' lang='lat' dir='ltr'>oratio</span> <span class='ocrx_word' id='word_1_240' title='bbox 1042 1745 1084 1765; x_wconf 76' lang='lat' dir='ltr'>ex</span> <span class='ocrx_word' id='word_1_241' title='bbox 1100 1739 1230 1764; x_wconf 81' lang='lat' dir='ltr'>mutata</span> <span class='ocrx_word' id='word_1_242' title='bbox 1250 1729 1548 1774; x_wconf 83' lang='lat' dir='ltr'>interpunctione:</span> <span class='ocrx_word' id='word_1_243' title='bbox 1585 1732 1634 1761; x_wconf 74' lang='lat' dir='ltr'>Ec</span> 
     </span>
     <span class='ocr_line' id='line_1_27' title="bbox 126 1777 1632 1828; baseline -0.007 -12"><span class='ocrx_word' id='word_1_244' title='bbox 126 1796 234 1824; x_wconf 79' lang='lat' dir='ltr'>nane,</span> <span class='ocrx_word' id='word_1_245' title='bbox 261 1779 357 1828; x_wconf 78' lang='lat' dir='ltr'>quod</span> <span class='ocrx_word' id='word_1_246' title='bbox 373 1803 415 1806; x_wconf 97' lang='lat'><strong>—</strong></span> <span class='ocrx_word' id='word_1_247' title='bbox 435 1783 587 1815; x_wconf 78' lang='lat' dir='ltr'>Calchas</span> <span class='ocrx_word' id='word_1_248' title='bbox 600 1809 608 1823; x_wconf 93' lang='lat'>,</span> <span class='ocrx_word' id='word_1_249' title='bbox 634 1784 742 1815; x_wconf 86' lang='lat' dir='ltr'>Hanc</span> <span class='ocrx_word' id='word_1_250' title='bbox 758 1793 825 1826; x_wconf 85' lang='lat' dir='ltr'>pro</span> <span class='ocrx_word' id='word_1_251' title='bbox 845 1780 1017 1813; x_wconf 81' lang='lat' dir='ltr'>Palladio</span> <span class='ocrx_word' id='word_1_252' title='bbox 1037 1799 1080 1804; x_wconf 81' lang='lat'>-—</span> <span class='ocrx_word' id='word_1_253' title='bbox 1101 1778 1260 1824; x_wconf 84' lang='lat' dir='ltr'>effigiem</span> <span class='ocrx_word' id='word_1_254' title='bbox 1280 1786 1454 1810; x_wconf 75' lang='lat' dir='ltr'>statuere.</span> <span class='ocrx_word' id='word_1_255' title='bbox 1502 1777 1540 1807; x_wconf 89' lang='lat' dir='ltr'>In</span> <span class='ocrx_word' id='word_1_256' title='bbox 1556 1787 1632 1807; x_wconf 85' lang='lat' dir='ltr'>me—</span> 
     </span>
     <span class='ocr_line' id='line_1_28' title="bbox 125 1821 1631 1873; baseline -0.005 -12"><span class='ocrx_word' id='word_1_257' title='bbox 125 1829 184 1861; x_wconf 90' lang='lat' dir='ltr'>dio</span> <span class='ocrx_word' id='word_1_258' title='bbox 205 1829 320 1873; x_wconf 90' lang='lat' dir='ltr'>posita</span> <span class='ocrx_word' id='word_1_259' title='bbox 339 1829 483 1873; x_wconf 87' lang='lat' dir='ltr'>reliqua,</span> <span class='ocrx_word' id='word_1_260' title='bbox 507 1836 669 1873; x_wconf 85' lang='lat' dir='ltr'>tanquam</span> <span class='ocrx_word' id='word_1_261' title='bbox 688 1829 723 1860; x_wconf 91' lang='lat' dir='ltr'>in</span> <span class='ocrx_word' id='word_1_262' title='bbox 742 1826 956 1872; x_wconf 82' lang='lat' dir='ltr'>parenthesi.</span> <span class='ocrx_word' id='word_1_263' title='bbox 1002 1826 1079 1869; x_wconf 80' lang='lat' dir='ltr'>(sed</span> <span class='ocrx_word' id='word_1_264' title='bbox 1096 1838 1135 1857; x_wconf 84' lang='lat' dir='ltr'>ea</span> <span class='ocrx_word' id='word_1_265' title='bbox 1156 1832 1208 1857; x_wconf 85' lang='lat' dir='ltr'>est</span> <span class='ocrx_word' id='word_1_266' title='bbox 1230 1825 1352 1857; x_wconf 87' lang='lat' dir='ltr'>horum</span> <span class='ocrx_word' id='word_1_267' title='bbox 1375 1821 1631 1856; x_wconf 85' lang='lat' dir='ltr'>enunciatorum</span> 
     </span>
    </p>
   </div>
   <div class='ocr_carea' id='block_1_6' title="bbox 124 1868 1631 1921">
    <p class='ocr_par' dir='ltr' id='par_1_8' title="bbox 124 1868 1631 1921">
     <span class='ocr_line' id='line_1_29' title="bbox 124 1868 1631 1921; baseline -0.006 -13"><span class='ocrx_word' id='word_1_268' title='bbox 124 1883 245 1908; x_wconf 88' lang='lat' dir='ltr'>natura</span> <span class='ocrx_word' id='word_1_269' title='bbox 259 1902 267 1916; x_wconf 91' lang='lat'>,</span> <span class='ocrx_word' id='word_1_270' title='bbox 289 1882 326 1908; x_wconf 87' lang='lat' dir='ltr'>ut</span> <span class='ocrx_word' id='word_1_271' title='bbox 342 1884 481 1921; x_wconf 82' lang='lat' dir='ltr'>parant</span> <span class='ocrx_word' id='word_1_272' title='bbox 501 1882 534 1908; x_wconf 85' lang='lat' dir='ltr'>et</span> <span class='ocrx_word' id='word_1_273' title='bbox 558 1876 719 1908; x_wconf 80' lang='lat' dir='ltr'>aderunt</span> <span class='ocrx_word' id='word_1_274' title='bbox 739 1874 922 1906; x_wconf 83' lang='lat' dir='ltr'>manifesto</span> <span class='ocrx_word' id='word_1_275' title='bbox 943 1873 1142 1917; x_wconf 84' lang='lat' dir='ltr'>apodoseos</span> <span class='ocrx_word' id='word_1_276' title='bbox 1166 1871 1209 1904; x_wconf 83' lang='lat' dir='ltr'>ad</span> <span class='ocrx_word' id='word_1_277' title='bbox 1232 1871 1329 1916; x_wconf 74' lang='lat' dir='ltr'>quod</span> <span class='ocrx_word' id='word_1_278' title='bbox 1345 1871 1484 1915; x_wconf 80' lang='lat' dir='ltr'>petiere</span> <span class='ocrx_word' id='word_1_279' title='bbox 1499 1868 1631 1900; x_wconf 77' lang='lat' dir='ltr'>relatae</span> 
     </span>
    </p>
   </div>
   <div class='ocr_carea' id='block_1_7' title="bbox 124 1921 722 2014">
    <p class='ocr_par' dir='ltr' id='par_1_9' title="bbox 124 1921 722 2014">
     <span class='ocr_line' id='line_1_30' title="bbox 125 1921 722 1967; baseline 0 -13"><span class='ocrx_word' id='word_1_280' title='bbox 125 1922 293 1954; x_wconf 83' lang='lat' dir='ltr'>rationem</span> <span class='ocrx_word' id='word_1_281' title='bbox 313 1934 397 1967; x_wconf 89' lang='lat' dir='ltr'>prae</span> <span class='ocrx_word' id='word_1_282' title='bbox 415 1934 452 1954; x_wconf 89' lang='lat' dir='ltr'>se</span> <span class='ocrx_word' id='word_1_283' title='bbox 471 1922 596 1955; x_wconf 83' lang='lat' dir='ltr'>serant.</span> <span class='ocrx_word' id='word_1_284' title='bbox 626 1921 722 1965; x_wconf 85' lang='lat' dir='ltr'>Wr.)</span> 
     </span>
     <span class='ocr_line' id='line_1_31' title="bbox 124 1968 556 2014; baseline 0.002 -13"><span class='ocrx_word' id='word_1_285' title='bbox 124 1975 219 2010; x_wconf 64' lang='lat' dir='ltr'>tert„</span> <span class='ocrx_word' id='word_1_286' title='bbox 243 1979 312 2001; x_wconf 87' lang='lat' dir='ltr'>non</span> <span class='ocrx_word' id='word_1_287' title='bbox 330 1969 423 2002; x_wconf 85' lang='lat' dir='ltr'>malo</span> <span class='ocrx_word' id='word_1_288' title='bbox 445 1968 556 2014; x_wconf 81' lang='lat' dir='ltr'>lapsu.</span> 
     </span>
    </p>
   </div>
   <div class='ocr_carea' id='block_1_8' title="bbox 119 2073 851 2979">
    <p class='ocr_par' dir='ltr' id='par_1_10' title="bbox 122 2073 851 2697">
     <span class='ocr_line' id='line_1_32' title="bbox 122 2073 849 2123; baseline -0.001 -14"><span class='ocrx_word' id='word_1_289' title='bbox 122 2087 216 2123; x_wconf 82' lang='lat' dir='ltr'>gere</span> <span class='ocrx_word' id='word_1_290' title='bbox 247 2074 398 2122; x_wconf 75' lang='lat' dir='ltr'>oculos,</span> <span class='ocrx_word' id='word_1_291' title='bbox 430 2073 580 2122; x_wconf 66' lang='lat' dir='ltr'>vultus,</span> <span class='ocrx_word' id='word_1_292' title='bbox 622 2078 669 2110; x_wconf 80' lang='lat' dir='ltr'>ut</span> <span class='ocrx_word' id='word_1_293' title='bbox 698 2077 849 2120; x_wconf 82' lang='lat' dir='ltr'>contra,</span> 
     </span>
     <span class='ocr_line' id='line_1_33' title="bbox 125 2129 851 2177; baseline -0.001 -11"><span class='ocrx_word' id='word_1_294' title='bbox 125 2130 350 2177; x_wconf 79' lang='lat' dir='ltr'>demittere,</span> <span class='ocrx_word' id='word_1_295' title='bbox 392 2130 567 2167; x_wconf 79' lang='lat' dir='ltr'>deiicere.</span> <span class='ocrx_word' id='word_1_296' title='bbox 627 2129 851 2167; x_wconf 85' lang='lat' dir='ltr'>Transtulit</span> 
     </span>
     <span class='ocr_line' id='line_1_34' title="bbox 124 2186 849 2239; baseline -0.003 -15"><span class='ocrx_word' id='word_1_297' title='bbox 124 2186 224 2224; x_wconf 88' lang='lat' dir='ltr'>haec</span> <span class='ocrx_word' id='word_1_298' title='bbox 243 2193 361 2239; x_wconf 84' lang='lat' dir='ltr'>poeta</span> <span class='ocrx_word' id='word_1_299' title='bbox 388 2187 437 2224; x_wconf 87' lang='lat' dir='ltr'>ab</span> <span class='ocrx_word' id='word_1_300' title='bbox 459 2187 527 2234; x_wconf 89' lang='lat' dir='ltr'>iis,</span> <span class='ocrx_word' id='word_1_301' title='bbox 558 2199 659 2236; x_wconf 90' lang='lat' dir='ltr'>quae</span> <span class='ocrx_word' id='word_1_302' title='bbox 687 2187 736 2223; x_wconf 89' lang='lat' dir='ltr'>de</span> <span class='ocrx_word' id='word_1_303' title='bbox 756 2186 849 2223; x_wconf 88' lang='lat' dir='ltr'>Pal-</span> 
     </span>
     <span class='ocr_line' id='line_1_35' title="bbox 124 2243 849 2294; baseline -0.001 -13"><span class='ocrx_word' id='word_1_304' title='bbox 124 2243 225 2281; x_wconf 86' lang='lat' dir='ltr'>ladis</span> <span class='ocrx_word' id='word_1_305' title='bbox 263 2244 372 2294; x_wconf 86' lang='lat' dir='ltr'>signo</span> <span class='ocrx_word' id='word_1_306' title='bbox 410 2249 707 2291; x_wconf 85' lang='lat' dir='ltr'>memorantur,</span> <span class='ocrx_word' id='word_1_307' title='bbox 757 2256 849 2280; x_wconf 87' lang='lat' dir='ltr'>cum</span> 
     </span>
     <span class='ocr_line' id='line_1_36' title="bbox 125 2299 849 2350; baseline -0.003 -12"><span class='ocrx_word' id='word_1_308' title='bbox 125 2301 386 2338; x_wconf 82' lang='lat' dir='ltr'>Cassandram</span> <span class='ocrx_word' id='word_1_309' title='bbox 433 2300 482 2337; x_wconf 86' lang='lat' dir='ltr'>ab</span> <span class='ocrx_word' id='word_1_310' title='bbox 531 2300 614 2337; x_wconf 88' lang='lat' dir='ltr'>eius</span> <span class='ocrx_word' id='word_1_311' title='bbox 663 2299 849 2350; x_wconf 77' lang='lat' dir='ltr'>amplexu</span> 
     </span>
     <span class='ocr_line' id='line_1_37' title="bbox 123 2357 843 2407; baseline -0.004 -11"><span class='ocrx_word' id='word_1_312' title='bbox 123 2358 225 2396; x_wconf 62' lang='lat' dir='ltr'>Aiax</span> <span class='ocrx_word' id='word_1_313' title='bbox 268 2358 369 2396; x_wconf 85' lang='lat' dir='ltr'>Oilei</span> <span class='ocrx_word' id='word_1_314' title='bbox 406 2358 430 2395; x_wconf 87' lang='lat' dir='ltr'>f.</span> <span class='ocrx_word' id='word_1_315' title='bbox 471 2357 670 2395; x_wconf 84' lang='lat' dir='ltr'>avelleret.</span> <span class='ocrx_word' id='word_1_316' title='bbox 721 2370 843 2407; x_wconf 88' lang='lat' dir='ltr'>porro</span> 
     </span>
     <span class='ocr_line' id='line_1_38' title="bbox 126 2413 842 2462; baseline -0.008 -5"><span class='ocrx_word' id='word_1_317' title='bbox 126 2419 220 2457; x_wconf 85' lang='lat'><strong>173.</strong></span> <span class='ocrx_word' id='word_1_318' title='bbox 253 2416 292 2456; x_wconf 81' lang='lat'>4.</span> <span class='ocrx_word' id='word_1_319' title='bbox 332 2416 370 2457; x_wconf 90' lang='lat'>5.</span> <span class='ocrx_word' id='word_1_320' title='bbox 409 2414 629 2452; x_wconf 86' lang='lat' dir='ltr'>Palladium</span> <span class='ocrx_word' id='word_1_321' title='bbox 668 2413 842 2462; x_wconf 85' lang='lat' dir='ltr'>sudavit,</span> 
     </span>
     <span class='ocr_line' id='line_1_39' title="bbox 124 2470 843 2523; baseline -0.004 -13"><span class='ocrx_word' id='word_1_322' title='bbox 124 2472 292 2510; x_wconf 85' lang='lat' dir='ltr'>subsiliit</span> <span class='ocrx_word' id='word_1_323' title='bbox 325 2472 448 2523; x_wconf 86' lang='lat' dir='ltr'>clipeo</span> <span class='ocrx_word' id='word_1_324' title='bbox 487 2470 679 2521; x_wconf 83' lang='lat' dir='ltr'>hastaque</span> <span class='ocrx_word' id='word_1_325' title='bbox 715 2477 843 2520; x_wconf 88' lang='lat' dir='ltr'>mota;</span> 
     </span>
     <span class='ocr_line' id='line_1_40' title="bbox 123 2528 842 2580; baseline -0.003 -13"><span class='ocrx_word' id='word_1_326' title='bbox 123 2530 266 2580; x_wconf 89' lang='lat' dir='ltr'>quibus</span> <span class='ocrx_word' id='word_1_327' title='bbox 292 2530 386 2580; x_wconf 83' lang='lat' dir='ltr'>ipsis</span> <span class='ocrx_word' id='word_1_328' title='bbox 412 2529 493 2566; x_wconf 86' lang='lat' dir='ltr'>eius</span> <span class='ocrx_word' id='word_1_329' title='bbox 518 2528 678 2566; x_wconf 75' lang='lat' dir='ltr'>habitus</span> <span class='ocrx_word' id='word_1_330' title='bbox 702 2542 722 2564; x_wconf 84' lang='lat' dir='ltr'>a</span> <span class='ocrx_word' id='word_1_331' title='bbox 744 2542 842 2580; x_wconf 86' lang='lat' dir='ltr'>poe—</span> 
     </span>
     <span class='ocr_line' id='line_1_41' title="bbox 123 2586 842 2635; baseline -0.001 -11"><span class='ocrx_word' id='word_1_332' title='bbox 123 2593 164 2624; x_wconf 85' lang='lat' dir='ltr'>ta</span> <span class='ocrx_word' id='word_1_333' title='bbox 184 2587 421 2624; x_wconf 85' lang='lat' dir='ltr'>declaratur.</span> <span class='ocrx_word' id='word_1_334' title='bbox 448 2586 586 2635; x_wconf 66' lang='lat' dir='ltr'>serens·</span> <span class='ocrx_word' id='word_1_335' title='bbox 609 2592 668 2624; x_wconf 88' lang='lat' dir='ltr'>est</span> <span class='ocrx_word' id='word_1_336' title='bbox 694 2591 842 2624; x_wconf 86' lang='lat' dir='ltr'>tenens.</span> 
     </span>
     <span class='ocr_line' id='line_1_42' title="bbox 122 2643 570 2697; baseline -0.011 -14"><span class='ocrx_word' id='word_1_337' title='bbox 122 2643 302 2697; x_wconf 79' lang='grc' dir='ltr'><em>φέρουσα</em></span> <span class='ocrx_word' id='word_1_338' title='bbox 319 2658 392 2694; x_wconf 87' lang='lat' dir='ltr'>pro</span> <span class='ocrx_word' id='word_1_339' title='bbox 415 2643 570 2693; x_wconf 75' lang='grc' dir='ltr'><strong>ἔχουσα.</strong></span> 
     </span>
    </p>

    <p class='ocr_par' dir='ltr' id='par_1_11' title="bbox 119 2698 844 2979">
     <span class='ocr_line' id='line_1_43' title="bbox 182 2698 844 2749; baseline -0.012 -7"><span class='ocrx_word' id='word_1_340' title='bbox 182 2705 263 2742; x_wconf 88' lang='grc'>176</span> <span class='ocrx_word' id='word_1_341' title='bbox 282 2723 336 2728; x_wconf 85' lang='grc'>--</span> <span class='ocrx_word' id='word_1_342' title='bbox 361 2702 454 2741; x_wconf 83' lang='grc'>179.</span> <span class='ocrx_word' id='word_1_343' title='bbox 498 2698 704 2736; x_wconf 72' lang='lat' dir='ltr'>&#39;l&#39;enzanda</span> <span class='ocrx_word' id='word_1_344' title='bbox 731 2699 844 2749; x_wconf 78' lang='lat' dir='ltr'>saga</span> 
     </span>
     <span class='ocr_line' id='line_1_44' title="bbox 120 2763 843 2809; baseline -0.003 -14"><span class='ocrx_word' id='word_1_345' title='bbox 120 2773 322 2809; x_wconf 73' lang='lat' dir='ltr'>aequora,</span> <span class='ocrx_word' id='word_1_346' title='bbox 376 2763 537 2803; x_wconf 79' lang='lat' dir='ltr'>ornate,</span> <span class='ocrx_word' id='word_1_347' title='bbox 591 2770 665 2807; x_wconf 83' lang='lat' dir='ltr'>pro</span> <span class='ocrx_word' id='word_1_348' title='bbox 704 2769 843 2794; x_wconf 83' lang='lat' dir='ltr'>rever-</span> 
     </span>
     <span class='ocr_line' id='line_1_45' title="bbox 120 2815 843 2864; baseline -0.003 -12"><span class='ocrx_word' id='word_1_349' title='bbox 120 2815 288 2853; x_wconf 81' lang='lat' dir='ltr'>tendum</span> <span class='ocrx_word' id='word_1_350' title='bbox 316 2827 408 2852; x_wconf 72' lang='lat' dir='ltr'>esse.</span> <span class='ocrx_word' id='word_1_351' title='bbox 477 2815 623 2849; x_wconf 70' lang='lat' dir='ltr'>Omina</span> <span class='ocrx_word' id='word_1_352' title='bbox 657 2815 701 2849; x_wconf 73' lang='lat' dir='ltr'>ni</span> <span class='ocrx_word' id='word_1_353' title='bbox 730 2828 843 2864; x_wconf 80' lang='lat' dir='ltr'>repe-</span> 
     </span>
     <span class='ocr_line' id='line_1_46' title="bbox 120 2869 842 2920; baseline -0.001 -11"><span class='ocrx_word' id='word_1_354' title='bbox 120 2880 205 2909; x_wconf 81' lang='lat' dir='ltr'>tant</span> <span class='ocrx_word' id='word_1_355' title='bbox 233 2872 357 2920; x_wconf 74' lang='lat' dir='ltr'>Argis</span> <span class='ocrx_word' id='word_1_356' title='bbox 389 2870 554 2908; x_wconf 90' lang='lat' dir='ltr'>ductum</span> <span class='ocrx_word' id='word_1_357' title='bbox 578 2869 764 2918; x_wconf 83' lang='lat' dir='ltr'>videtur,</span> <span class='ocrx_word' id='word_1_358' title='bbox 798 2876 842 2908; x_wconf 83' lang='lat' dir='ltr'>ut</span> 
     </span>
     <span class='ocr_line' id='line_1_47' title="bbox 119 2927 840 2979; baseline -0.003 -12"><span class='ocrx_word' id='word_1_359' title='bbox 119 2929 280 2967; x_wconf 75' lang='lat' dir='ltr'>Sei-vius</span> <span class='ocrx_word' id='word_1_360' title='bbox 305 2934 342 2965; x_wconf 85' lang='lat' dir='ltr'>et</span> <span class='ocrx_word' id='word_1_361' title='bbox 360 2927 601 2979; x_wconf 82' lang='lat' dir='ltr'>Pomponius</span> <span class='ocrx_word' id='word_1_362' title='bbox 627 2927 704 2965; x_wconf 84' lang='lat' dir='ltr'>iam</span> <span class='ocrx_word' id='word_1_363' title='bbox 725 2932 840 2965; x_wconf 80' lang='lat' dir='ltr'>nota—</span> 
     </span>
    </p>
   </div>
   <div class='ocr_carea' id='block_1_9' title="bbox 796 1915 1630 1966">
    <p class='ocr_par' dir='ltr' id='par_1_12' title="bbox 796 1915 1630 1966">
     <span class='ocr_line' id='line_1_48' title="bbox 796 1915 1630 1966; baseline -0.01 -12"><span class='ocrx_word' id='word_1_364' title='bbox 796 1921 859 1955; x_wconf 86' lang='lat'>181</span> <span class='ocrx_word' id='word_1_365' title='bbox 881 1928 1018 1966; x_wconf 77' lang='lat' dir='ltr'>parent</span> <span class='ocrx_word' id='word_1_366' title='bbox 1035 1918 1194 1952; x_wconf 79' lang='lat' dir='ltr'>Parthas.</span> <span class='ocrx_word' id='word_1_367' title='bbox 1227 1925 1369 1964; x_wconf 74' lang='lat' dir='ltr'>parant</span> <span class='ocrx_word' id='word_1_368' title='bbox 1388 1917 1504 1949; x_wconf 75' lang='lat' dir='ltr'>socios</span> <span class='ocrx_word' id='word_1_369' title='bbox 1523 1915 1630 1947; x_wconf 84' lang='lat' dir='ltr'>Goth.</span> 
     </span>
    </p>
   </div>
   <div class='ocr_carea' id='block_1_10' title="bbox 898 2067 1628 2973">
    <p class='ocr_par' dir='ltr' id='par_1_13' title="bbox 898 2067 1628 2862">
     <span class='ocr_line' id='line_1_49' title="bbox 907 2067 1628 2121; baseline -0.008 -12"><span class='ocrx_word' id='word_1_370' title='bbox 907 2076 1028 2119; x_wconf 86' lang='lat' dir='ltr'>runt,</span> <span class='ocrx_word' id='word_1_371' title='bbox 1063 2070 1112 2108; x_wconf 86' lang='lat' dir='ltr'>ab</span> <span class='ocrx_word' id='word_1_372' title='bbox 1138 2067 1447 2121; x_wconf 84' lang='lat' dir='ltr'>imperatoribus</span> <span class='ocrx_word' id='word_1_373' title='bbox 1479 2067 1628 2104; x_wconf 86' lang='lat' dir='ltr'>Roma-</span> 
     </span>
     <span class='ocr_line' id='line_1_50' title="bbox 908 2123 1628 2177; baseline -0.008 -12"><span class='ocrx_word' id='word_1_374' title='bbox 908 2128 988 2177; x_wconf 89' lang='lat' dir='ltr'>nis,</span> <span class='ocrx_word' id='word_1_375' title='bbox 1029 2127 1098 2177; x_wconf 89' lang='lat' dir='ltr'>qui</span> <span class='ocrx_word' id='word_1_376' title='bbox 1131 2126 1183 2164; x_wconf 90' lang='lat' dir='ltr'>ad</span> <span class='ocrx_word' id='word_1_377' title='bbox 1210 2125 1385 2177; x_wconf 87' lang='lat' dir='ltr'>auspicia</span> <span class='ocrx_word' id='word_1_378' title='bbox 1415 2123 1628 2174; x_wconf 86' lang='lat' dir='ltr'>repetenda</span> 
     </span>
     <span class='ocr_line' id='line_1_51' title="bbox 907 2183 1627 2223; baseline -0.007 -1"><span class='ocrx_word' id='word_1_379' title='bbox 907 2198 954 2222; x_wconf 85' lang='lat' dir='ltr'>ac</span> <span class='ocrx_word' id='word_1_380' title='bbox 977 2183 1212 2223; x_wconf 82' lang='lat' dir='ltr'>renovanda</span> <span class='ocrx_word' id='word_1_381' title='bbox 1240 2184 1408 2220; x_wconf 83' lang='lat' dir='ltr'>Romam</span> <span class='ocrx_word' id='word_1_382' title='bbox 1436 2194 1627 2218; x_wconf 87' lang='lat' dir='ltr'>nonnun-</span> 
     </span>
     <span class='ocr_line' id='line_1_52' title="bbox 906 2238 1627 2292; baseline -0.007 -13"><span class='ocrx_word' id='word_1_383' title='bbox 906 2255 1026 2292; x_wconf 89' lang='lat' dir='ltr'>quam</span> <span class='ocrx_word' id='word_1_384' title='bbox 1047 2255 1096 2279; x_wconf 81' lang='lat' dir='ltr'>ex</span> <span class='ocrx_word' id='word_1_385' title='bbox 1117 2240 1256 2278; x_wconf 87' lang='lat' dir='ltr'>castris</span> <span class='ocrx_word' id='word_1_386' title='bbox 1273 2238 1627 2285; x_wconf 83' lang='lat' dir='ltr'>revertisolebant,</span> 
     </span>
     <span class='ocr_line' id='line_1_53' title="bbox 906 2295 1625 2336; baseline -0.003 -1"><span class='ocrx_word' id='word_1_387' title='bbox 906 2299 937 2335; x_wconf 88' lang='lat' dir='ltr'>si</span> <span class='ocrx_word' id='word_1_388' title='bbox 964 2312 1001 2336; x_wconf 89' lang='lat' dir='ltr'>v.</span> <span class='ocrx_word' id='word_1_389' title='bbox 1035 2313 1068 2336; x_wconf 89' lang='lat' dir='ltr'>c.</span> <span class='ocrx_word' id='word_1_390' title='bbox 1094 2298 1243 2335; x_wconf 86' lang='lat' dir='ltr'>malum</span> <span class='ocrx_word' id='word_1_391' title='bbox 1272 2309 1388 2335; x_wconf 86' lang='lat' dir='ltr'>omen</span> <span class='ocrx_word' id='word_1_392' title='bbox 1417 2295 1625 2333; x_wconf 83' lang='lat' dir='ltr'>inciderat.</span> 
     </span>
     <span class='ocr_line' id='line_1_54' title="bbox 907 2352 1625 2407; baseline -0.007 -14"><span class='ocrx_word' id='word_1_393' title='bbox 907 2353 1038 2407; x_wconf 88' lang='lat' dir='ltr'>(cuius</span> <span class='ocrx_word' id='word_1_394' title='bbox 1065 2355 1122 2393; x_wconf 89' lang='lat' dir='ltr'>rei</span> <span class='ocrx_word' id='word_1_395' title='bbox 1154 2354 1292 2392; x_wconf 87' lang='lat' dir='ltr'>crebra</span> <span class='ocrx_word' id='word_1_396' title='bbox 1329 2352 1437 2404; x_wconf 87' lang='lat' dir='ltr'>apud</span> <span class='ocrx_word' id='word_1_397' title='bbox 1471 2352 1625 2389; x_wconf 87' lang='lat' dir='ltr'>Livium</span> 
     </span>
     <span class='ocr_line' id='line_1_55' title="bbox 901 2409 1624 2465; baseline -0.007 -15"><span class='ocrx_word' id='word_1_398' title='bbox 901 2413 1062 2450; x_wconf 85' lang='lat' dir='ltr'>mentio.</span> <span class='ocrx_word' id='word_1_399' title='bbox 1099 2412 1211 2465; x_wconf 80' lang='lat' dir='ltr'>lVr.)</span> <span class='ocrx_word' id='word_1_400' title='bbox 1281 2410 1419 2460; x_wconf 81' lang='lat' dir='ltr'>ltaque</span> <span class='ocrx_word' id='word_1_401' title='bbox 1443 2409 1624 2447; x_wconf 83' lang='lat' dir='ltr'>similiter</span> 
     </span>
     <span class='ocr_line' id='line_1_56' title="bbox 901 2466 1623 2517; baseline -0.007 -10"><span class='ocrx_word' id='word_1_402' title='bbox 901 2470 1062 2517; x_wconf 85' lang='lat' dir='ltr'>statuit,</span> <span class='ocrx_word' id='word_1_403' title='bbox 1104 2482 1186 2507; x_wconf 88' lang='lat' dir='ltr'>esse</span> <span class='ocrx_word' id='word_1_404' title='bbox 1221 2467 1384 2506; x_wconf 81' lang='lat' dir='ltr'>Achivis</span> <span class='ocrx_word' id='word_1_405' title='bbox 1417 2466 1623 2504; x_wconf 80' lang='lat' dir='ltr'>Graeciam</span> 
     </span>
     <span class='ocr_line' id='line_1_57' title="bbox 898 2524 1623 2578; baseline -0.006 -13"><span class='ocrx_word' id='word_1_406' title='bbox 898 2526 1178 2578; x_wconf 84' lang='lat' dir='ltr'>repetendam,</span> <span class='ocrx_word' id='word_1_407' title='bbox 1209 2525 1381 2576; x_wconf 82' lang='lat' dir='ltr'>auspicia</span> <span class='ocrx_word' id='word_1_408' title='bbox 1399 2524 1452 2561; x_wconf 87' lang='lat' dir='ltr'>ibi</span> <span class='ocrx_word' id='word_1_409' title='bbox 1469 2524 1623 2561; x_wconf 83' lang='lat' dir='ltr'>instau-</span> 
     </span>
     <span class='ocr_line' id='line_1_58' title="bbox 899 2580 1621 2634; baseline -0.007 -12"><span class='ocrx_word' id='word_1_410' title='bbox 899 2584 1059 2632; x_wconf 86' lang='lat' dir='ltr'>randa,</span> <span class='ocrx_word' id='word_1_411' title='bbox 1113 2589 1153 2621; x_wconf 89' lang='lat' dir='ltr'>et</span> <span class='ocrx_word' id='word_1_412' title='bbox 1193 2596 1283 2621; x_wconf 86' lang='lat' dir='ltr'>cum</span> <span class='ocrx_word' id='word_1_413' title='bbox 1324 2583 1408 2634; x_wconf 86' lang='lat' dir='ltr'>ipso</span> <span class='ocrx_word' id='word_1_414' title='bbox 1448 2580 1621 2619; x_wconf 84' lang='lat' dir='ltr'>Palladio</span> 
     </span>
     <span class='ocr_line' id='line_1_59' title="bbox 900 2638 1620 2690; baseline -0.007 -11"><span class='ocrx_word' id='word_1_415' title='bbox 900 2647 1061 2689; x_wconf 63' lang='lat' dir='ltr'>avemo,</span> <span class='ocrx_word' id='word_1_416' title='bbox 1102 2646 1169 2690; x_wconf 85' lang='lat' dir='ltr'>ut,</span> <span class='ocrx_word' id='word_1_417' title='bbox 1207 2639 1449 2678; x_wconf 86' lang='lat' dir='ltr'>sollennibus</span> <span class='ocrx_word' id='word_1_418' title='bbox 1489 2638 1620 2685; x_wconf 85' lang='lat' dir='ltr'>sacris,</span> 
     </span>
     <span class='ocr_line' id='line_1_60' title="bbox 900 2696 1621 2743; baseline -0.007 -7"><span class='ocrx_word' id='word_1_419' title='bbox 900 2698 1136 2737; x_wconf 85' lang='lat' dir='ltr'>restituatur</span> <span class='ocrx_word' id='word_1_420' title='bbox 1162 2698 1203 2735; x_wconf 89' lang='lat' dir='ltr'>in</span> <span class='ocrx_word' id='word_1_421' title='bbox 1235 2696 1368 2734; x_wconf 86' lang='lat' dir='ltr'>sedem</span> <span class='ocrx_word' id='word_1_422' title='bbox 1396 2709 1525 2743; x_wconf 83' lang='lat' dir='ltr'>suam,</span> <span class='ocrx_word' id='word_1_423' title='bbox 1555 2708 1621 2732; x_wconf 89' lang='lat' dir='ltr'>re—</span> 
     </span>
     <span class='ocr_line' id='line_1_61' title="bbox 900 2752 1619 2806; baseline -0.008 -12"><span class='ocrx_word' id='word_1_424' title='bbox 900 2755 1153 2794; x_wconf 81' lang='lat' dir='ltr'>vertendum.</span> <span class='ocrx_word' id='word_1_425' title='bbox 1193 2752 1355 2806; x_wconf 79' lang='lat' dir='ltr'>(numen</span> <span class='ocrx_word' id='word_1_426' title='bbox 1383 2753 1431 2789; x_wconf 86' lang='lat' dir='ltr'>de</span> <span class='ocrx_word' id='word_1_427' title='bbox 1456 2752 1619 2789; x_wconf 69' lang='lat' dir='ltr'>simula-</span> 
     </span>
     <span class='ocr_line' id='line_1_62' title="bbox 901 2808 1431 2862; baseline -0.009 -12"><span class='ocrx_word' id='word_1_428' title='bbox 901 2826 994 2862; x_wconf 84' lang='lat' dir='ltr'>cro,</span> <span class='ocrx_word' id='word_1_429' title='bbox 1030 2819 1074 2850; x_wconf 91' lang='lat' dir='ltr'>ut</span> <span class='ocrx_word' id='word_1_430' title='bbox 1099 2826 1158 2851; x_wconf 82' lang='lat' dir='ltr'>vs,</span> <span class='ocrx_word' id='word_1_431' title='bbox 1188 2814 1279 2852; x_wconf 82' lang='lat'>183.</span> <span class='ocrx_word' id='word_1_432' title='bbox 1315 2808 1431 2861; x_wconf 34' lang='lat' dir='ltr'>llrr.)</span> 
     </span>
    </p>

    <p class='ocr_par' dir='ltr' id='par_1_14' title="bbox 899 2864 1618 2973">
     <span class='ocr_line' id='line_1_63' title="bbox 961 2864 1617 2915; baseline -0.017 -4"><span class='ocrx_word' id='word_1_433' title='bbox 961 2872 1053 2912; x_wconf 83' lang='lat'>180.</span> <span class='ocrx_word' id='word_1_434' title='bbox 1087 2872 1178 2910; x_wconf 88' lang='grc'>181.</span> <span class='ocrx_word' id='word_1_435' title='bbox 1219 2870 1269 2906; x_wconf 85' lang='lat' dir='ltr'>Et</span> <span class='ocrx_word' id='word_1_436' title='bbox 1301 2881 1407 2905; x_wconf 84' lang='lat' dir='ltr'>nunc</span> <span class='ocrx_word' id='word_1_437' title='bbox 1439 2864 1544 2915; x_wconf 85' lang='lat' dir='ltr'>quod</span> <span class='ocrx_word' id='word_1_438' title='bbox 1580 2865 1617 2901; x_wconf 85' lang='lat' dir='ltr'>in</span> 
     </span>
     <span class='ocr_line' id='line_1_64' title="bbox 899 2923 1618 2973; baseline -0.01 -8"><span class='ocrx_word' id='word_1_439' title='bbox 899 2926 1103 2965; x_wconf 81' lang='lat' dir='ltr'>Graeciam</span> <span class='ocrx_word' id='word_1_440' title='bbox 1125 2925 1344 2973; x_wconf 84' lang='lat' dir='ltr'>redierunt,</span> <span class='ocrx_word' id='word_1_441' title='bbox 1369 2923 1445 2962; x_wconf 85' lang='lat' dir='ltr'>hoc</span> <span class='ocrx_word' id='word_1_442' title='bbox 1462 2936 1506 2959; x_wconf 85' lang='lat' dir='ltr'>eo</span> <span class='ocrx_word' id='word_1_443' title='bbox 1525 2935 1618 2972; x_wconf 80' lang='lat' dir='ltr'>per-</span> 
     </span>
    </p>
   </div>
  </div>
 </body>
</html>
