1811 3388
430 248 844 301 AENEIDOS
883 248 1026 296 LIB.
1064 248 1154 308 III,
1193 249 1415 297 44-56

1585 251 1684 298 449

174 378 423 428 Threicio
446 375 580 439 regi,
619 391 788 440 quum
812 374 915 422 iam
950 370 1228 421 diffideret
1247 371 1405 420 armis

170 448 463 498 Dardaniae
478 484 490 507 ,
531 445 776 511 cingique
797 443 993 492 urbem
1020 441 1304 490 obsidione
1324 440 1547 492 videret.

169 517 290 580 Ille,
324 524 382 564 ut
407 530 537 580 opes
558 513 754 562 fractae
780 516 1076 571 Teucrum,
1117 520 1168 560 et
1189 514 1426 560 Fortuna
1455 512 1687 573 recessit,

169 589 275 635 Res
302 584 751 648 Agamemnonias
774 583 1111 647 victriciaque
1137 598 1281 629 arma
1303 589 1530 641 secutus,

169 658 266 704 Fas
315 670 479 703 omne
530 653 797 719 abrumpit
822 677 834 712 ς
881 651 1212 716 Polydorum
1255 650 1540 700 obtruncat
1563 691 1576 713 ‚
1636 658 1688 699 et

168 793 234 845 Vi
257 792 471 859 potitur.

1621 724 1687 771 55

958 737 1086 770 RUFO

546 792 687 854 Quid
709 808 821 840 non
846 791 1089 840 mortalia
1112 799 1330 856 pectora
1356 790 1513 854 cogis,

263 933 307 969 51
338 933 526 974 ΤΙιναίοῐο,
557 934 701 966 Traicio
721 931 897 967 scribitur.
949 932 1033 976 (iam
1052 930 1088 964 in
1107 930 1234 963 Medic.
1256 928 1419 963 omissum
1433 956 1442 971 ,
1476 929 1540 962 sed
1560 941 1687 973 super—

171 980 359 1025 scriptum3
388 986 423 1012 et
443 980 542 1013 malis
565 981 709 1021 abesse,
729 980 800 1012 vid.
823 981 866 1013 V.
888 980 928 1013 L.
949 979 992 1012 ad
1014 991 1061 1011 vs.
1087 990 1160 1022 sq.;
1190 985 1379 1022 praeterea
1403 978 1476 1010 reis
1493 977 1527 1009 in
1549 977 1690 1018 eodem,

170 1040 189 1060 s
208 1034 324 1060 tamen
345 1028 552 1069 transfossa,
581 1033 615 1059 et
640 1040 666 1072 g
691 1026 949 1071 superscripta,
983 1027 1076 1058 unde
1104 1026 1165 1057 fiat
1196 1026 1286 1069 regi.
1325 1025 1421 1067 IVr.)

1518 1025 1562 1058 52
1594 1026 1629 1056 in
1635 1025 1688 1056 si—

170 1075 278 1107 dione
298 1074 389 1106 alter
411 1075 534 1107 Hamb.
585 1075 767 1118 (Suspecta
793 1081 845 1106 est
861 1073 972 1106 altera
991 1073 1092 1105 huius
1112 1083 1230 1104 versus
1249 1084 1350 1116 pars;
1378 1083 1455 1104 nam
1472 1070 1600 1102 dudum
1622 1070 1688 1102 iam

171 1121 440 1166 oppugnabatur
459 1121 578 1161 Troia,
608 1132 710 1165 quum
722 1120 875 1153 Priamus
893 1121 998 1152 rebus
1017 1119 1086 1151 suis
1108 1118 1268 1151 diffidere
1292 1118 1429 1162 coepit3
1455 1117 1491 1149 id
1510 1118 1605 1161 quod
1625 1129 1689 1162 per

196 1168 374 1200 artieulam
398 1169 469 1200 iam
499 1167 729 1211 significatum
766 1179 853 1207 nec,
893 1179 995 1211 quum
1025 1166 1172 1210 primum
1197 1165 1323 1197 Graeci
1351 1164 1592 1205 advenissent,
1625 1164 1687 1196 sed

171 1212 249 1247 επεὶ
275 1214 434 1258 Φρυγῶν
458 1212 568 1248 πόλιν
595 1213 782 1253 Κίνδυνος
806 1211 886 1257 ἔσχε
920 1212 1005 1256 δορὶ
1041 1214 1167 1246 πεσεῖν
1205 1208 1424 1257 Ἑλληνικῷ,
1461 1217 1497 1242 nt
1521 1217 1574 1243 est
1595 1210 1688 1254 apud

169 1261 391 1306 Euripidem,
416 1273 516 1305 quem
538 1260 675 1293 videtur
696 1261 730 1294 h.
749 1261 772 1293 l.
798 1261 966 1304 Virgilius
991 1259 1223 1303 expressisse,
1260 1259 1328 1291 vid.
1353 1259 1530 1299 Exc.111.‚
1563 1258 1687 1289 missus

171 1307 276 1340 estin
295 1308 480 1340 Thraciam
508 1308 717 1352 Polydorus.
765 1311 834 1339 Aut
865 1307 1034 1350 Virgilius
1064 1306 1113 1339 ita
1144 1305 1284 1338 statuit:
1323 1305 1426 1337 rebus
1452 1304 1687 1337 Troianorum

169 1354 345 1387 inclinatis
365 1356 518 1387 Graecos
543 1361 656 1387 castra
675 1354 719 1386 ad
740 1353 851 1399 ipsam
879 1354 999 1386 urbem
1021 1352 1217 1386 admovisse
1238 1359 1273 1385 et
1300 1364 1381 1384 vera
1411 1351 1595 1384 obsidione
1625 1363 1686 1383 ur—

170 1402 249 1434 bem
269 1401 452 1441 clausisse3
478 1402 570 1445 quod
589 1401 758 1433 abhorret
780 1414 799 1433 a
820 1400 1038 1444 temporibus
1058 1399 1223 1432 heroicis.
1273 1401 1397 1443 Neque
1421 1409 1503 1430 vero
1530 1400 1601 1431 iam
1622 1410 1686 1430 ex-

171 1448 305 1492 plicare
323 1448 404 1480 licet
430 1460 492 1492 per
511 1449 635 1480 Statim
649 1473 657 1488 ,
685 1446 729 1480 ab
746 1449 863 1480 initio.
896 1447 988 1490 Wr.)

172 1502 257 1539 quot
276 1495 455 1528 Pierianis.
510 1496 687 1527 Teucrum
701 1494 756 1539 fr.
770 1493 1006 1540 fortunaque
1026 1507 1055 1526 r.
1078 1492 1224 1525 Dorvill.

171 1554 237 1586 que
258 1543 371 1574 Burm.
421 1540 601 1586 obrumpit
621 1548 692 1574 tres
716 1541 787 1573 alii.
823 1543 944 1586 erupit
964 1540 1073 1574 Goth.
1095 1552 1163 1574 sec.

880 1587 926 1623 56
960 1599 1116 1633 corpora
1146 1586 1256 1621 Wall.
1292 1586 1400 1630 (idem
1427 1585 1686 1619 hemistichium

171 1588 239 1620 kef.
261 1588 304 1620 ad
331 1589 470 1621 Lucret.
495 1589 537 1627 Π,
567 1588 647 1624 652.
690 1588 784 1631 ΠΤ.)

171 1634 298 1679 legitur
320 1636 381 1676 1V,
396 1635 476 1670 412.
508 1635 601 1678 lls'r.)

170 1752 235 1790 ille
256 1758 446 1804 expertus
467 1758 538 1803 est,
559 1753 776 1793 fortunam.
820 1753 899 1791 Sed

171 1810 236 1848 cui
274 1810 386 1848 triste
422 1810 519 1861 quid
554 1811 723 1861 accidit,
771 1824 898 1862 saepe,

171 1874 386 1918 antequam
411 1882 473 1906 res
502 1869 584 1920 ipsa
615 1870 795 1921 exposita
827 1875 897 1918 est,

170 1926 322 1963 nomini
350 1926 433 1963 eius
463 1925 541 1964 hoc
570 1927 635 1964 vel
660 1927 801 1964 similia
824 1927 899 1964 ad-

170 1983 314 2022 iectiva
332 1983 384 2020 ita
407 1983 662 2033 adiiciuntur,
684 1991 731 2022 ut
750 1985 900 2023 tristis-

170 2041 291 2078 simus
329 2041 387 2079 rei
410 2041 636 2079 narrandae
669 2043 801 2080 exitus
830 2056 898 2080 re-

171 2099 374 2151 spiciatur.
443 2100 512 2136 Est
553 2100 675 2150 igitur
712 2100 901 2138 infelix

171 2155 351 2194 Priamus
397 2156 447 2193 ob
494 2157 684 2208 Polydori
726 2158 901 2195 caedem.

170 2213 276 2251 Hinc
297 2213 470 2251 infelices
493 2221 688 2262 amantes,
714 2215 782 2264 qui
803 2221 901 2253 voto

171 2285 253 2308 non
273 2277 368 2308 sunt
390 2271 571 2322 potituri,
593 2278 640 2309 ut
658 2272 757 2309 Dido
779 2285 900 2323 supra

171 2328 201 2377 I,
222 2327 316 2369 749.
377 2328 437 2366 Ita
460 2328 527 2377 fit,
569 2335 617 2367 ut
650 2329 898 2380 exspectatio

170 2385 385 2436 legentium
412 2386 623 2425 excitetur.
683 2387 747 2424 Sic
765 2393 899 2424 autem

172 2443 272 2481 solet
302 2451 420 2495 poeta
451 2444 493 2481 in
533 2444 619 2495 ipso
657 2445 899 2482 narrationis

172 2501 340 2539 exordio
384 2514 500 2539 suum
549 2502 669 2539 animi
714 2502 898 2540 affectum

172 2558 364 2610 prodere,
396 2559 569 2609 Tragicis
593 2560 635 2597 in
659 2572 702 2597 ea
727 2573 770 2598 re
790 2560 900 2598 simi-

172 2615 240 2665 lis,
273 2616 454 2655 diversus
478 2617 526 2654 ab
548 2618 736 2655 Homero.
759 2641 815 2646 -——
846 2619 901 2656 De

172 2686 230 2710 vs.
255 2674 319 2714 52.
340 2674 423 2712 vid.
446 2674 491 2712 V.
513 2675 553 2713 L.
590 2673 707 2728 lVr.)

229 2731 296 2772 53.
327 2732 425 2768 Rem
455 2738 493 2769 et
524 2746 702 2771 caussam
733 2732 901 2783 Agame-

174 2788 330 2824 mnonis
351 2789 549 2839 potiorem
577 2791 744 2839 saetam,
765 2797 900 2842 partes

174 2843 489 2894 Agamemnonis,
560 2848 626 2888 55.
667 2849 753 2885 Fas
786 2862 900 2885 omne

175 2901 402 2951 abrumpit,
456 2904 591 2953 paullo
619 2905 809 2942 audacius
836 2905 900 2942 di·-

174 2964 284 2996 ctum
312 2959 493 3009 videtur,
536 2960 672 2999 divina
699 2961 900 3000 humana-

247 3026 287 3073 V
297 3038 453 3073 IRGIL.
494 3026 636 3075 Tom.
674 3029 735 3076 II.

1083 1447 1130 1481 53
1165 1455 1200 1478 et
1231 1446 1331 1478 deest
1358 1445 1531 1477 Montalb.
1558 1452 1593 1477 et
1619 1444 1686 1477 ali—

1321 1493 1363 1526 55
1401 1491 1548 1537 abrupit
1581 1492 1686 1536 quin—

1215 1540 1362 1581 (aurum
1384 1538 1454 1581 legi
1474 1538 1572 1571 malit
1594 1541 1687 1573 &Va—

956 1765 1033 1804 que
1051 1752 1140 1790 iura
1159 1751 1361 1802 infringit,
1395 1750 1530 1789 violat.
1592 1749 1687 1789 Mox

956 1812 1011 1852 56
1056 1811 1157 1862 quid
1195 1824 1274 1847 non
1295 1831 1351 1838 —
1373 1810 1486 1859 cogi-9
1520 1822 1596 1860 pro
1631 1809 1690 1847 ad

956 1869 1068 1920 quid.
1138 1867 1216 1905 Sed
1249 1867 1492 1919 praepositio
1533 1867 1687 1904 omitti-

955 1933 1042 1964 tur:
1083 1925 1261 1963 illustrat
1296 1925 1562 1962 Burmannus.
1622 1925 1687 1961 Sic

955 1983 993 2023 τὶ
1010 1997 1086 2035 pro
1103 1979 1204 2036 πρός
1222 1999 1270 2022 τι.
1332 1980 1437 2035 (Non
1456 1988 1513 2019 est
1532 1995 1686 2031 verum,

960 2040 1070 2091 quod
1089 2041 1269 2092 Heynius
1296 2046 1457 2088 narrat3
1489 2040 1600 2077 nulla
1621 2039 1687 2077 hic

960 2105 1018 2136 est
1058 2098 1362 2149 praepositionis
1398 2098 1564 2149 ellipsis3
1614 2110 1686 2135 nec

960 2155 1287 2194 Wunderliehius
1316 2169 1400 2193 rem
1429 2155 1592 2206 expedit
1626 2168 1684 2203 eo,

959 2213 1069 2263 quod
1087 2214 1279 2251 Graecam
1296 2213 1338 2250 in
1360 2211 1421 2249 his
1438 2219 1685 2250 structuram

957 2271 1119 2308 Latinos
1159 2276 1316 2308 secutos
1354 2283 1436 2307 esse
1467 2270 1541 2317 ait,
1585 2283 1685 2320 quae

957 2328 1120 2379 quidem
1164 2341 1238 2366 nec
1285 2328 1552 2375 Graecorum,
1612 2340 1687 2365 nec

956 2387 1250 2434 Romanorum,
1291 2398 1364 2422 nec
1397 2385 1518 2423 ullius
1548 2386 1686 2436 populi

957 2443 1119 2495 propria
1150 2443 1330 2481 dicenda.
1390 2442 1539 2494 Nempe
1568 2443 1685 2480 cuili-

955 2501 1024 2538 bet
1041 2500 1165 2539 verbo
1187 2501 1346 2552 adiungi
1365 2507 1498 2552 potest
1521 2514 1685 2538 accusa—

956 2559 1066 2597 tivus
1086 2558 1328 2597 substantivi
1351 2558 1560 2607 actionem,
1584 2571 1685 2609 quae

959 2629 1004 2654 eo
1034 2616 1182 2665 verbo,
1223 2617 1286 2654 cui
1335 2622 1546 2667 cognatum
1584 2616 1683 2654 illud

959 2680 1040 2723 est,
1080 2680 1266 2722 notatur,
1315 2674 1598 2725 exprimentis,
1638 2679 1684 2711 ut

960 2734 1013 2769 ire
1036 2733 1128 2780 Her,
1159 2746 1349 2782 pugnam
1370 2745 1558 2781 pugnare
1574 2761 1584 2779 ‚
1618 2745 1684 2768 so-

957 2791 1111 2826 mnium
1130 2791 1326 2826 somniare
1336 2803 1355 2835 ‚·
1375 2789 1439 2827 vel
1453 2789 1570 2826 etiam
1587 2789 1685 2826 sub-

957 2848 1097 2884 stituto
1117 2846 1253 2883 similis
1285 2845 1581 2896 significationis
1608 2860 1684 2884 vo-

958 2904 1114 2951 cabulo,
1145 2906 1200 2941 ire
1232 2905 1390 2950 νίανης
1422 2904 1503 2941 vid.
1522 2904 1610 2941 Not.
1634 2903 1684 2940 ad

957 2962 1046 3010 XII,
1068 2964 1185 3009 3865
1212 2960 1390 3011 adeoque
1418 2975 1527 2998 mare
1552 2974 1683 2998 curre-

1339 3029 1407 3073 29
