1779 3420
145 208 246 266 690
470 214 524 262 P.
560 208 914 262 VIRGILII
958 205 1325 255 MARONIS

149 340 202 388 Si
222 347 274 388 te
297 337 377 386 his
401 336 644 401 adtigerit
664 334 816 385 terris
839 336 1043 382 Aurora
1066 341 1386 383 morantem.

144 410 237 458 Eia
261 423 370 472 age,
390 423 583 472 rumpe
601 421 790 454 moras,
851 401 1070 453 Varium
1092 410 1144 450 et
1163 401 1420 452 mutabile
1443 417 1659 466 semper

145 479 378 528 Femina.
453 477 536 526 Sic
553 475 690 524 fatus
708 472 852 522 nocti
875 488 929 520 se
950 471 1216 521 inmiscuit
1236 481 1390 522 atrae.
1555 475 1658 523 570

217 551 359 596 Tum
378 542 514 596 vemc
528 549 733 594 Aeneas
747 584 759 604 .,
799 541 982 590 subitis
1004 542 1278 591 exterritus
1299 541 1520 604 umbris,

148 617 391 682 Conripit
413 633 440 665 e
461 630 654 664 somno
680 628 899 678 corpu5‚
939 612 1221 678 sociosque
1242 610 1440 675 fatigat:

147 687 463 751 Praecipites
482 684 713 747 vigilate„
753 682 873 743 viri,
913 691 965 731 et
984 682 1242 730 considite
1261 681 1523 740 transtris3

149 756 348 806 Solvite
366 755 479 803 vela
503 754 600 804 citi.
671 756 838 813 DeUS‚
878 751 1095 801 aethere
1117 751 1307 800 missus
1329 751 1392 799 ab
1415 749 1537 813 alto,

146 827 415 876 Festinare
440 822 647 887 fugam,
684 832 966 888 tortosque
990 821 1227 870 incidere
1248 820 1405 886 funiS‚
1557 821 1657 869 575

145 899 280 945 Ecce
298 895 492 943 iterum
513 892 759 945 stimulat.
798 893 1088 958 Sequimur
1114 900 1180 955 te,
1207 899 1385 940 sancte
1412 889 1657 950 deorum,

237 1023 305 1058 569
330 1023 426 1055 Ileia
449 1021 485 1054 in
511 1022 634 1066 fragm.
660 1021 774 1056 Vatic.
807 1028 841 1054 et
872 1020 907 1053 in
940 1020 1070 1053 multis.
1107 1019 1170 1064 (sic
1208 1020 1310 1053 etiam
1343 1019 1541 1059 Medicws,
1575 1018 1656 1051 item

145 1071 234 1103 infra
262 1071 322 1110 IX,
348 1070 404 1104 38.
430 1081 506 1102 cum
532 1070 655 1102 eodem
689 1070 812 1112 fragm.
837 1067 951 1101 Vatic.
985 1067 1150 1111 aliisque3
1187 1074 1222 1100 et
1254 1066 1486 1099 restituissem
1519 1066 1657 1110 aspira-

143 1118 295 1157 tionem,
320 1115 388 1148 nisi
410 1116 494 1149 talia
519 1115 649 1149 intacta
673 1116 871 1160 relinquere
903 1114 1145 1147 decrevissem.
1185 1115 1280 1156 lVr.)
1330 1117 1430 1160 Ergo
1465 1126 1534 1159 age
1566 1112 1657 1146 Pier.

144 1164 276 1208 aliquot
309 1163 412 1196 codd.
462 1175 505 1196 ac
538 1171 625 1196 mut.
660 1163 771 1197 Wall.
867 1161 935 1197 570
960 1160 1060 1206 satis
1091 1161 1181 1194 Gud.
1218 1173 1237 1194 a
1272 1174 1316 1193 m.
1351 1174 1403 1205 pr.
1453 1162 1524 1193 iam
1561 1161 1655 1192 misc.

142 1212 264 1255 fragm.
290 1209 405 1245 Vatic.
431 1222 450 1243 a
475 1223 518 1242 m.
543 1221 598 1253 pr.
648 1212 816 1254 noctique
840 1210 933 1242 imm.
959 1208 1069 1241 Wall.
1118 1221 1158 1241 se
1181 1209 1323 1240 miscuit
1347 1207 1446 1240 Leid.
1480 1215 1513 1240 et
1549 1206 1656 1239 Goth.

143 1264 225 1290 tert.
321 1257 387 1292 571
416 1255 560 1289 subitus
583 1256 674 1289 alter
700 1257 838 1300 Men-ag.
935 1256 1003 1290 572
1029 1268 1051 1288 a
1076 1267 1200 1288 Somno
1226 1255 1294 1287 duo
1319 1256 1432 1287 Burm.
1481 1267 1500 1287 e
1524 1253 1658 1286 somnis

142 1304 241 1337 Leid.
292 1316 311 1335 e
335 1311 454 1336 strato
478 1303 614 1347 aliquot
637 1303 728 1336 Pier.
763 1309 799 1335 et
829 1314 904 1347 sup.
937 1303 998 1342 ΙΙΙ,
1034 1303 1111 1337 176.
1160 1303 1278 1335 socios
1309 1314 1511 1346 corpusque
1549 1299 1656 1333 Wall.

144 1352 211 1387 573
237 1352 512 1396 Praecipitans,
538 1363 573 1382 v.
599 1363 634 1383 21.
667 1350 875 1382 emendabat
899 1351 950 1381 Io.
976 1349 1160 1381 Schrader.
1189 1347 1224 1380 in
1250 1349 1399 1381 schedis.
1448 1347 1658 1380 Oll'endebat

143 1397 277 1431 scilicet
296 1399 520 1443 praecipites
543 1409 620 1430 cum
644 1397 798 1443 vigilate
825 1397 999 1436 iunctum,
1024 1396 1118 1440 quod
1144 1395 1302 1440 poeticus
1341 1406 1454 1428 sermo
1484 1395 1519 1426 in
1551 1393 1656 1426 festi-

142 1445 283 1478 natione
320 1444 410 1476 bene
451 1444 532 1476 fert.
581 1444 836 1489 Praem'gilate
869 1445 957 1484 viri,
993 1455 1119 1475 moneo
1150 1454 1219 1475 sec.
1257 1442 1423 1475 Rottend.
1458 1441 1655 1481 ludibrium,

142 1498 226 1536 puto
242 1517 251 1531 ,
274 1490 423 1523 librarii.
472 1499 508 1523 et
531 1490 634 1523 deest
658 1490 760 1523 alteri
786 1490 997 1534 Hamburg.,
1022 1501 1091 1522 non
1117 1489 1216 1522 male.
1266 1491 1386 1533 (Erant
1409 1488 1529 1521 Servio
1555 1495 1656 1528 teste,

143 1539 201 1583 qui
226 1538 427 1582 iungerent:
455 1550 525 1570 soc.
538 1536 686 1583 fatigat
701 1538 942 1583 praecipites3
977 1536 1047 1569 vid.
1073 1538 1114 1577 Q.
1142 1537 1183 1569 V.
1211 1537 1383 1575 XXXIII,
1423 1537 1475 1570 10.
1525 1547 1655 1568 conse-

143 1587 218 1618 dite
241 1586 365 1628 fragm.
391 1584 506 1618 Vatic.
534 1591 569 1617 et
593 1597 612 1617 a
639 1597 682 1617 m.
709 1596 762 1628 pr.
795 1584 921 1616 Medic.
961 1583 1057 1625 lVr.)
1155 1583 1224 1618 574
1256 1585 1380 1615 iussus
1414 1583 1556 1614 Oudart.
1590 1592 1655 1624 pro

142 1634 225 1664 Var.
261 1632 359 1665 Lect.
456 1631 523 1665 575
569 1634 610 1664 F.
651 1630 750 1663 iubet
782 1632 908 1663 Venet.
965 1631 1048 1662 Mox
1081 1642 1149 1674 qne
1183 1630 1283 1662 abest
1319 1642 1337 1662 a
1372 1629 1507 1661 duobus
1542 1631 1655 1660 Burm.

141 1681 210 1714 576
234 1678 441 1711 instimulat
465 1677 596 1722 aliquot
621 1676 819 1715 Heinsiani3
856 1679 905 1721 (et
931 1679 962 1711 1.
990 1680 1043 1712 10.
1084 1679 1138 1713 11.
1179 1677 1273 1720 lVr.)
1311 1676 1404 1720 quod
1435 1675 1653 1708 numerosius

142 1725 254 1759 videri
279 1731 413 1770 potest3
439 1725 502 1757 sed
520 1737 552 1757 v.
577 1724 698 1758 Heius.
723 1730 757 1756 et
783 1725 896 1759 Burm.

144 1821 238 1862 567.
258 1819 404 1857 Ornati
426 1820 582 1858 versus!
614 1818 765 1856 turbari
780 1827 867 1856 ι’να-
925 1832 1000 1869 pro
1015 1817 1179 1868 caligine
1193 1817 1324 1855 subito
1339 1824 1481 1855 exorta
1500 1817 1650 1854 abeun-

142 1877 278 1926 bibas,
311 1877 469 1929 impleri
500 1877 671 1915 navibus
696 1890 748 1915 sc.
771 1877 869 1914 Car-

142 1935 375 1985 tllaginiens.
396 1936 442 1972 cs.
463 1935 534 1972 inf.
560 1936 642 1976 592
656 1948 731 1984 sq.;
769 1935 870 1971 male

144 1993 271 2030 Cerda
291 1993 445 2030 turbari
469 1998 713 2044 tempestate.
773 1993 870 2034 568.

145 2052 190 2086 St·
209 2059 243 2088 te
271 2051 350 2087 his.
414 2051 659 2101 Comparant
687 2049 798 2087 Iliad.
835 2061 870 2097 σ,

144 2109 239 2148 268.
260 2110 356 2149 269.
417 2106 625 2160 (adtigerit
643 2108 802 2144 Aurora
817 2106 870 2144 il-

144 2165 290 2202 lustrat
324 2164 478 2205 Wakef.
522 2165 573 2202 ad
612 2166 770 2203 Lucret.
804 2164 869 2213 IV,

145 2221 239 2263 409.
267 2221 384 2275 lVr.)
446 2223 541 2264 569.
571 2224 744 2261 Varium
761 2230 797 2259 et
817 2237 868 2259 m.

145 2278 185 2316 11.
214 2280 236 2316 l.
258 2285 418 2317 tantum
455 2293 500 2318 eo
535 2280 728 2332 pertinet,
761 2280 869 2330 quod

146 2336 186 2372 in
208 2337 388 2374 muliebri
410 2338 540 2375 animo
562 2352 740 2376 summus
757 2351 870 2375 amor

148 2393 186 2429 in
215 2407 407 2432 summam
430 2396 635 2432 saevitiam
664 2402 704 2433 et
722 2395 870 2433 imma-

150 2450 311 2487 nitatem
339 2454 441 2489 verti
472 2459 630 2504 potest,
681 2459 728 2491 ut
770 2452 868 2490 adeo

150 2506 300 2543 Aeneae
321 2509 369 2544 de
391 2510 516 2547 salute
529 2510 785 2561 cogitandum
806 2510 870 2548 sit.

149 2565 244 2606 570.
275 2568 379 2601 nocti
398 2581 437 2603 se
455 2569 484 2603 ι’.
507 2582 547 2604 α.
585 2569 759 2606 evanuit.
783 2582 870 2619 sup.

151 2634 187 2657 v.
221 2623 316 2660 278.
356 2624 431 2658 mli
468 2625 669 2673 Cyllenius·
710 2640 772 2662 ore
808 2627 870 2662 lo-

151 2686 294 2727 quum-s·
308 2680 498 2716 Marlalis
518 2684 627 2718 risus
646 2683 774 2719 medio
787 2697 871 2719 ser-

150 2749 263 2770 mone
278 2735 401 2785 reliqtc
407 2738 435 2772 it
442 2765 449 2772 .

209 2792 285 2831 571
315 2814 365 2818 -—
387 2793 480 2833 575.
530 2795 668 2832 subitis
704 2796 868 2845 umbris,

153 2853 283 2899 potest
306 2849 406 2885 sorte
438 2850 558 2901 accipi
590 2866 661 2902 pro
693 2853 871 2903 imagine,

153 2905 248 2943 viso.
318 2905 457 2944 Melius
498 2913 629 2945 tamen
675 2910 713 2946 in
756 2917 871 2961 poeta

926 1882 965 1913 te
998 1875 1097 1923 deo,
1138 1875 1226 1924 qui,
1278 1882 1325 1912 ut
1363 1889 1448 1912 mos
1487 1882 1568 1922 est,
1613 1875 1653 1912 in

928 1934 1056 1971 multa
1085 1932 1174 1970 luce
1202 1939 1462 1984 apparuerat:
1493 1938 1538 1970 ut
1567 1945 1653 1982 sup.

928 2005 966 2029 v.
999 1991 1094 2032 358.
1127 1991 1244 2027 deum
1270 1992 1482 2041 mamybsto
1512 1992 1554 2026 in
1586 1990 1654 2027 la-

928 2050 1032 2085 mine
1057 2049 1150 2086 vidi.
1194 2049 1324 2085 Ful-sil
1350 2048 1401 2085 al)
1423 2049 1550 2084 invita
1574 2062 1653 2084 ηιι-

929 2121 1019 2143 men
1038 2107 1203 2156 procul,
1250 2106 1305 2143 ait
1338 2106 1465 2143 Valer.
1495 2105 1553 2142 Fl.
1587 2105 1652 2154 VI,

928 2162 1024 2204 480.
1085 2163 1137 2200 At
1154 2177 1263 2201 nune
1278 2163 1343 2201 ille
1369 2165 1452 2205 570
1480 2164 1587 2201 noeti
1613 2177 1653 2199 se

926 2221 1198 2259 immiscuerat
1233 2230 1359 2258 atrae.
1426 2221 1596 2271 Corripit
1633 2234 1653 2256 e

928 2293 1064 2316 somno
1081 2294 1247 2329 eorsum,
1283 2278 1520 2316 Lucretiana
1558 2290 1652 2315 ora-

930 2336 984 2374 tio
1007 2366 1016 2384 ‚
1058 2336 1125 2374 lib.
1168 2337 1232 2385 Ill,
1277 2336 1370 2384 164,
1398 2335 1437 2374 h.
1466 2349 1498 2376 e.
1531 2335 1650 2382 levat,

927 2400 1075 2432 movet.
1133 2396 1335 2445 sociosque
1349 2393 1531 2444 fatigat,
1553 2392 1652 2430 hor-

927 2452 1075 2489 tatibus
1096 2450 1136 2488 h.
1154 2452 1200 2500 l.,
1232 2458 1279 2488 ut
1297 2452 1458 2489 omnino
1487 2450 1535 2488 de
1563 2463 1649 2486 sae-

926 2509 1015 2560 pius
1031 2514 1182 2546 tentato
1201 2515 1315 2546 motu
1344 2508 1489 2545 dicitur
1511 2507 1650 2557 poetis.

928 2567 977 2603 cf.
1000 2566 1050 2603 ad
1071 2566 1098 2613 [,
1120 2568 1213 2608 280.
1235 2564 1414 2613 VHI‚94.
1448 2563 1652 2616 (fatigare

928 2629 1041 2660 notat
1072 2623 1291 2674 impellere,
1333 2622 1560 2670 stimulare,
1603 2622 1650 2660 cs.

930 2681 995 2728 vi,
1018 2681 1134 2728 533„
1166 2686 1225 2728 et,
1256 2686 1304 2717 ut
1332 2680 1452 2717 verba
1486 2682 1647 2725 instare,

930 2738 1081 2775 hot-lari
1100 2766 1110 2784 ,
1151 2739 1339 2785 inc-itare,
1386 2737 1551 2786 similia,
1594 2737 1649 2774 ita

928 2799 1166 2845 usurpatur,
1198 2801 1243 2831 ut
1263 2807 1344 2842 res,
1376 2794 1562 2844 adquam
1586 2795 1651 2831 in-

928 2854 1122 2902 stigantur
1144 2850 1342 2900 homines,
1375 2864 1425 2888 ex
1458 2857 1652 2890 contextu

928 2909 1181 2959 intelligenda
1213 2910 1273 2946 sit.
1309 2908 1457 2962 ll‘cli.)
1505 2910 1649 2960 fimes,
