1779 3420
114 232 215 279 670

436 227 490 274 P.
527 221 882 273 VIRGILII
927 216 1294 266 MARONIS

180 354 347 415 ErgO,
385 349 478 400 ubi
503 345 965 413 concepitFuriaS,
1005 342 1169 391 evicta
1195 340 1402 405 dolore,

116 421 468 486 Decrevitque
505 418 670 481 mori,
730 425 943 480 tempus
988 428 1170 461 secum
1220 413 1329 478 ipsa
1365 412 1621 461 modum-

895 498 1000 548 que
1521 484 1621 533 475

116 560 307 623 Exigit,
348 566 421 621 et,
457 563 713 605 maestam
736 552 883 601 dictis
915 551 1154 615 adgressa
1177 567 1438 612 sororem,

118 628 411 680 Consilium
433 625 581 674 vultu
608 624 760 687 tegit,
801 638 857 670 ac
878 637 1030 687 spem
1056 619 1235 668 fronte
1261 629 1494 671 serenat:

116 698 327 760 Inveni,
365 710 637 760 germana,
674 692 815 741 viam
839 696 1064 755 (gratare
1087 689 1298 754 sorori),

211 848 279 883 476
306 859 348 880 ac
378 857 420 878 m.
453 842 579 877 Medic.
614 842 663 886 (et
692 842 750 876 hic
771 842 883 875 locum
913 842 1045 874 habere
1072 852 1194 886 posse,
1241 838 1428 884 apparebit
1459 850 1477 870 e
1509 840 1552 879 Q.
1580 839 1624 871 V.

123 896 280 935 XXXV,
309 892 362 932 15,
387 892 446 930 b.;
473 903 515 923 ac
536 889 565 922 si
588 889 765 933 praeferas
779 915 786 929 ‚
821 888 1016 934 praestabit
1037 894 1120 933 post
1140 889 1264 932 Exigit
1285 886 1421 931 plenius
1442 884 1625 928 interpun-

120 954 217 987 gere3
246 940 306 972 sed
328 938 491 983 displicet
511 950 553 969 ac
572 944 717 981 propter
738 937 901 969 iteratam
922 935 1026 980 paulo
1052 941 1133 979 post
1161 934 1302 967 eandem
1321 932 1499 976 copulam3
1526 944 1626 976 quam

119 988 290 1022 rationem
312 997 393 1018 cave
415 984 481 1017 hac
501 983 536 1016 in
563 995 663 1016 causa
685 983 822 1015 inanem
850 983 1033 1015 existimes.
1062 980 1156 1023 lVr.)
1197 981 1302 1024 slecis
1331 991 1510 1025 aggressa
1535 978 1625 1011 Gud.

119 1048 138 1069 a
156 1048 198 1068 m.
218 1046 270 1078 pr.
291 1039 325 1065 et
349 1033 486 1075 Menag.
509 1043 561 1075 pr.
582 1042 646 1075 pro
669 1042 739 1063 var.
758 1030 838 1062 lect.
860 1042 934 1062 cum
956 1031 1035 1061 Exe.
1055 1030 1168 1061 Burm.
1202 1028 1236 1061 d.
1256 1023 1373 1072 (ffatd
1387 1027 1475 1058 alter
1488 1027 1625 1069 Menag.

121 1090 153 1115 et
172 1094 223 1125 pr.
243 1079 364 1112 Hamb.
383 1091 402 1111 a
420 1091 463 1111 m.
485 1089 554 1111 sec.

119 1128 188 1162 Sed
207 1140 238 1160 v.
256 1133 387 1160 notam.

120 1255 294 1295 machae.
355 1253 564 1304 Ceteroqui
593 1251 743 1291 Orestis
762 1251 847 1290 Fu-

122 1315 190 1353 riis
210 1314 266 1352 nil
294 1313 415 1364 magis
433 1317 574 1349 notum
604 1310 646 1348 in
670 1310 847 1360 antiqui—

122 1378 216 1420 tate,
256 1384 318 1409 res
345 1382 504 1420 quoque
535 1368 652 1406 obvia
680 1368 721 1405 in
753 1367 848 1404 artis·

124 1429 321 1481 operibuS.
353 1428 410 1466 Cf.
431 1440 540 1464 nuno
560 1426 736 1476 Boltiger
758 1427 848 1463 Fu-

123 1487 340 1525 rienmaske
368 1485 447 1523 tab.
482 1485 547 1522 Ill.
609 1483 735 1522 Verba
771 1496 848 1520 au*

123 1551 202 1582 tem
224 1545 277 1582 sic
294 1542 559 1595 expedienda:
589 1550 660 1579 αιιι
682 1541 788 1578 velut
807 1542 849 1577 ἰη

128 1617 247 1640 scena
271 1602 424 1639 Orestes
439 1600 546 1650 ficrit
568 1614 594 1636 a
618 1600 754 1637 Furiis
777 1612 848 1634 ex-

126 1662 309 1710 agitatus
325 1688 335 1707 ,
368 1672 458 1696 cnm
470 1657 592 1708 silgit
607 1671 661 1693 m.
688 1661 759 1693 010.
800 1655 848 1693 cf.

125 1718 218 1756 var.
241 1717 347 1754 Leet.
379 1713 604 1768 (Wunderl.
625 1714 735 1750 malit
754 1712 849 1749 iun-

126 1787 234 1826 gere:
282 1781 352 1811 aut
387 1773 511 1810 velzclz]
537 1786 659 1823 quum
699 1771 851 1808 Orestes

127 1834 307 1881 agitatus
346 1832 472 1868 scenis
507 1829 628 1881 jugit
670 1837 849 1865 mcclrem.

133 1891 175 1928 ll
189 1888 246 1941 ἲ.)

186 1947 269 1988 474
287 1967 343 1974 --
364 1943 459 1985 477.
515 1942 721 1993 Exquisita
761 1954 851 1978 cum

129 2010 215 2041 arte
233 2003 348 2040 etiam
363 2001 441 2040 hoe
462 2014 509 2038 ex
529 2000 662 2038 indole
684 2013 729 2036 ac
743 2011 852 2036 more

129 2060 357 2108 hominum,
399 2059 466 2108 qui
506 2064 683 2096 extrema
721 2057 852 2094 animo

132 2119 303 2169 agitant,
337 2123 383 2155 ut
407 2117 611 2153 consilium
631 2129 747 2152 suum
770 2114 853 2151 dis-

133 2176 331 2213 simulent.
371 2176 521 2221 evc'cla,
555 2179 601 2211 ut
618 2179 747 2224 1100111,
779 2185 852 2222 pro

134 2233 297 2283 simplici
319 2233 422 2268 viola
446 2231 560 2268 dixit.
608 2233 733 2279 (ar-igit
754 2229 853 2266 bene

135 2304 208 2341 pro
235 2289 465 2336 constituit,
508 2288 615 2338 quod
643 2288 687 2324 lit
707 2300 749 2324 re
778 2299 853 2323 ex-

137 2353 220 2383 acta
251 2361 295 2383 ae
327 2346 554 2383 deliberata.
594 2345 851 2395 .s's)emfi·onle

137 2413 307 2450 serenal,
343 2404 575 2452 exquisitius
599 2416 717 2452 quam
739 2403 853 2439 sron-

138 2467 218 2497 tem
261 2467 435 2507 serenat,
471 2467 510 2496 01,
546 2460 739 2511 explieat,
789 2470 856 2509 spe

140 2530 243 2554 nova
285 2531 328 2552 ae
362 2518 520 2554 meliore
563 2522 753 2567 concepta
792 2514 856 2552 vel

141 2579 292 2609 ostensa
308 2588 315 2621 ·,
334 2573 408 2610 1100
423 2575 660 2611 transfertur
674 2574 723 2610 ad
735 2573 857 2624 ipsam

142 2643 272 2680 spem,
319 2644 416 2679 qnae
451 2632 623 2669 serenior
651 2637 690 2668 et
716 2630 859 2667 laetior

143 2687 324 2735 ull'ulgere
357 2694 507 2736 potest,
549 2689 725 2738 adeoque
762 2686 861 2724 Dido

143 2756 250 2794 spem
272 2751 436 2790 serenat,
457 2747 692 2782 sereniorem
713 2759 758 2781 ac
779 2745 861 2781 lae-

145 2801 284 2838 tiorem
309 2801 481 2837 ostendit
503 2803 629 2839 vultu.
674 2803 728 2837 Ut
753 2815 862 2850 spem

146 2858 257 2894 valta.
280 2858 455 2903 simulat,
492 2859 555 2895 lil).
579 2859 605 2906 l,
637 2862 730 2899 209·
761 2859 861 2895 1’1‘0-

147 2915 233 2966 pius
256 2913 305 2950 ud
327 2913 525 2962 vulgarem
547 2915 710 2952 modum
725 2915 861 2952 Silius:

625 1077 694 1112 477
719 1085 755 1110 et
778 1089 876 1123 spem
899 1076 1060 1109 Parrhas.
1089 1074 1221 1121 fronte
1239 1085 1371 1107 Serena
1395 1071 1485 1106 coni.
1505 1071 1624 1105 Heius.

904 1252 1033 1288 tristia
1061 1249 1200 1300 fivnte
1233 1257 1385 1286 serenat
1419 1247 1499 1296 XI,
1531 1249 1626 1288 369.

904 1323 1015 1359 spem
1024 1308 1162 1359 fronte
1191 1321 1374 1344 serenans
1395 1319 1445 1343 ex
1464 1305 1627 1356 Virgilio

905 1365 1045 1404 sumsit
1063 1365 1283 1403 Nemesian.
1305 1364 1385 1401 Ecl.
1405 1363 1471 1412 lv,
1505 1366 1570 1404 17.

963 1423 1045 1464 478
1063 1436 1146 1473 sqq.
1168 1421 1338 1460 Simulat
1363 1421 1474 1468 Dido,
1498 1434 1536 1458 se
1552 1434 1627 1472 pa-

905 1493 996 1519 rare
1018 1494 1174 1518 sacrum
1200 1479 1416 1530 magicum,
1455 1492 1534 1528 quo
1561 1483 1630 1516 aut

910 1538 1062 1576 Aeneas
1099 1539 1246 1575 iterum
1284 1537 1409 1574 amori
1441 1536 1628 1587 illigetur,

909 1602 980 1634 aut
1001 1595 1085 1646 ipsa
1106 1608 1239 1633 amore
1258 1595 1450 1633 solvatur.
1467 1592 1528 1646 (eo
1546 1593 1629 1630 sol-

906 1662 991 1701 ναι,
1025 1652 1063 1690 h.
1084 1666 1115 1691 e.
1136 1664 1270 1690 amore
1288 1652 1328 1690 in
1348 1665 1449 1689 eum.
1478 1648 1627 1703 lVelz.)

907 1712 977 1748 Est
1000 1710 1098 1747 adeo
1119 1723 1288 1757 sacrum,
1316 1709 1430 1760 quale
1449 1708 1489 1745 in
1510 1708 1629 1746 Eclo-

907 1782 954 1819 ga
991 1768 1076 1806 Vlll
1110 1768 1295 1805 vidimus.
1356 1766 1401 1804 In
1429 1771 1515 1803 toto
1553 1765 1631 1803 hoc

908 1831 1130 1862 commento
1144 1831 1225 1862 tam
1246 1837 1408 1875 operose
1425 1823 1630 1861 adornan-

910 1883 961 1920 do
984 1889 1022 1920 et
1043 1881 1276 1920 instruendo
1297 1881 1396 1919 haee
1413 1881 1630 1932 respexisse

908 1940 1038 1978 videri
1069 1940 1186 1977 debet
1215 1939 1335 1987 Dido,
1377 1944 1443 1987 ut,
1476 1938 1630 1976 sacrifi-

911 1998 971 2035 cio
1001 2012 1145 2035 arcano
1171 1996 1372 2048 parando,
1413 2009 1491 2046 quo
1522 1995 1630 2033 arbi-

911 2056 985 2093 tris
1007 2055 1169 2093 remotis
1197 2054 1276 2091 sola
1298 2060 1546 2105 operaretur,
1579 2052 1630 2089 ad

910 2119 1080 2151 mortem
1108 2112 1180 2150 sibi
1206 2111 1451 2149 inserendam
1479 2124 1631 2162 oppor-

910 2172 1145 2218 tunitatem,
1193 2170 1394 2206 silentium
1425 2174 1464 2205 et
1489 2168 1630 2206 solitu—

912 2229 1066 2276 dinem,
1108 2227 1282 2264 haberet.
1343 2225 1419 2263 Sed
1457 2233 1496 2263 et
1531 2224 1631 2262 illud

910 2286 1086 2323 furorem
1119 2285 1258 2321 misere
1287 2283 1454 2320 amantis
1492 2283 1631 2333 arguit,

911 2343 1019 2393 quod
1064 2349 1193 2380 vestes
1233 2345 1384 2378 Aeneae
1422 2346 1460 2377 01
1497 2346 1632 2377 torum

914 2400 1157 2450 coniugalem
1186 2412 1315 2436 secum
1338 2397 1516 2435 comburi
1544 2397 1634 2434 vult

916 2457 1037 2509 (infra
1062 2457 1143 2499 495
1166 2455 1251 2508 sq.),
1275 2455 1461 2505 quodque
1481 2455 1634 2491 Aeneae

915 2514 1046 2565 gladio
1083 2515 1122 2551 in
1160 2526 1199 2550 se
1234 2512 1448 2563 iugulando
1490 2511 1632 2548 utitur.

917 2574 1029 2619 Quae
1051 2585 1071 2606 a
1102 2584 1139 2608 v.
1173 2569 1255 2610 504
1290 2570 1506 2619 sqq—521
1537 2582 1634 2605 nar-

916 2635 1071 2673 rantur,
1102 2627 1151 2663 ad
1174 2625 1489 2677 praeparandum
1509 2631 1545 2662 et
1562 2638 1634 2662 au-

916 2684 1148 2737 spicandum
1166 2697 1321 2721 sacrum
1344 2683 1541 2734 pertinere
1558 2696 1635 2733 pu-

918 2750 970 2781 ta.
1030 2743 1206 2790 Namque
1227 2741 1354 2791 ipsum
1376 2754 1530 2777 sacrum
1557 2752 1636 2776 non

917 2800 990 2837 nisi
1011 2813 1031 2836 a
1052 2813 1087 2836 v.
1108 2801 1190 2839 630
1207 2811 1288 2847 sqq.
1305 2798 1522 2848 peragitur,
1552 2803 1637 2833 tra-

918 2856 1038 2895 hebai
1056 2870 1100 2892 ac
1124 2855 1328 2892 dill'erelmt
1358 2854 1456 2892 illud
1483 2866 1639 2891 sacrum

920 2925 1110 2964 suamque
1129 2918 1298 2949 mortem
1321 2913 1466 2963 regina,
1498 2924 1640 2961 quam-
