1811 3388
420 209 542 257 AD
613 204 1049 253 LIBRUM
1122 204 1180 249 11
1459 208 1558 254 425

52 343 219 392 gionum
245 339 507 376 'livianorum
522 363 533 382 ,
565 332 709 382 quippe
738 345 838 381 quae
865 331 970 369 inter
996 328 1290 381 antiquissimas
1307 329 1431 378 suere,
1461 332 1561 367 sim-

48 400 215 449 plicitas
246 393 375 432 suerit.
434 392 524 429 Suis
553 402 647 427 sane
678 389 930 437 nominibus,
970 387 1050 425 hoc
1081 393 1140 425 est
1178 386 1359 435 Graecis,
1399 388 1563 424 numina

56 455 318 492 Troianorum
339 449 452 487 effert
473 448 691 486 Homerus:
720 447 833 484 facile
856 453 988 484 tamen
1011 444 1063 482 ad
1084 445 1371 482 elementorum
1396 450 1565 482 naturae

53 523 197 564 genera
229 515 269 546 et
294 508 442 545 formas
470 505 564 543 deos
590 504 679 542 illos
705 517 881 542 revoces.
940 503 1155 541 Colebatur
1189 501 1231 539 in
1265 514 1356 538 arce
1378 501 1566 538 Minerva

55 575 96 606 et
123 566 298 617 Apollo:
340 563 450 602 Iliad.
480 565 509 611 ζ,
542 564 612 604 88.
652 577 682 608 ε,
714 561 810 609 446,
844 560 986 609 Quint.
1017 561 1176 611 Smyrn.
1210 558 1326 606 XIII,
1357 557 1440 599 433
1468 571 1566 608 sqq„

57 626 212 675 Jupiter
245 623 289 660 in
319 621 389 659 Ida
416 619 635 658 sacrarium
663 618 857 668 habebat,
897 618 1067 655 alterum
1096 617 1137 654 in
1172 616 1370 667 acropoli:
1400 615 1510 653 Iliad.
1533 630 1568 666 χ,

60 685 152 729 171,
184 683 223 728 2,
255 680 330 717 alia
358 678 493 730 religio
528 679 714 727 Neptuni
741 682 839 714 erat.
912 676 1012 713 Cum
1049 673 1110 712 his
1141 675 1356 711 Penatese
1377 672 1567 723 religione

57 738 222 787 antiqua
244 735 556 775 Samothracica.
617 733 834 772 Commode
856 732 919 771 his
944 731 1177 770 numinibus
1197 737 1237 768 et
1267 730 1388 768 sacris
1414 743 1562 767 memo-

57 795 195 834 randis
221 808 316 833 usus
346 800 406 831 est
436 793 569 832 Maro:
609 792 643 829 E
676 792 826 842 templo
859 791 1057 830 Palladis
1083 787 1303 826 Palladium
1332 794 1495 838 raptum
1519 787 1567 835 ll,

62 852 140 896 165
161 865 218 902 sq.
241 865 292 890 ex
313 851 425 889 Iliad.
449 854 478 900 ζ,
494 852 591 898 297,
623 856 664 886 et
683 849 726 886 in
743 849 850 887 idem
868 861 1014 900 pompa
1032 860 1123 885 cum
1144 845 1261 898 peplo
1284 844 1404 882 ducta
1424 845 1452 893 Ι,
1484 846 1567 886 479

58 924 117 961 sq.
148 909 271 949 Aliud
293 908 463 947 Palladis
484 907 679 958 templum
700 907 742 944 in
769 906 870 944 urbe
900 904 1000 943 fuit:
1043 917 1063 942 e
1085 918 1164 955 quo
1189 901 1450 940 Cassandram
1476 901 1568 939 abs-

59 967 166 1006 trahi
187 968 327 1006 vident
346 965 509 1005 Troiani
528 965 574 1013 ΙΙ,
605 963 703 1005 404.
733 962 830 1012 425,
872 976 965 1000 nam
994 962 1043 1000 ab
1069 960 1149 999 hoc
1171 960 1222 998 ad
1244 972 1376 998 arcem
1396 965 1570 1011 pergunt

59 1024 210 1063 Aeneas
230 1031 271 1063 et
288 1024 384 1062 socii
405 1023 500 1064 437.
540 1022 689 1073 Apollo
710 1020 951 1073 Thymbrae,
983 1026 1024 1057 et
1043 1017 1238 1056 Sminthei
1256 1017 1416 1055 nomine
1437 1016 1570 1068 Chry-

61 1095 148 1131 sae,
179 1087 264 1121 tum
284 1081 326 1120 in
346 1082 431 1134 ipsa
452 1092 559 1128 arce,
589 1080 801 1130 Pergamo,
832 1078 980 1130 templa
1001 1076 1164 1114 habuit:
1193 1074 1303 1113 unde
1332 1074 1415 1112 eius
1435 1087 1569 1112 sacer-

62 1140 135 1178 dos
160 1139 340 1178 Panthus
369 1138 425 1186 ll,
469 1139 552 1179 318
584 1139 689 1174 arcis
718 1135 952 1187 Phoebique
980 1136 1179 1172 sacerdos.
1223 1132 1315 1170 add.
1351 1133 1447 1173 429.
1473 1131 1569 1172 430.

62 1197 236 1247 Apollini
269 1210 359 1235 cum
389 1196 574 1247 Neptuno
608 1207 719 1231 sacra
750 1193 843 1231 facit
871 1193 1024 1230 Aeneas
1049 1191 1114 1240 III,
1160 1193 1238 1231 119
1270 1196 1474 1240 tamquam
1496 1188 1570 1226 diis

65 1255 216 1307 patriis.
276 1254 435 1292 Scilicet
468 1252 532 1290 ille
564 1251 707 1290 Troiae
735 1251 861 1289 tutela
886 1257 926 1288 et
952 1261 1109 1301 praeses
1132 1247 1249 1286 deus:
1281 1247 1345 1296 VI,
1377 1248 1444 1288 56.
1477 1248 1571 1283 λῖθ-

58 1315 180 1363 plani
202 1311 386 1350 sacerdos
404 1312 585 1347 Laocoon
616 1322 725 1346 sacra
752 1322 800 1345 ex
822 1308 987 1358 antiquo
1007 1319 1118 1345 more
1146 1304 1197 1342 ad
1222 1305 1334 1342 littus
1357 1304 1501 1341 faciens
1524 1303 1570 1351 ll,

66 1372 161 1410 201.
196 1370 333 1421 Cybele
361 1381 379 1405 e
406 1368 519 1405 Creta
546 1367 718 1418 repetita
739 1366 805 1413 ΙΙΙ,
846 1369 923 1407 111
946 1364 1109 1415 proprie
1131 1362 1182 1400 ad
1209 1361 1384 1413 Phryges
1413 1367 1571 1412 specta—

65 1427 152 1463 bat:
183 1428 222 1464 in
256 1426 325 1464 Ida
361 1426 436 1463 coli
474 1425 610 1462 solita:
650 1424 720 1472 IX,
752 1426 805 1464 80
837 1436 892 1473 sq.
931 1423 991 1471 X,
1023 1424 1107 1464 252
1137 1434 1192 1470 sq.
1258 1421 1423 1458 Vestam
1461 1418 1572 1455 addit

68 1484 263 1533 Virgilius,
296 1483 358 1532 (II,
379 1484 474 1530 567,
502 1481 570 1519 ubi
604 1482 806 1518 Helenam
828 1481 972 1516 limina
997 1480 1144 1517 Vestae
1170 1484 1389 1514 set-vanlem
1418 1489 1572 1514 meino-

68 1547 151 1589 rat3
182 1548 222 1579 et
243 1541 288 1590 11,
320 1542 415 1582 296.
447 1542 485 1588 7,
515 1539 583 1577 ubi
602 1537 787 1576 Hectoris
810 1537 954 1574 L'mbra
974 1536 1059 1574 visa
1093 1541 1152 1572 est
1178 1534 1316 1572 ess'erre
1344 1533 1476 1584 achiis
1497 1548 1572 1583 pe—

68 1598 282 1636 netralibus
308 1597 468 1636 Vestam
503 1603 543 1634 et
563 1596 694 1646 Ignem
720 1608 898 1643 sacrum,
928 1606 1028 1644 quae
1047 1593 1115 1631 vix
1143 1592 1254 1629 aliter
1279 1604 1398 1641 quam
1419 1590 1466 1627 de
1492 1591 1573 1627 Ve—

69 1662 151 1692 stae
184 1655 279 1693 aede
307 1654 428 1706 accipi
455 1652 638 1706 possunt)
681 1653 812 1690 neseio
847 1665 893 1689 an
920 1651 968 1688 de
996 1665 1089 1699 suo,
1130 1649 1160 1686 si
1190 1649 1470 1686 auctoritatem
1495 1646 1572 1684 ha—

69 1713 178 1762 buit,
211 1713 262 1750 ad
290 1711 489 1763 Phrygum
510 1711 761 1760 religionem,
804 1712 983 1747 stl‘alrem
1011 1709 1152 1754 (lenm,
1198 1712 1373 1758 spectare
1399 1706 1464 1742 illa
1497 1719 1574 1756 po-

70 1771 170 1819 tuit,
204 1770 276 1808 nisi
307 1768 552 1821 probabilius
574 1768 642 1816 fit,
672 1767 778 1804 lianc
802 1767 842 1803 in
873 1768 1024 1804 Venere
1054 1766 1199 1812 latere,
1231 1777 1349 1814 quain
1378 1763 1576 1800 Homerus

68 1828 175 1865 inter
200 1827 362 1865 numina
380 1826 562 1864 Troianis
594 1825 797 1863 studentia
817 1824 978 1871 retulit,
1010 1823 1081 1860 etsi
1112 1822 1185 1859 alia
1209 1821 1291 1858 eius
1319 1821 1413 1858 deae
1439 1820 1575 1870 religio

71 1886 212 1922 Troiae
234 1898 312 1922 non
341 1884 530 1922 occurrit.
569 1883 733 1921 Veneris
752 1889 886 1920 tamen
910 1881 1101 1931 templum
1126 1880 1166 1917 in
1198 1892 1287 1916 arce
1307 1878 1484 1916 effictum
1512 1878 1576 1914 vi—

72 1942 147 1980 ‹leo
176 1943 214 1979 in
245 1942 394 1979 Tabula
430 1942 544 1978 Iliaca
579 1955 616 1978 n.
651 1944 743 1981 107.
806 1939 856 1977 At
883 1938 1046 1976 Veneris
1082 1937 1124 1977 ἐν
1159 1932 1319 1987 Τρωάδι
1346 1936 1499 1986 signum
1535 1935 1577 1971 in

71 1999 206 2037 Museo
229 1999 395 2051 Capitol.
419 1999 530 2036 Toni.
561 1998 622 2035 IV.
644 2012 680 2048 p.
705 1997 785 2038 353
810 2011 889 2033 non
911 1996 1010 2033 bene
1036 1995 1085 2032 ad
1117 2000 1295 2031 veterem
1319 1993 1478 2030 Troiam
1510 2005 1577 2029 re—

74 2058 224 2105 serim-3
253 2063 312 2093 est
332 2056 433 2093 enim
459 2055 725 2092 Alexandriae
749 2054 930 2091 Troadis.
989 2054 1156 2089 lunonis
1185 2063 1344 2101 quoque
1375 2050 1486 2087 Maro
1516 2050 1578 2086 se-

74 2115 127 2150 cit
140 2114 329 2164 templum
351 2114 389 2150 in
404 2126 492 2150 arce
511 2113 558 2160 ll,
581 2115 676 2160 761,
695 2117 733 2148 et
759 2112 909 2147 Cereris
930 2109 1116 2146 sacellum
1139 2115 1230 2146 ante
1252 2108 1391 2145 urbem
1413 2106 1579 2155 ll‚7143

74 2171 172 2207 hacc
202 2171 306 2208 sorte
333 2170 380 2207 de
411 2183 502 2219 suo,
543 2183 634 2206 nam
663 2169 702 2206 in
723 2167 898 2206 Homero
920 2172 1139 2205 memorata
1159 2179 1239 2203 non
1262 2164 1435 2202 memini.

190 2285 288 2322 Cum
310 2290 442 2322 autem
467 2282 633 2321 Romani
656 2287 694 2318 et
715 2282 788 2333 ipsi
813 2282 965 2329 lovem,
996 2280 1187 2318 Iunonem
1218 2285 1257 2317 et
1276 2278 1475 2317 Palladem
1492 2307 1501 2325 ‚
1540 2277 1581 2314 in

79 2355 167 2379 arce
191 2342 366 2379 colorent
390 2348 591 2391 tamquam
617 2340 710 2376 deos
741 2339 893 2390 imperii
929 2338 1148 2389 praesides,
1192 2338 1355 2376 voluere
1374 2335 1581 2373 interdum

77 2407 214 2450 poetae
238 2406 277 2437 et
298 2399 371 2436 hos
399 2413 417 2435 e
441 2399 557 2436 Troia
584 2398 749 2434 l’ioniani
770 2396 979 2434 traductos
1009 2395 1159 2432 haberi.
1220 2395 1262 2432 ln
1284 2393 1580 2432 conditionibus

78 2470 234 2506 quoque
258 2457 362 2508 pacis
385 2457 489 2494 inter
517 2455 676 2492 Latinos
707 2461 746 2491 ct
771 2454 964 2491 Troianos
992 2452 1165 2490 liabetur
1193 2451 1294 2500 hoc,
1335 2450 1442 2502 quod
1471 2463 1580 2487 sacra

79 2515 248 2552 Troiana
279 2515 528 2565 recipiuntur
549 2527 568 2549 a
593 2512 757 2549 Latinis:
790 2511 878 2559 XII,
914 2513 993 2553 192
1023 2524 1139 2548 sacra
1171 2510 1342 2561 cleos-que
1377 2508 1502 2557 dabo,
1543 2513 1583 2544 et

81 2574 161 2613 856
182 2586 327 2608 morem
349 2574 522 2622 ritusque
541 2583 740 2607 sacrorum
764 2570 972 2605 adiiciam.

194 2686 376 2722 Ceterum
407 2684 513 2722 haud
552 2698 690 2721 vereor
718 2696 953 2734 quemquam
986 2684 1090 2727 soro,
1133 2681 1199 2730 qui
1233 2692 1291 2717 nie
1323 2679 1584 2716 calumnietur

85 2746 162 2776 tani
187 2743 338 2779 fatuum
362 2748 399 2778 ct
420 2742 595 2792 incplnni
625 2754 717 2787 esse,
749 2746 795 2778 ut
822 2739 920 2777 liaeo
944 2740 1104 2789 antiqua
1138 2738 1212 2775 lide
1235 2737 1489 2774 historiarum
1512 2735 1584 2772 niti

85 2796 324 2846 existimem,
354 2800 446 2835 satis
469 2799 590 2846 enirn,
624 2799 684 2835 vol
709 2811 871 2834 menon
903 2798 1139 2848 profitente,
1171 2808 1219 2831 cx
1248 2793 1477 2832 narratione
1501 2806 1584 2829 nica

86 2860 270 2904 apparet,
301 2867 360 2891 nie
383 2862 590 2905 poctarum
620 2861 865 2901 commenta,
898 2854 946 2890 nl)
969 2854 1128 2902 antiqua
1158 2852 1286 2902 aliqua
1319 2851 1420 2887 fania
1452 2850 1585 2894 ducta,

86 2910 218 2947 mullis
244 2911 368 2948 modis
389 2912 538 2950 deflexa
558 2919 592 2950 ct
618 2919 771 2959 ornata,
792 2925 872 2949 una
889 2912 965 2949 tela
990 2916 1201 2948 contexere
1223 2909 1411 2946 voluisse:
1443 2907 1586 2958 quippe
