1811 3388
473 231 882 284 AENEIDOS
926 230 1065 278 LIB.
1111 229 1202 290 111,
1238 232 1466 278 77—85
1635 233 1734 278 455

218 362 491 425 Iungimus
513 357 746 423 hospitio
771 355 1002 416 dextram,
1044 362 1096 402 et
1119 362 1257 402 tecta
1279 352 1533 402 subimus.

289 428 514 494 Templa
540 427 627 477 dei
652 443 773 475 saxo
797 423 1093 475 venerabar
1113 431 1309 472 structa
1329 431 1561 472 vetusto:

218 505 296 551 Da
333 498 607 565 propriam
625 538 638 561 ‚
688 495 1027 560 Thymbraee
1043 533 1056 556 ‚
1108 492 1359 544 domum!
1411 492 1477 541 da
1520 492 1735 541 moenia

1004 562 1171 625 fessis,
1671 564 1736 612 85

286 643 364 690 83.
401 639 667 686 IUNG1MUS
1728 643 1731 645 ’

287 713 365 760 84.
406 710 632 755 TEMPLA
651 738 719 744 —
742 737 810 743 —
832 718 1088 755 VETUSTO.

287 782 366 829 85.
403 780 487 826 DA
523 790 802 826 PROPRIAM

215 907 314 952 rique
336 920 391 952 ap.
413 906 503 939 Pier.
524 913 559 939 et
577 905 697 938 Heins.
721 905 884 951 agnovit,
911 902 1015 935 etiam
1033 901 1082 935 sic
1102 899 1280 934 vetustiss.
1299 900 1421 942 fragm.
1440 897 1556 931 Vatic.
1604 897 1739 943 (agno-

216 956 283 987 scit
311 954 459 995 Medic.,
497 954 592 998 quod
618 953 742 985 melius
774 949 940 984 convenit
967 949 1068 981 huius
1099 947 1310 982 narrationis
1349 945 1523 979 brevitati.
1578 945 1739 977 Ceterum

217 1003 379 1034 accurrit
399 1001 524 1033 Medic.
549 1013 568 1033 a
589 1013 632 1032 m.
653 1012 743 1036 ερας
770 998 831 1031 sed
865 1010 943 1030 acc
957 995 1147 1028 urrendi
1174 994 1273 1027 notio
1302 993 1459 1026 involuta
1486 998 1539 1024 est
1568 1003 1588 1025 o
1603 1003 1739 1025 ccur-

216 1048 350 1080 rendi
372 1048 501 1086 verbo3
528 1048 591 1081 cfr.
611 1047 702 1079 infra
725 1047 769 1085 V,
789 1045 847 1079 36.
873 1064 916 1068 ——
951 1044 1006 1078 83.
1031 1044 1221 1089 [ungimur
1240 1040 1404 1074 Heinsius
1429 1038 1539 1079 coni.;
1577 1051 1621 1072 ac
1641 1046 1738 1070 tecta

216 1095 327 1127 habet
343 1098 440 1128 Serv.
458 1095 502 1127 ad
524 1107 572 1128 VS.
593 1096 673 1129 611.
703 1092 800 1135 lVr.)
902 1089 948 1126 84
972 1102 1194 1123 veneramur
1220 1089 1355 1133 aliquot
1374 1100 1431 1132 ap.
1450 1086 1542 1119 Pier.
1563 1092 1599 1118 et
1619 1085 1738 1117 Heius.

218 1148 254 1173 et
283 1153 366 1173 unus
385 1144 497 1174 Burm.
520 1154 561 1174 ex
578 1141 811 1173 antecedente
831 1138 1011 1178 oratione,
1046 1143 1105 1169 aut
1125 1137 1220 1169 forte
1250 1136 1293 1168 ab
1324 1134 1463 1179 aliqu0‚
1495 1145 1596 1177 quem
1624 1131 1740 1164 offen—-

216 1188 326 1221 debat
342 1196 424 1233 post
445 1202 474 1222 v.
492 1189 537 1223 79
565 1199 783 1221 veneramur
798 1212 806 1226 ‚
831 1186 926 1229 quod
948 1184 1126 1228 sequitur¹
1154 1181 1371 1216 venerabar.
1420 1180 1549 1212 Eadem
1571 1179 1615 1211 de
1634 1190 1739 1211 caus-

218 1248 255 1268 sa
276 1242 312 1268 et
332 1236 411 1280 quia
433 1235 547 1268 oratio
567 1235 687 1279 paullo
708 1233 889 1266 molestius
910 1230 1082 1271 decurrit,
1116 1232 1182 1263 Iac.
1211 1231 1340 1273 Bryant
1363 1235 1462 1260 acute
1485 1226 1740 1271 suspicabatur,

218 1295 338 1315 versus
360 1283 517 1318 80—84
535 1295 610 1314 esse
635 1280 815 1313 insititios.
864 1279 993 1312 Saltem
1025 1278 1093 1310 hoc
1120 1276 1398 1310 concedendum:
1435 1285 1552 1306 versus
1588 1286 1606 1305 a
1633 1279 1740 1318 poeta

219 1330 372 1361 nondum
394 1329 476 1362 satis
496 1328 628 1373 politos
649 1335 682 1360 et
705 1326 849 1371 reliquis
881 1326 1069 1368 adaptatos
1093 1336 1182 1356 esse.
1232 1322 1400 1367 Equidem
1424 1320 1629 1364 suspicabar
1657 1332 1740 1351 ver-

219 1388 292 1408 sum
309 1377 354 1410 79
374 1383 456 1420 post
475 1377 617 1422 Aeetpit
637 1375 855 1419 inexpletum
874 1372 1054 1412 relictum,
1091 1371 1183 1403 male
1207 1382 1282 1402 esse
1310 1368 1352 1402 ab
1382 1368 1449 1400 alia
1470 1379 1572 1400 manu
1593 1366 1740 1411 supple—

219 1430 302 1455 tum.
352 1422 527 1467 (Lectioni
548 1421 753 1455 venerabar
770 1420 883 1453 maior
910 1427 960 1451 est
989 1431 1008 1450 a
1041 1417 1220 1451 codicibus
1254 1415 1463 1453 auctoritas3
1498 1414 1595 1447 favet
1626 1413 1740 1446 eidem

218 1483 268 1503 vs.
290 1471 369 1510 90.;
397 1482 634 1509 veneramur,
660 1469 754 1513 quod
773 1467 880 1500 etiam
898 1466 933 1498 in
952 1465 1060 1498 Paris.
1077 1466 1112 1499 2.
1131 1465 1165 1499 3.
1187 1465 1220 1498 8.
1241 1464 1294 1498 13.
1315 1462 1467 1506 legitur,
1493 1468 1552 1494 aut
1570 1473 1588 1493 e
1609 1473 1660 1493 VS.
1683 1462 1742 1496 79.

218 1517 425 1562 repetitum,
451 1516 547 1549 facili
569 1528 708 1556 errore,
735 1522 791 1548 aut
814 1514 859 1546 ad
883 1513 1076 1558 proximam
1096 1512 1311 1551 orationem,
1344 1509 1493 1541 maxime
1515 1508 1559 1540 ad
1591 1520 1640 1540 vs.
1670 1508 1742 1548 93„

219 1565 261 1597 ab
283 1563 345 1604 iis,
371 1564 430 1608 qui
456 1563 584 1596 rectius
616 1574 742 1607 sapere
769 1561 836 1593 sibi
866 1560 1089 1599 viderentur,
1124 1557 1435 1591 accommodatum.
1485 1558 1597 1599 Saepe
1624 1561 1740 1587 autem

219 1611 341 1643 eadem
361 1611 468 1644 verba
488 1617 571 1654 post
588 1611 695 1642 breve
715 1607 937 1641 intervallum
960 1619 979 1639 a
1002 1604 1153 1648 Virgilio
1179 1604 1315 1649 repeti,
1349 1602 1498 1635 vidimus
1530 1602 1574 1634 ad
1592 1601 1664 1634 Eel.
1682 1602 1743 1642 VI,

220 1659 274 1692 16.
301 1658 365 1691 Ge.
384 1659 424 1698 ΙΙ,
452 1659 530 1693 125.
556 1663 592 1689 et
612 1656 708 1689 alibi.
758 1657 878 1699 Itaque
898 1666 938 1686 ea
960 1665 1015 1685 res
1037 1651 1125 1684 nihil
1147 1651 1240 1683 valet
1260 1650 1304 1683 ad
1322 1650 1426 1682 fidem
1449 1661 1499 1682 vs.
1517 1650 1575 1684 79.
1598 1654 1657 1680 aut
1674 1660 1742 1680 vss.

220 1705 267 1738 80
281 1705 393 1739 —842
418 1703 694 1737 convellendam.
742 1704 952 1745 Vanamque
973 1711 1048 1732 esse
1070 1698 1199 1743 Heynii
1219 1697 1432 1741 Bryantique
1456 1694 1680 1740 opinionem,
1704 1701 1743 1727 ut

219 1758 352 1785 taceam
371 1751 645 1789 Grammaticos,
673 1750 717 1783 ad
737 1761 823 1794 quos
843 1748 911 1781 iam
932 1746 1070 1780 accedit
1090 1744 1228 1790 Apulei.
1252 1745 1296 1776 de
1315 1744 1482 1786 Orthogr.
1505 1743 1534 1787 ᾗ.
1555 1743 1600 1781 9.,
1620 1741 1743 1774 decla-

217 1806 272 1832 rat
292 1800 478 1831 manisesta
499 1798 612 1830 Ovidii
641 1797 790 1830 imitatio
813 1797 899 1828 Met.
928 1796 1025 1835 XIII,
1053 1793 1136 1828 631.
1174 1804 1270 1836 sqq.:
1309 1792 1452 1831 „Intrat
1472 1809 1514 1814 —
1532 1792 1679 1822 Aeneas
1699 1808 1742 1812 --

219 1846 508 1890 Apollineam
528 1845 632 1878 sociis
656 1843 903 1877 comitantibus
929 1841 1097 1873 urbem.
1147 1840 1246 1871 Hune
1266 1837 1394 1878 Anius,
1420 1848 1488 1881 quo
1516 1848 1595 1879 reg
1610 1847 1628 1868 e
1655 1835 1677 1867 h
1692 1847 1743 1868 o—

218 1893 307 1925 min
322 1906 339 1925 e
354 1906 368 1925 s
382 1919 390 1933 ,
438 1905 454 1924 a
468 1904 488 1923 n
502 1892 533 1924 ti
547 1893 658 1925 stite
696 1892 721 1924 P
733 1891 755 1923 h
771 1902 790 1922 o
802 1902 819 1922 e
831 1890 852 1922 b
866 1902 910 1922 us
956 1888 1034 1920 Rite
1067 1886 1293 1926 colebantur,
1338 1883 1540 1928 temploque
1567 1883 1744 1927 domoque

218 1940 387 1983 recepit.“
437 1941 480 1973 Et
499 1940 543 1971 ad
569 1950 693 1971 novam
717 1950 790 1970 rem
813 1949 915 1981 quum
935 1941 1042 1978 poeta
1061 1946 1110 1966 vs,
1132 1934 1188 1967 84.
1208 1938 1354 1977 pergat,
1382 1931 1474 1963 hunc
1493 1941 1630 1962 versum
1652 1941 1743 1973 pau-

220 1987 253 2019 lo
276 1985 502 2019 remotiorem
520 1999 539 2018 a
561 1985 716 2029 margine
735 1996 811 2017 esse
832 1983 944 2022 volui;
978 1993 1043 2026 pro
1067 1987 1198 2023 puncto
1219 1985 1336 2012 autem
1355 1977 1460 2011 colon
1477 1977 1512 2009 in
1534 1977 1602 2009 fine
1632 1976 1742 2008 eiusd.

219 2046 269 2065 vs.
292 2034 404 2077 posui.
453 2033 509 2065 Sic
533 2032 627 2065 haud
648 2044 752 2072 raro,
779 2038 816 2063 ut
837 2042 941 2074 supra
968 2030 1010 2067 II,
1040 2028 1120 2063 657.
1153 2027 1232 2062 675.
1267 2025 1357 2058 infra
1389 2025 1451 2065 IV,
1478 2023 1560 2058 416.
1587 2024 1669 2058 702.
1700 2023 1743 2063 V,

219 2082 299 2115 870.
320 2082 380 2120 Vl,
399 2081 479 2115 560.
506 2081 570 2121 IX,
589 2080 670 2114 390.
693 2080 740 2120 X,
759 2080 838 2116 279.
861 2078 941 2111 825.
961 2077 1024 2115 XI,
1045 2075 1127 2110 715.
1164 2074 1244 2113 XII,
1275 2074 1353 2107 676.
1367 2097 1375 2111 ‚
1413 2070 1561 2114 loquens
1582 2069 1658 2114 quis
1685 2069 1742 2101 in—

220 2126 436 2166 troducitur,
461 2126 556 2158 nullo
580 2137 789 2169 praegresso
810 2125 940 2164 verbo,
976 2122 1070 2166 quod
1096 2133 1115 2153 a
1143 2119 1318 2152 narrando
1338 2118 1382 2150 ad
1402 2117 1572 2150 orandum
1602 2116 1744 2148 transiri

220 2173 362 2206 indicet.
413 2174 465 2205 lta
494 2172 599 2205 etiam
629 2173 723 2216 quod
750 2171 922 2215 reliquum
952 2176 1005 2200 est
1035 2166 1260 2205 ostensionis,
1297 2164 1472 2197 sublatum
1498 2163 1607 2196 vides.
1645 2164 1742 2205 lVr.)

221 2220 267 2254 85
296 2220 458 2265 patriam
488 2220 632 2251 domum
661 2218 779 2251 Schol.
808 2219 933 2249 Horat.
958 2216 1084 2258 Cruqu.
1114 2213 1177 2246 lib.
1208 2214 1255 2245 111
1281 2212 1346 2245 Od.
1381 2211 1437 2252 13,
1463 2210 1560 2255 quod
1590 2210 1744 2243 illustrat

222 2266 342 2299 Heius.
392 2270 450 2299 Da
476 2268 516 2298 T.
539 2266 681 2299 domum
698 2266 886 2311 propriam
905 2261 1078 2296 Moutalb.

223 2381 405 2419 venerat,
459 2387 514 2410 αιι
552 2372 769 2409 Salamina
803 2378 951 2420 peteret
1009 2360 1743 2418 quodiaminterAnchisenetAnium

220 2445 351 2469 comes
369 2432 572 2476 J’rc'am05
613 2430 717 2466 unde
751 2437 788 2465 et
817 2442 952 2477 agno-
1008 2427 1153 2464 suerat.
1175 2424 1224 2461 cf.
1246 2422 1311 2470 XI,
1336 2422 1426 2463 165.

220 2491 344 2526 scitur
362 2502 413 2526 se.
436 2501 545 2526 nunc
565 2487 614 2524 ab
632 2486 747 2524 Anio.
808 2485 953 2523 Eadem
1069 2482 1124 2524 84
1143 2505 1195 2511 -
1215 2482 1282 2521 89.
1321 2477 1495 2517 Notabili
1524 2491 1614 2514 cum
1650 2476 1742 2513 bre-

221 2546 402 2597 sequitur
423 2545 542 2584 Ovid.
563 2545 656 2583 Met.
678 2544 785 2592 XIII,
800 2545 878 2585 641
896 2557 953 2592 sq.
1010 2541 1136 2580 vitate
1154 2569 1164 2588 ‚
1205 2537 1273 2575 sed
1305 2550 1406 2588 quae
1442 2534 1625 2585 exemplo
1662 2547 1742 2570 non

221 2605 266 2642 In
294 2604 470 2641 carmine
504 2603 651 2655 Cyprio
688 2603 769 2654 ipse
803 2602 954 2639 Aeneas
1012 2604 1122 2637 caret
1165 2594 1275 2649 (vide
1319 2608 1355 2633 v.
1395 2609 1426 2632 c.
1457 2593 1526 2631 ins.
1561 2606 1616 2630 vs,
1647 2592 1742 2638 265,

162 2653 169 2663 ⁸
221 2662 402 2700 Paridem
434 2661 670 2708 comitatus,
708 2674 800 2698 cuni
829 2661 954 2710 Spar·
1012 2657 1082 2695 ubi
1113 2655 1230 2692 eiiam
1259 2653 1376 2691 defit:
1407 2648 1578 2703 inquil),
1622 2648 1742 2699 signi—

221 2726 302 2756 tam
326 2719 670 2770 proficisceretur,
702 2718 843 2756 Delum
865 2715 956 2754 adi-
1011 2715 1106 2752 ficat
1136 2718 1252 2764 poeta
1282 2710 1455 2748 Aeneam
1480 2721 1561 2745 esse
1591 2707 1743 2755 ingres—

222 2789 265 2813 re
285 2778 428 2826 potuit.
1012 2786 1100 2810 sum
1140 2769 1354 2821 templum,
1397 2767 1584 2804 adorasse
1624 2764 1741 2801 deum

281 2836 346 2875 83.
380 2832 956 2885 Iungimushospiliodextras
1014 2836 1055 2867 et
1098 2841 1233 2880 preces
1280 2826 1426 2864 fecisse.
1478 2822 1577 2876 (vid.
1614 2822 1659 2859 V.
1701 2822 1739 2857 L.

223 2890 398 2928 illustrat
415 2892 565 2939 Burm.‚
587 2892 661 2929 int.
681 2889 845 2941 hospitii
870 2888 954 2940 pri—
1022 2885 1140 2939 lVr.)
1202 2885 1336 2922 Latius
1377 2882 1562 2920 evolvere
1594 2878 1741 2927 Virgilii

224 2947 317 2985 stini
353 2949 442 2986 iure
463 2978 473 2996 ,
516 2955 683 3000 propter
720 2947 956 2998 hospitium,
1017 2944 1140 2983 verba
1169 2943 1332 2982 videtur
1362 2939 1481 2978 Ovid.
1514 2938 1607 2976 Met.
1639 2935 1742 2982 xm,
