1811 3388
480 231 592 278 AD
663 228 1104 276 LIBRUM
1177 228 1231 274 11
1517 235 1615 281 389

108 375 176 399 cus
195 360 269 398 suit
291 358 338 396 de
367 357 503 395 Aiace:
535 354 717 395 Eustath.
741 355 792 393 ad
815 356 853 407 β,
877 354 972 396 557.
994 368 1033 406 p.
1054 354 1150 396 285.
1169 360 1272 391 extr.
1299 366 1349 391 ex
1371 353 1614 407 Porphyrio:

108 417 175 457 καὶ
202 414 265 458 ὅτι
285 415 309 456 0‘
329 413 402 467 τήν
423 412 568 467 μικρᾰν
585 408 733 453 Ἰλιάδα
764 409 930 466 γράψας
962 412 1128 466 ἱστορεῖ,
1169 409 1271 464 μηδὲ
1293 414 1501 463 καυθῆναι
1523 425 1613 453 συν-

106 471 225 526 η’θως
256 470 326 512 τόν
357 471 536 520 Αἴαντα,
576 472 750 521 τεθῆναι
790 467 834 510 δὲ
875 467 1005 517 οὕτως
1032 469 1076 510 ἐν
1108 471 1237 524 σορῷ,
1279 466 1347 509 διοὲ
1378 467 1455 520 τήν
1490 466 1615 522 ὀργῆν

105 534 179 572 τοῦ
211 528 416 582 βασιλέως.
475 530 536 566 Ex
568 528 763 580 particula
792 524 909 567 Ἰλίου
938 527 1079 579 πέρσις
1116 539 1256 564 versus
1287 532 1503 577 excerptus
1532 541 1614 566 esse

105 588 288 635 videtur,
319 586 561 624 Scholiastae
582 585 709 623 veteri
729 584 930 636 Euripidis
957 584 1010 622 ad
1035 584 1188 624 Hecub.
1220 583 1304 625 914
1334 582 1542 636 (Scholion
1571 586 1612 623 in

105 644 251 683 nostris
269 643 386 681 editis
409 658 489 682 non
511 650 645 692 extat,
677 656 724 680 ne
745 643 787 680 in
808 642 1085 679 recentissimis
1110 641 1294 692 quidem;
1324 641 1393 679 sed
1415 654 1464 679 ex
1493 641 1611 680 sehe-

104 702 164 740 dis
186 701 318 739 Fulvii
340 701 470 739 Ursini
493 701 684 739 laudatur
703 714 764 752 ap.
793 699 931 751 Scalig.
960 699 1008 737 de
1038 699 1201 737 Emend.
1230 700 1365 751 Temp.
1395 699 1462 738 lib.
1498 700 1542 749 V,
1574 714 1610 752 p.

104 761 186 801 878
209 758 269 797 ed.
293 759 441 799 Genev.
474 761 602 808 16293
633 772 722 795 nam
749 758 791 795 in
823 757 917 796 edit.
942 771 1002 809 pr.
1035 757 1144 798 1598
1172 756 1354 795 nondum
1389 756 1610 811 reperitur)

103 823 143 854 et
178 817 342 854 Tzetzae
384 816 433 854 ad
469 815 668 868 Lycophr.
706 829 744 854 v.
775 815 859 856 344
890 814 1097 852 laudatus:
1143 811 1229 863 Νύξ
1263 812 1337 867 μὲν
1366 813 1438 866 ἔην
1471 814 1610 868 μέσση,

103 871 264 926 λαμπρή
290 870 331 913 δ’
346 873 521 913 ἐπέτελλε
543 869 711 925 σελήνη,
744 873 812 923 qui
832 879 872 910 et
895 873 936 910 in
964 873 1132 910 Tzetzae
1156 875 1474 924 Μεθομηρικοῖς
1492 886 1610 925 repe-

103 932 201 969 titus
224 938 283 969 est
307 931 416 983 apud
441 931 637 969 Dodwell.
669 930 717 968 de
749 930 876 981 Cyclis
902 944 940 981 p.
973 932 1068 972 803.
1097 943 1207 967 nunc
1235 943 1273 968 v.
1304 932 1401 970 720.
1432 932 1514 972 773
1547 930 1608 969 ed.

102 988 248 1027 Iacobs.
270 990 318 1027 cf.
342 989 439 1029 Exc.
461 989 548 1026 Vflt
570 988 621 1026 ad
640 987 736 1025 Aen.
755 988 803 1036 ll,
826 988 925 1030 250.
949 993 987 1025 et
1012 986 1062 1024 ad
1084 987 1151 1025 lib.
1172 987 1236 1036 ΙΙΙ,
1266 989 1303 1028 8.
1322 986 1419 1024 Exc.
1441 987 1488 1027 II.
1548 989 1608 1025 Ex

100 1042 302 1086 Ἀπόπλου
335 1048 508 1084 carmine
535 1053 634 1098 puto
665 1058 746 1082 esse
777 1045 964 1082 undecim
989 1045 1077 1082 illos
1106 1057 1246 1083 versus
1280 1044 1329 1082 de
1357 1043 1488 1082 Aenea
1517 1059 1608 1083 cum

101 1102 382 1141 Andromache
405 1103 578 1142 abducto
604 1117 625 1140 a
644 1103 905 1154 Neoptolemo
924 1116 985 1155 ap.
1014 1103 1147 1140 Tzetz.
1176 1102 1227 1139 ad
1254 1101 1453 1153 Lycophr.
1486 1106 1607 1144 1263.

102 1162 150 1199 cf.
173 1161 294 1201 eund.
321 1161 371 1198 ad
394 1164 524 1210 1232,
555 1161 624 1198 ubi
643 1160 829 1209 additur,
860 1173 951 1197 eum
979 1165 1072 1211 post
1090 1159 1339 1211 Neoptolemi
1374 1159 1482 1211 apud
1514 1161 1607 1198 Del-

100 1218 201 1270 phos
238 1218 397 1256 caedem
426 1219 637 1256 liberatum
675 1218 803 1256 fuisse.
864 1218 918 1254 De
952 1219 1098 1255 Sinone
1124 1217 1193 1254 ins.
1226 1216 1383 1254 dicetur
1413 1218 1508 1255 Exc.
1543 1218 1606 1267 1V,

102 1276 149 1313 de
174 1276 352 1313 Coroebo
379 1290 399 1312 a
422 1275 567 1312 Lesclie
596 1275 746 1313 tradita
777 1276 871 1313 Exc.
901 1276 939 1312 X
972 1275 1314 1313 memorabuntur.
1387 1275 1605 1313 Palladium

104 1334 212 1370 furto
238 1332 436 1370 Diomedis
458 1339 495 1370 et
516 1333 665 1384 Iflyssis
686 1333 860 1369 ablatum
879 1332 982 1369 idem
1004 1338 1266 1384 exposuerat,
1298 1338 1344 1370 ut
1366 1345 1416 1369 ex
1433 1332 1606 1384 Hesych.

100 1393 139 1427 in
162 1388 403 1442 Διομήδειος
424 1386 578 1442 α’νεέγκη
601 1396 776 1427 constat:
807 1390 1007 1439 quomodo
1039 1396 1172 1428 autem
1198 1389 1246 1426 ab
1280 1403 1325 1427 eo
1357 1403 1420 1427 res
1446 1396 1605 1428 narrata

100 1447 241 1495 suerit,
271 1448 436 1499 intelligi
456 1448 557 1485 sorte
578 1448 723 1499 poterit
744 1461 791 1484 ex
814 1448 960 1485 Zenob.
978 1447 1043 1496 ΙΙΙ,
1065 1450 1111 1498 83
1142 1452 1201 1484 est
1227 1448 1331 1485 enim
1355 1446 1474 1484 huius
1506 1460 1604 1485 nar-

99 1505 199 1542 ratio
223 1505 520 1555 simplicissima.
581 1506 704 1542 Voces
724 1511 762 1541 et
783 1501 919 1554 ῥήσεις
940 1505 1036 1542 aliae
1052 1504 1267 1542 nonnullae
1288 1504 1415 1543 videri
1435 1511 1604 1555 possunt

99 1562 205 1613 apud
232 1563 393 1600 Barnes.
418 1562 579 1600 Homer.
601 1563 711 1600 Tom.
735 1563 765 1599 tl
789 1562 944 1611 Fragm.
967 1577 1003 1614 p.
1029 1565 1122 1603 108.
1183 1562 1263 1599 Iam
1291 1568 1380 1613 post
1403 1562 1478 1600 ista
1503 1563 1603 1600 scri-

97 1625 166 1670 pta
183 1620 223 1656 in
257 1633 397 1657 manus
424 1620 534 1657 venit
563 1620 826 1670 fragmentum
859 1620 1009 1667 Procli,
1050 1619 1159 1669 quod
1184 1616 1353 1667 Ἰλιάδος
1383 1622 1529 1672 μικρᾶς
1562 1616 1601 1660 δ’

98 1675 260 1727 Λέσχεω
284 1683 559 1728 argumentum
580 1677 757 1715 servavit
777 1676 831 1729 *):
863 1690 911 1714 ex
933 1676 1011 1715 hoc
1028 1677 1278 1727 intelligitur,
1300 1683 1458 1727 poetam
1479 1690 1602 1715 exor-

97 1747 185 1771 sum
206 1746 287 1771 esse
312 1735 581 1772 narrationem
606 1735 741 1772 statim
776 1735 824 1771 ab
854 1748 1058 1773 armorum
1084 1734 1255 1783 iudicio,
1296 1740 1336 1772 et
1364 1733 1602 1785 produxisse

96 1803 219 1841 usque
238 1791 288 1829 ad
307 1804 453 1842 equum
471 1792 511 1830 in
532 1792 672 1829 urbem
695 1799 900 1843 receptum
923 1798 962 1830 et
986 1792 1252 1830 Troianorum
1286 1805 1335 1829 ex
1363 1805 1601 1829 commessa-

96 1848 204 1885 tione
245 1862 440 1887 somnum.
507 1849 678 1888 Habitus
719 1856 758 1887 et
795 1848 915 1887 liuius
948 1862 1096 1901 parvae
1121 1849 1251 1887 Iliadis
1282 1855 1424 1887 auctor
1455 1850 1548 1887 olim
1578 1865 1599 1887 a

97 1906 296 1943 nonnullis
316 1906 512 1945 Homerus
526 1937 535 1955 ‚
567 1914 613 1944 ut
630 1921 679 1944 ex
700 1913 860 1944 auctore
883 1907 931 1944 de
949 1907 1032 1945 vita
1054 1907 1238 1956 Homeri,
1270 1907 1338 1957 qui
1364 1907 1483 1957 vulgo
1517 1907 1599 1944 He-

95 1962 262 2000 rodotus
284 1964 437 2012 fertur,
469 1971 602 2015 patet,
633 1979 664 2002 c.
689 1968 762 2012 16,
794 1965 863 2002 ubi
886 1971 925 2002 et
944 1965 1061 2016 primi
1090 1964 1170 2002 duo
1201 1977 1340 2002 versus
1369 1971 1597 2003 occurrunt.

95 2020 323 2071 Διατρίβων
359 2019 400 2060 δὲ
433 2020 543 2072 παρά
570 2025 624 2075 τῷ
659 2023 877 2076 Θεστορίδῃ
914 2026 1024 2062 ποιεῖ
1052 2018 1200 2061 Ἰλιάδα
1234 2019 1308 2073 τήν
1338 2018 1492 2061 ἐλάσσω
1526 2021 1598 2074 (ita

94 2075 159 2113 hie
181 2077 424 2127 appellatur,
456 2092 527 2116 nee
551 2079 772 2116 audiendus
795 2079 955 2117 Salmas.
977 2078 1116 2130 Polyh.
1137 2093 1175 2130 p.
1202 2079 1285 2120 598
1309 2092 1386 2128 Sq.‚
1419 2080 1487 2129 qui
1516 2080 1597 2131 Cy-

93 2134 179 2184 pria
204 2135 378 2171 carmina
411 2141 450 2172 et
474 2131 621 2174 ’[λισῖδα
649 2133 793 2175 ἐλάττω
824 2149 947 2173 unum
980 2149 1061 2173 esse
1092 2136 1201 2173 nullo
1236 2143 1471 2185 argumento
1499 2150 1597 2174 con-

95 2190 263 2242 tendit),
302 2186 351 2241 ἧς
392 2191 420 2241 ἦ
462 2189 586 2244 οἷρχήε
621 2190 744 2231 Ἴλιον
776 2189 897 2231 (γἐίδω
925 2193 993 2232 καὶ
1022 2194 1257 2245 Δαρδανίην
1287 2189 1491 2240 ἐΰπωλον,
1525 2188 1598 2240 ἓἨς

93 2246 184 2298 πέρι
205 2246 330 2287 πολλοὶ
352 2246 491 2288 πάθον
512 2249 667 2288 Δαναοὶ
693 2246 1108 2301 θεράποντες-’Ἄρηος
1169 2249 1396 2298 Fabricius,
1428 2251 1493 2301 qui
1524 2251 1548 2288 l.
1571 2251 1594 2289 l.

93 2303 171 2341 hoc
196 2304 299 2341 idom
333 2307 513 2356 repetiit,
554 2312 682 2343 tamen
720 2320 813 2343 mox
848 2307 1005 2344 initium
1039 2307 1231 2358 poematis
1257 2306 1416 2344 Leschei
1445 2315 1595 2356 narrat,

93 2361 201 2411 quod
223 2362 412 2399 Horatius
440 2363 718 2413 perstrinxerit
748 2377 784 2401 ν.
820 2367 897 2403 136
924 2366 1144 2401 hbrlzmam
1175 2366 1338 2401 Priami
1361 2365 1531 2402 cantabo
1560 2374 1595 2402 et

92 2418 219 2454 nobile
240 2419 410 2466 bellum,
452 2417 585 2460 Ἀεῖσω
610 2417 811 2471 Πριάμοιο
832 2418 952 2471 τύχην
985 2417 1161 2472 πόλεμόν
1190 2437 1230 2461 τε
1258 2418 1456 2461 κλεεννόν.
1516 2422 1594 2460 Sed

93 2475 122 2511 is
145 2489 282 2513 versus
300 2490 320 2513 a
338 2477 525 2515 Salmasio
549 2477 741 2515 confictus
759 2484 798 2515 et
822 2492 893 2529 pro
916 2491 1063 2529 parvae
1090 2478 1220 2515 iliadis
1244 2478 1435 2516 Lescheae
1461 2480 1593 2530 primo

94 2545 211 2570 versu
232 2534 418 2572 venditus
442 2541 497 2572 est
518 2535 542 2572 l.
563 2549 595 2573 c.
619 2549 656 2586 p.
676 2538 754 2576 601
774 2535 828 2583 A,
860 2536 1006 2573 scilicet
1028 2537 1061 2573 is
1089 2535 1250 2574 Iliadem
1271 2533 1422 2576 ἐλάσσω
1455 2537 1592 2575 diver-

184 2711 210 2752 ')
238 2714 275 2745 ln
301 2713 468 2746 Biblioth.
495 2715 528 2746 (l.
558 2715 621 2748 alt.
647 2716 735 2748 Lm.
764 2728 797 2747 u.
823 2718 956 2757 Kunst,
982 2717 1083 2749 Tom.
1110 2718 1135 2749 1.
1162 2728 1197 2759 p.
1222 2717 1278 2751 35.
1328 2717 1485 2749 Haberet
1503 2729 1590 2750 nunc

93 2756 142 2787 vir
166 2757 288 2790 doctus
315 2761 609 2803 opportunitatem
634 2761 869 2794 conficiendae
903 2762 1120 2795 collectionis
1146 2764 1433 2806 Fragmentorum
1458 2765 1590 2796 Pocta-

94 2803 423 2853 rum-Cyctieornm,
461 2807 646 2849 praemissu
672 2808 785 2840 Procli
811 2808 1032 2853 expositione
1068 2809 1279 2853 singulorum
1314 2810 1516 2850 curminnm3
1555 2817 1590 2842 et

96 2849 249 2880 sutum-ta
285 2852 542 2893 comparatione
577 2865 714 2894 eorum,
750 2866 838 2898 quae
873 2855 1000 2899 passim
1035 2856 1069 2887 in
1103 2855 1261 2899 'l'ragicis
1295 2856 1440 2900 aliisque
1475 2856 1587 2900 poetis

93 2900 150 2944 ant
175 2893 277 2925 simili
314 2903 371 2927 ant
404 2897 470 2928 alio
506 2899 609 2930 modo
643 2907 720 2932 sunt
756 2907 976 2943 pertractata.
1025 2902 1198 2946 Expedita
1231 2914 1370 2946 quoque
1405 2902 1485 2934 inde
1522 2904 1588 2934 crit

94 2939 280 2973 illustratio
308 2942 484 2984 carminis,
509 2945 601 2988 quod
627 2946 689 2978 sub
715 2947 833 2987 Quinti
859 2948 996 2981 nomine
1021 2949 1177 2982 habetur.
