1779 3420
139 260 238 306 676
466 256 518 303 Ρ.
556 253 905 304 VIRGlLII
942 250 1307 301 MARONIS

138 384 279 429 Haec
307 377 465 428 effata
483 378 626 438 silet3
663 376 831 442 pallor
852 374 1006 423 simul
1030 385 1252 441 occupat
1277 392 1381 428 ora.

138 454 258 500 Non
282 458 462 497 tamen
486 451 637 497 Anna
659 446 807 493 novis
827 453 1133 509 praetexere
1156 445 1342 495 funera
1365 446 1519 494 sacris
1547 449 1649 498 500

142 522 463 569 Germanam
486 515 673 577 credit,
708 530 807 562 nec
829 522 1002 562 tantos
1022 523 1206 564 mente
1233 513 1441 564 furores

142 588 409 653 Concipit,
448 594 534 634 aut
554 584 789 648 graviora
811 583 988 647 timet,
1028 600 1188 649 quam
1210 594 1386 634 morte
1413 585 1648 648 Sychaei.

141 660 279 722 Ergo
302 658 433 706 iussa
456 662 613 720 parat.

142 803 331 843 apparent3
357 794 517 828 Heinsius
536 795 641 826 iuvat
662 805 681 827 a
700 806 745 827 m.
766 793 881 826 sec.in
898 791 967 825 hoc
982 793 1059 826 cod.
1075 798 1211 825 exstare
1228 791 1396 832 affirmat;
1422 794 1529 826 ιάυαε
1541 793 1645 826 etiam

149 849 176 878 1.
204 853 235 877 et
262 843 355 887 Lips.
383 849 454 885 utq.
499 840 652 873 Servium
678 852 816 885 quoque
840 839 970 884 legisse
995 842 1119 881 iuvat,
1145 840 1251 872 docet
1275 840 1441 880 verbum,
1469 853 1536 884 quo
1563 841 1648 873 illud

143 891 277 930 reddit,
311 885 498 931 συμφέρει.
558 888 633 919 Nec
670 887 822 920 dubitari
847 893 988 930 potest,
1028 887 1110 930 quin
1143 885 1241 918 iubet
1277 898 1294 918 e
1332 887 1504 930 scriptura
1536 887 1648 927 iubat,

143 949 242 981 quam
268 936 323 967 hic
350 948 369 967 a
394 946 438 967 m.
466 945 517 978 pr.
545 933 688 966 exhibet
713 934 802 966 Gud.
839 941 872 966 et
896 945 948 977 pr.
974 933 1151 974 Rotteud„
1178 939 1295 964 natum
1321 933 1377 965 sit.
1427 933 1483 965 Sic
1508 933 1541 966 in
1571 934 1648 978 ipso

142 983 301 1016 Mediceo
327 981 416 1013 infra
440 993 489 1013 vs·
515 981 595 1015 660.
631 982 732 1014 iubat
765 980 893 1023 legitur
928 991 992 1024 pro
1026 981 1149 1019 ιἰιναι,
1189 985 1224 1010 et
1259 977 1395 1011 tubabit
1421 992 1486 1024 pro
1511 979 1649 1013 iuvabit

143 1042 244 1074 supra
269 1030 324 1068 III,
349 1028 448 1067 606.;
474 1027 623 1070 denique
649 1026 684 1058 in
711 1027 834 1059 eodem
858 1027 934 1067 VII,
960 1027 1038 1060 628.
1063 1025 1161 1058 iubet
1186 1025 1327 1068 legitur,
1354 1026 1411 1058 ubi
1437 1028 1541 1059 iuvat
1565 1039 1648 1059 sen—

142 1076 249 1109 tentia
274 1074 417 1117 flagitat.
466 1073 638 1106 Revocavi
665 1073 768 1116 igitur
792 1075 915 1111 iuva-‘3
940 1072 1033 1104 idem
1057 1072 1141 1105 fecit
1167 1072 1317 1105 Iahnius.
1349 1073 1442 1115 er.)
1500 1074 1568 1107 499
1589 1075 1648 1106 in-

135 1124 218 1167 ficit
252 1134 317 1154 ora
351 1120 508 1152 nonnulli
543 1120 636 1164 apud
671 1120 839 1159 Pieriam,
887 1131 928 1151 ex
961 1120 1083 1151 Horat.
1129 1118 1236 1161 Epod.
1277 1120 1298 1153 7
1333 1125 1435 1163 putat
1468 1121 1646 1152 Burmann.

141 1171 210 1205 500
234 1169 310 1201 Nee
335 1175 455 1200 tamen
480 1166 613 1199 Zulich.
663 1168 765 1199 Haec
791 1167 927 1209 liugen.
971 1174 1166 1211 protexere
1191 1165 1317 1198 Medic.
1344 1177 1362 1197 a
1397 1178 1440 1198 m.
1467 1178 1519 1209 pr.
1568 1179 1648 1199 mu—

142 1228 231 1249 nera
262 1214 350 1247 alter
382 1214 519 1256 Menag.
612 1213 683 1247 502
720 1214 913 1258 Concipere
946 1211 1009 1245 Vir
1052 1211 1175 1244 doctus
1209 1212 1288 1254 (fuit
1320 1210 1348 1243 is
1383 1213 1407 1243 Ι,
1444 1213 1569 1245 Iortin:
1618 1225 1647 1245 v.

147 1264 276 1295 Traccs
300 1262 401 1293 Tom.
428 1261 469 1292 ΙΙ.
496 1273 529 1304 p.
553 1259 637 1301 473)
663 1259 751 1292 coni.
778 1258 871 1302 apud
898 1260 1097 1297 Burmann.,
1136 1269 1199 1289 nec
1223 1258 1332 1297 male;
1370 1258 1437 1290 etsi
1463 1271 1503 1291 eo
1531 1271 1649 1292 carere

142 1319 334 1354 possumus.
383 1307 484 1339 hand
510 1305 564 1338 vel
589 1307 681 1338 haut
705 1306 839 1349 aliquot
864 1317 919 1349 ap.
946 1305 1035 1338 Pier.
1062 1312 1096 1336 et
1121 1305 1234 1336 Burm.
1262 1312 1296 1336 et
1321 1305 1428 1338 Goth.
1453 1305 1551 1338 alter.
1588 1308 1649 1339 Si-

142 1355 246 1388 clzaei
270 1354 349 1386 edd.
377 1365 464 1397 sup.,
492 1352 596 1385 etiam
620 1353 733 1385 Burm.
760 1353 803 1385 cf.
816 1351 859 1385 ad
880 1353 905 1392 1,
928 1352 1009 1386 343.
1036 1352 1155 1396 (quam
1168 1359 1282 1383 morte
1294 1352 1460 1395 Sychaei,
1481 1364 1528 1384 sc.
1554 1352 1648 1385 acci—

142 1402 283 1440 derant;
309 1400 352 1432 de
377 1412 442 1443 qua
468 1399 584 1443 ellipsi
610 1398 698 1431 nihil
723 1399 954 1439 monuissem,
991 1397 1056 1430 nisi
1093 1397 1200 1429 virum
1228 1397 1386 1436 doctum,
1421 1399 1648 1432 Matthiaeum

142 1449 176 1480 in
202 1450 351 1480 Gramm.
377 1447 436 1479 Gr.
462 1447 490 1490 §.
516 1444 596 1480 450.
622 1446 706 1478 Not.
731 1447 776 1486 2.,
804 1445 893 1477 hunc
917 1445 1031 1477 Iocum
1056 1444 1149 1476 inter
1175 1443 1235 1476 illa
1256 1444 1388 1476 referre
1414 1445 1588 1489 legissem,
1614 1446 1649 1478 in

142 1495 264 1540 quibus
288 1493 493 1538 particulam
518 1505 625 1537 quam
649 1499 728 1524 ante
753 1491 938 1524 ablativum
960 1492 1137 1524 abundare
1161 1497 1329 1523 statuunt.
1378 1491 1559 1525 Praeclare
1579 1493 1650 1536 igi-

142 1549 198 1574 tur
223 1545 353 1573 Annam
380 1546 450 1572 tum
476 1551 545 1571 non
570 1538 730 1582 graviora
754 1538 933 1570 timentem
958 1538 1053 1577 facit,
1079 1549 1179 1581 quum
1202 1543 1349 1569 mortem
1375 1538 1543 1582 Sychaei,
1581 1539 1649 1571 iam

142 1588 275 1632 pridem
318 1585 493 1619 defuncti!
543 1586 645 1619 chlz.
718 1585 877 1618 Decessit
923 1584 991 1618 iam
1042 1583 1210 1616 Matthias
1255 1583 1333 1626 ipse
1368 1584 1411 1616 de
1456 1585 1521 1618 hac
1566 1597 1649 1618 sen-

143 1635 251 1667 tentia
276 1634 310 1665 in
337 1644 425 1666 nova
451 1632 532 1665 edit.
560 1633 711 1664 Gramm.
737 1633 795 1665 Gr.
844 1631 996 1665 Eandem
1032 1631 1077 1663 ob
1103 1642 1236 1662 causam
1263 1629 1450 1663 reiicienda
1484 1639 1537 1664 est
1561 1644 1649 1665 con-

143 1681 294 1720 iectura,
341 1691 441 1724 quam
476 1679 688 1712 Wakefield.
722 1678 758 1711 in
785 1678 1024 1723 Corte-spond.
1059 1677 1145 1709 with
1171 1679 1250 1709 ,Fax
1273 1689 1306 1720 p.
1331 1678 1412 1711 217.
1452 1678 1648 1721 proposuit,

143 1729 214 1761 iam
238 1739 302 1772 pro
328 1738 434 1771 quam
458 1725 563 1758 scribi
589 1725 722 1757 iubens.
772 1727 903 1762 ,Morta
929 1725 951 1756 i.
976 1736 1005 1756 e.
1034 1735 1135 1767 quum
1160 1722 1323 1761 moritur,
1350 1730 1387 1755 ut
1411 1725 1504 1768 apud
1528 1725 1648 1758 Silium

144 1776 240 1814 XIV,
267 1774 368 1808 536:
412 1771 502 1813 „Vix
528 1779 670 1804 morte
695 1771 835 1816 incepta
869 1770 1025 1809 remittit,
1039 1775 1058 1787 ‘⁴
1108 1769 1130 1801 i.
1158 1781 1187 1801 e.
1212 1768 1384 1807 moriens3
1416 1771 1490 1812 vel,
1517 1778 1554 1803 ut
1580 1772 1648 1813 hic,

144 1833 247 1865 quum
272 1827 425 1852 mortuus
453 1825 564 1858 esset3
591 1818 681 1850 infra
706 1819 748 1858 V,
778 1820 874 1852 19o.:
900 1815 1087 1856 „Hectorei
1114 1815 1210 1855 socii,
1251 1815 1382 1848 Troiae
1406 1829 1491 1860 quos
1518 1825 1648 1851 sorte

748 1865 825 1903 XII,
850 1865 928 1899 393.
948 1875 1040 1907 sqq.:
1066 1862 1213 1902 „Stabat
1234 1862 1358 1894 acerba
1377 1863 1646 1903 fremeus‚——

145 1881 160 1901 s
174 1880 191 1899 u
204 1880 224 1912 p
238 1879 254 1899 r
265 1879 282 1899 e
295 1879 326 1898 m
339 1878 359 1898 a
384 1865 507 1909 Delegi
532 1864 710 1897 comites.“

1220 1908 1396 1942 Consolat.
1431 1911 1475 1942 ad
1499 1911 1574 1944 Liv.
1599 1924 1647 1944 vs.

146 1925 300 1957 magno
337 1912 494 1944 iuvenum
531 1918 566 1944 et
599 1910 779 1943 maerentis
807 1910 868 1942 Iuli
904 1912 1169 1942 concursu.“

148 1964 218 1995 10.:
246 1959 333 2000 „Hei
360 1958 465 2000 mihi,
502 1970 602 2002 quam
627 1957 729 1990 facile
755 1964 821 1999 est,
849 1976 891 1980 —
917 1955 1066 1988 Alterius
1102 1955 1225 1987 luctu
1251 1955 1355 1987 fortia
1390 1957 1493 1989 verba
1518 1958 1648 2002 quui.“

147 2009 179 2039 in
208 2015 320 2039 morte
344 2005 433 2037 infra
470 2004 558 2037 dixit
584 2006 642 2046 VI,
678 2005 777 2039 371.:
813 2003 982 2044 „Sedibus
1016 2009 1052 2034 ut
1085 2001 1208 2034 saltem
1247 2001 1393 2044 placidis
1431 2003 1471 2035 iu
1499 2013 1648 2037 morte

147 2053 354 2097 quiescam.“
403 2051 488 2084 ibid.
513 2050 615 2085 444.:
657 2062 782 2092 „curae
819 2062 887 2082 non
922 2049 997 2093 ipsa
1030 2049 1073 2080 in
1107 2056 1255 2080 morte
1282 2048 1532 2092 relinquunt;“
1567 2052 1591 2083 i.
1617 2062 1647 2083 e.

148 2112 189 2131 ne
216 2105 371 2131 mortuos
396 2098 546 2142 quidem.
583 2097 651 2129 vid.
676 2097 780 2129 etiam
812 2098 853 2129 V.
874 2097 911 2128 L.
940 2096 982 2128 ad
1012 2107 1060 2127 vs.
1094 2095 1172 2129 436.
1223 2094 1383 2127 Ceterum
1414 2096 1529 2130 laudat
1551 2098 1647 2130 Iahn-

149 2146 251 2179 etiam
274 2145 465 2178 Guvuther.
482 2145 596 2190 Epist.
620 2144 668 2176 ad
693 2141 808 2188 bVolfss
834 2143 878 2175 de
906 2154 974 2174 usu
998 2141 1260 2188 praeposition.
1290 2154 1348 2186 ap.
1372 2144 1511 2178 Homer.
1534 2157 1566 2188 p.
1591 2145 1647 2180 34.

152 2193 248 2235 lVr.)
320 2192 389 2227 503
412 2192 514 2224 iussa
545 2190 669 2236 implet
694 2201 778 2222 unus
806 2189 958 2234 Guelph.
998 2187 1096 2233 facit
1120 2187 1207 2220 alter
1223 2187 1257 2219 in
1278 2189 1357 2221 Exc.
1375 2191 1451 2223 Sax.
1500 2192 1648 2224 Potera-

928 2317 997 2354 inf.
1021 2316 1115 2358 648.
1139 2317 1232 2359 651.
1293 2315 1449 2354 Scilicet
1468 2315 1509 2352 in
1529 2313 1649 2352 sacris

929 2374 1088 2425 magicis
1102 2374 1246 2411 amoris
1261 2372 1518 2423 extinguendi
1531 2385 1648 2409 caus—

928 2446 968 2469 sa
1004 2431 1214 2469 abolentur
1251 2443 1316 2479 ea,
1367 2442 1466 2480 quae
1507 2428 1648 2480 perfidi

928 2489 1096 2526 amantis
1136 2494 1324 2525 contactu
1367 2500 1406 2524 se
1445 2498 1648 2523 connnen-

152 2332 239 2356 ense
269 2333 341 2370 pro
364 2331 528 2357 munere
558 2318 606 2356 ab
634 2317 762 2356 Aenea
801 2317 869 2355 Di-

153 2377 246 2413 doni
284 2377 376 2414 dato
411 2377 585 2427 accipere
621 2375 750 2413 iubet:
789 2389 870 2413 non

154 2434 264 2470 male.
297 2447 334 2471 v.
357 2435 450 2474 507.
474 2448 602 2470 ensem
622 2434 800 2470 relictum
831 2439 870 2471 et

155 2491 248 2530 647.
289 2504 415 2526 ensem
457 2493 705 2540 quaesitam,
755 2503 869 2527 acce-

157 2552 280 2595 ptum,
302 2554 504 2586 memorat.
540 2546 672 2599 (arma
692 2547 872 2585 thalamo

146 2602 241 2649 fixa
257 2619 265 2637 .·
291 2603 423 2652 Eurip.
446 2604 538 2641 llcc.
560 2608 654 2646 896.
676 2618 758 2655 sqq.
779 2605 872 2642 edit.

159 2659 310 2696 ilerum
340 2655 466 2709 ηῆμος
490 2661 530 2700 ἐκ
553 2663 727 2701 ὸείπνων
743 2658 872 2708 ὕπνος

157 2713 261 2766 ήὸῦς
282 2711 340 2754 ἐπ’
363 2714 496 2763 ὄσσοις
509 2719 701 2757 ulamma..
797 2715 870 2758 πό·

159 2786 219 2819 σις
247 2772 287 2811 ἐν
321 2771 516 2821 θαλάμοις
547 2774 692 2823 ἔκειτο,
732 2773 873 2824 ξυστὸν

160 2826 198 2868 (δ’
229 2828 290 2867 ἐπὶ
316 2824 517 2880 πασσάλῳ,
548 2830 698 2871 ναύταν
727 2827 873 2871 οὐκέθ’

159 2885 267 2936 ὁρῶν
295 2881 433 2935 ὅμιλον
462 2887 607 2935 Τροίαν
635 2885 772 2928 ’Iletia’
800 2889 872 2940 ἒμ-

160 2943 359 2994 βεβῶτα.“
414 2941 526 2991 117.)
596 2947 759 2982 exuvias
792 2946 872 2983 vid.

932 2546 1027 2584 dare
1051 2551 1257 2597 poterant3
1287 2551 1333 2582 ut
1359 2549 1499 2581 contra
1519 2543 1558 2580 in
1583 2556 1648 2580 re-

929 2602 1111 2641 vocando
1144 2608 1317 2638 amatore
1349 2601 1421 2638 sub
1451 2601 1583 2637 limine
1604 2613 1649 2637 ea

930 2660 1048 2697 condi
1068 2659 1239 2696 vidimus
1264 2659 1340 2696 Ecl.
1366 2658 1465 2706 VIII,
1487 2661 1552 2699 91.
1572 2672 1648 2710 qno

925 2719 1029 2767 perii
1053 2730 1141 2753 cum
1163 2716 1310 2754 dilectu
1337 2716 1463 2766 posita
1485 2729 1578 2763 vox,
1610 2721 1650 2752 et

931 2788 1018 2811 cuni
1042 2774 1206 2824 pudore.

988 2832 1082 2872 499.
1125 2832 1182 2867 Ex
1214 2831 1350 2867 intima
1378 2836 1462 2866 arte
1497 2835 1535 2866 et
1568 2828 1649 2866 hu-

931 2902 1068 2927 manae
1108 2888 1248 2925 mentis
1276 2887 1490 2925 recessibus
1532 2885 1650 2923 liuius

932 2959 1067 2984 versus
1088 2945 1279 2983 sententia
1295 2945 1513 2996 depromta.
1547 2944 1648 2980 Pal—
