1811 3388
388 218 797 275 AENEIDOS
835 216 975 264 LIB.
1012 215 1100 276 VI,
1138 216 1425 264 641-—647

1554 214 1651 264 951

142 358 366 420 Iamque
392 349 583 400 eadem
618 344 814 410 digitis,
851 342 956 390 iam
981 338 1196 406 pectine
1228 335 1401 402 pulsat
1434 337 1653 387 eburno

236 458 305 494 647
329 458 483 500 Iamque
497 453 616 497 fidem
643 449 840 485 emendatio
868 455 921 481 est
945 443 1144 479 Marklandi
1177 442 1221 476 ad
1244 441 1392 475 Statium
1416 452 1451 484 p.
1479 443 1543 476 181
1580 442 1655 474 ele-

144 505 344 552 gantissima
359 529 368 545 ,
406 513 507 547 quam
542 506 580 534 et
604 500 682 544 ipse
707 512 727 532 a
751 502 859 550 poeta
883 495 1094 544 profectam.
1115 502 1192 524 esse
1214 488 1344 522 malim.
1391 488 1455 520 Est
1466 495 1657 540 ’praeterea

144 706 208 739 per
232 700 346 726 totum
369 696 511 736 poetam
532 700 667 732 sequar.

726 688 833 731 (Bene
869 684 1010 717 eadem:
1047 680 1192 713 eaedem
1225 676 1402 717 chordae,
1438 686 1526 719 quae
1551 674 1658 707 modo

144 740 344 773 molliorem
370 737 556 770 ediderunt
580 747 722 776 sonum,
755 744 847 766 nunc
870 729 995 764 fortius
1022 726 1107 772 quid
1130 731 1268 760 sonant.
1316 722 1374 756 Sic
1405 722 1499 754 idem
1523 719 1660 764 saepis-

145 788 231 823 sime
258 786 329 820 dici
353 785 397 818 de
421 796 461 817 re
488 781 622 817 variata
645 781 731 815 satis
757 785 902 814 constat.
932 778 987 812 W
984 774 1029 819 r.)

146 883 241 908 suus
263 864 416 915 αόιδός,
433 865 597 918 lyricen,
628 865 697 916 qui
717 877 788 902 seu
807 876 876 900 ae-

147 928 298 966 cineret
331 939 401 963 seu
421 924 599 976 praeiret
627 929 751 961 cantu
768 928 876 960 taln-

148 999 269 1037 quam
293 983 501 1034 choi-agus.
547 981 649 1028 Quis
670 994 767 1020 vero
787 992 875 1017 ma-

146 1043 203 1095 gis
236 1041 477 1080 conveniens
505 1038 691 1091 Orpheo,
731 1038 800 1088 qui
832 1036 880 1074 de

147 1100 244 1139 locis
264 1099 400 1138 inseris
422 1098 595 1150 plurima
615 1103 701 1135 erat
722 1094 881 1134 sabula-

147 1165 234 1209 tus,
265 1157 306 1196 h.
331 1171 362 1197 e.
383 1163 520 1195 vetere
545 1153 879 1207 philosophorum

148 1229 261 1255 more
299 1230 345 1254 ac
387 1226 569 1252 sermone
608 1226 680 1266 per
722 1211 880 1263 poetica

148 1274 435 1328 phantasmata
456 1271 728 1323 exposuerat?
755 1271 881 1319 longa

149 1348 242 1372 eum
276 1340 403 1381 veste,
437 1329 770 1368 citharoedorum
805 1327 882 1364 ali-

150 1391 334 1443 quando,
368 1388 595 1438 antiquiore
616 1393 750 1425 autem
783 1398 881 1423 aevo

152 1445 328 1497 (ἷοιὸὦν,
362 1454 527 1496 vatum,
558 1445 723 1483 habitus
753 1438 885 1494 ποδή-

153 1523 225 1559 ρης
248 1507 371 1558 palla,
414 1511 462 1542 ut
483 1510 579 1542 nota
602 1517 665 1542 res
692 1508 762 1539 est.
800 1500 884 1540 vid.

152 1564 292 1604 Cerda.
362 1563 441 1601 Adi
470 1563 535 1600 vel
562 1561 707 1599 Tibull.
737 1559 814 1608 ΙΙΙ,
847 1561 886 1607 4,

153 1624 220 1664 35.
253 1626 319 1664 36.
380 1622 483 1659 'Nota
515 1633 578 1658 res
609 1633 629 1657 e
656 1618 775 1669 signis
799 1617 886 1669 pri-—

153 1694 241 1719 scae
288 1680 386 1726 artis
418 1677 615 1730 Apollinis
646 1674 885 1723 citharoedi,

154 1746 195 1777 et
216 1752 236 1776 e
263 1738 408 1777 numis.
438 1751 478 1776 v.
498 1750 529 1774 c.
544 1734 695 1774 Eckhel
713 1733 801 1773 Vol.
821 1732 886 1771 VI.

153 1811 192 1849 p.
233 1797 329 1838 275.
394 1794 588 1833 Sacerdos
626 1799 759 1832 autem
788 1789 831 1829 h.
861 1790 886 1828 l.

153 1861 287 1903 vates,
319 1859 485 1906 propter
505 1851 691 1890 instituta
712 1848 820 1899 orgia
848 1854 889 1885 et

154 1913 307 1950 teletas.
377 1910 481 1950 Male
523 1910 658 1959 itaque
698 1906 889 1945 Bai-thius

155 1969 368 2008 contendit
399 1967 685 2007 sacerdotalem
705 1964 889 2003 habitum

154 2028 319 2080 respici,
352 2027 422 2064 etsi
440 2039 583 2064 verum
604 2031 674 2071 est,
696 2022 886 2060 sacerdo-

155 2094 215 2125 tes
248 2092 297 2124 ut
330 2090 511 2136 sceptro,
551 2083 607 2120 ita
630 2082 748 2119 etiam
768 2079 885 2132 palla,

114 2160 117 2161 ⁷
155 2158 272 2192 usos,
305 2149 344 2180 et
366 2142 440 2194 ipsi
467 2141 520 2179 dii
541 2153 585 2177 ea
609 2145 720 2178 veste
740 2150 887 2176 occur-

155 2208 278 2251 runt,
309 2200 380 2238 sed
406 2206 445 2238 et
474 2212 602 2249 reges:
634 2211 727 2235 nam
752 2194 887 2233 omni—

156 2274 210 2299 no
240 2259 364 2298 vestis
402 2258 569 2296 demissa
597 2269 642 2293 ac
673 2254 802 2292 fluens
838 2251 889 2289 ad

161 2318 398 2369 dignitatem
428 2322 468 2353 et
492 2314 729 2365 religionum
763 2310 890 2349 maie-

158 2382 305 2414 statem
334 2374 454 2412 facit:
494 2379 541 2410 ut
562 2380 890 2420 unumquemque

161 2447 257 2471 suus
276 2446 414 2470 sensus
436 2431 564 2468 docet.
605 2428 792 2479 Orpheus
815 2426 891 2463 illis

158 2491 397 2529 saltantibus
428 2495 465 2525 et
493 2487 750 2525 cantantibus
780 2483 891 2521 oblo-

158 2551 295 2601 quitur
334 2546 565 2600 (transitive
595 2544 635 2582 11.
666 2544 691 2581 l.
724 2543 891 2589 dictum,

159 2607 256 2646 facit
274 2606 399 2656 loqui,
431 2603 702 2656 φθέγγεσθαι,
736 2611 892 2647 sonare,

159 2664 321 2717 pulsat),
352 2664 541 2709 numm-s,
576 2671 798 2705 numerose,
828 2670 893 2693 se-

155 2731 268 2773 ptem,
302 2722 535 2758 discrimina
564 2731 731 2765 rocam,
780 2714 892 2763 fides,

160 2780 290 2830 lyrani
317 2775 563 2829 ἕπτάχορύον
595 2775 787 2826 (lortinus
805 2786 891 2824 pag.

162 2840 247 2878 5292
280 2842 431 2888 septeni
459 2848 578 2871 sonos
610 2833 780 2869 musicos
811 2831 891 2868 Or·-

160 2894 309 2947 pheuin
342 2893 521 2930 accinere
558 2904 659 2929 voce
700 2887 892 2940 volebat),

160 2953 377 3003 eademque
431 2949 553 2988 modo
594 2948 726 2999 digitis
771 2946 892 2984 niodo

934 858 1092 911 pectine
1110 855 1263 907 pulsat3
1288 850 1399 903 quod
1420 850 1468 888 ab
1482 848 1662 888 doctiore

935 919 1015 955 iam
1045 920 1131 952 arte
1161 912 1318 964 petiisse
1347 908 1533 956 videtur,
1566 906 1662 944 dum

936 978 1187 1025 temperatur
1206 975 1348 1007 cantus
1368 966 1490 1005 modo
1508 964 1663 1017 plectro

938 1032 1059 1071 modo
1082 1029 1217 1081 digito.
1257 1027 1339 1074 Illa,
1361 1027 1447 1062 iam
1466 1026 1566 1072 iam,
1589 1035 1662 1059 ex·-

940 1090 1110 1128 cludunt
1158 1083 1511 1137 interpretationes
1562 1079 1665 1117 alio-

936 1162 1040 1187 rum.
1112 1145 1248 1195 Neque
1299 1141 1397 1179 adeo
1446 1139 1496 1178 de
1543 1142 1666 1176 cantu

936 1206 1060 1259 ipsius
1114 1201 1268 1254 Orphei
1318 1199 1386 1238 hie
1436 1196 1665 1248 quaeritur,

939 1265 1008 1303 sed
1039 1263 1071 1301 si
1101 1266 1341 1312 quaeratur,
1379 1269 1495 1294 nemo
1536 1253 1666 1301 facile,

941 1323 1009 1374 qui
1053 1321 1277 1359 Homerum
1313 1315 1437 1366 legit,
1496 1311 1666 1360 dubitet,

941 1380 1118 1419 fueritne
1140 1377 1260 1426 alius,
1294 1374 1363 1425 qui
1385 1370 1572 1423 Orpheo,
1602 1369 1668 1420 ly-

941 1452 1030 1478 ram
1051 1434 1240 1489 pulsanti,
1273 1430 1458 1469 accinuit.
1496 1427 1668 1466 Heroico

945 1510 1043 1535 aevo
1064 1503 1281 1542 utrumque
1300 1489 1394 1528 facit
1411 1493 1536 1526 vates.
1569 1486 1621 1523 N
1648 1507 1668 1511 -

945 1556 1062 1592 meris
1086 1555 1170 1595 646
1201 1550 1251 1588 ad
1275 1550 1407 1600 ipsum
1436 1550 1570 1584 vatem
1600 1554 1669 1580 re-

944 1613 1044 1661 tuli,
1093 1605 1339 1663 εὕρύθμως,
1386 1603 1525 1642 melius
1556 1606 1670 1653 puto,

947 1684 1066 1722 quam
1101 1668 1153 1706 ad
1178 1666 1366 1703 saltantes
1399 1668 1438 1699 et
1467 1664 1672 1697 cantantes

944 1743 984 1768 v.
1013 1727 1108 1777 644,
1139 1732 1187 1763 ut
1215 1736 1355 1762 eorum
1388 1718 1564 1758 numeris
1597 1715 1671 1754 ob-

943 1788 1149 1837 loquatur,
1181 1795 1250 1820 seu
1271 1778 1524 1831 respondeat.
1556 1772 1672 1827 (Wa-

945 1845 1027 1883 kef.
1046 1843 1098 1880 ad
1121 1838 1359 1885 Lucret.lV,
1392 1838 1488 1877 589.
1505 1833 1602 1871 haec
1617 1832 1674 1868 ita

946 1904 1257 1953 interpretatur:
1297 1909 1344 1945 „e
1375 1891 1578 1931 contrario
1606 1902 1673 1927 re-

948 1959 1121 2012 spondet
1148 1955 1342 2001 citharae,
1384 1958 1423 1988 et
1449 1949 1585 1988 reddit
1611 1960 1673 1984 se—

946 2025 1056 2070 ptem
1077 2016 1255 2054 flexuras
1273 2010 1382 2050 vocis
1395 2021 1489 2046 suae
1510 2013 1575 2044 tot
1593 2018 1672 2042 nu-

944 2075 1063 2114 meris
1092 2078 1244 2124 septem
1265 2067 1548 2106 chordarum.“
1586 2063 1675 2100 Hoc

945 2134 978 2171 si
996 2133 1127 2170 dicere
1144 2129 1335 2169 voluisset
1356 2124 1554 2175 Virgilius,
1585 2121 1675 2172 pla-

947 2193 1036 2229 nius
1065 2189 1107 2227 id
1131 2188 1362 2225 elocuturus
1381 2183 1529 2220 suisset.
1588 2178 1675 2216 Ali-

944 2256 1008 2288 ter
1031 2245 1243 2286 Forcellin.
1268 2243 1309 2280 in
1328 2242 1425 2279 Lex.
1449 2254 1478 2277 s.
1503 2252 1542 2277 v.
1563 2236 1674 2274 oblo-

947 2320 1071 2360 quor:
1112 2301 1348 2354 „Vei-sibus,
1385 2297 1536 2348 inquit,
1575 2307 1675 2345 quos

949 2377 1017 2403 ore
1041 2363 1168 2410 canit,
1199 2356 1424 2409 interponit
1449 2367 1592 2392 sonum
1614 2352 1675 2389 ci-

948 2422 1090 2460 tharae
1130 2425 1281 2470 septem
1313 2414 1484 2453 chordas
1518 2411 1675 2450 haben-

949 2481 1058 2528 115,ιζ
1104 2485 1145 2516 et
1176 2485 1513 2515 numerorum
1552 2482 1675 2508 voca-

949 2538 1044 2577 bulo
1066 2549 1206 2576 versus
1222 2532 1427 2571 interdum
1450 2527 1674 2580 significari,

950 2596 1056 2634 idem
1099 2594 1245 2647 probat
1287 2591 1360 2629 sub
1403 2603 1443 2627 v.
1478 2599 1674 2624 muneras.

967 2654 1112 2691 'tectius
1141 2651 1250 2694 haec,
1274 2645 1561 2687 Muenscherus
1592 2642 1674 2681 Ob-

951 2720 1111 2750 servan.
1145 2713 1188 2747 m
1224 2708 1375 2758 lsitgil.
1400 2706 1503 2743 Aen.
1540 2716 1576 2752 p.
1607 2704 1673 2740 21.

950 2767 1212 2822 interpretari
1228 2766 1405 2812 videtur,
1437 2761 1504 2812 qui
1524 2760 1580 2796 ita
1594 2764 1675 2794 sta-

950 2829 1052 2866 tuit:
1096 2825 1262 2864 eandeni
1284 2835 1366 2860 esse
1385 2819 1495 2860 verbi
1518 2815 1676 2865 obloqui

952 2886 992 2924 11.
1021 2887 1046 2924 l.
1080 2890 1349 2927 structuram,
1392 2891 1467 2928 qua
1503 2875 1561 2912 usi
1595 2873 1675 2910 sint

951 2943 1078 2981 Latini
1097 2944 1137 2980 in
1169 2941 1253 2978 aliis
1280 2937 1411 2977 verbis
1433 2930 1672 2984 compositis,
