1779 3420
139 190 242 237 960
455 185 511 233 P.
548 182 907 234 VIRGILII
944 180 1321 232 MARONIS

207 313 420 361 Interea
442 308 589 359 videt
606 311 813 358 Aeneas
835 309 888 357 in
911 307 1047 357 valle
1069 305 1291 357 reducta

142 381 423 432 Seclusum
450 395 668 442 nemUS,
710 388 762 429 et
786 378 1010 444 virgulta
1031 378 1275 428 sonantia
1301 376 1455 440 silviS‚

234 524 304 559 ‘703
332 524 534 556 Praeterea
555 520 663 554 Witt.
713 521 862 552 Aeneas
881 518 976 552 vidit
1003 531 1057 562 pr.
1088 518 1215 552 Hamb.
1265 518 1358 551 vidit
1384 516 1490 550 etiam
1516 515 1551 549 in
1575 515 1667 551 aliis.

140 583 176 604 ν.
201 578 347 616 recepta
366 571 504 612 Menag.
532 579 586 611 pr.
613 579 644 600 v.
670 565 733 599 inf.
758 567 849 605 VIII,
875 567 957 600 609.
1051 566 1122 599 704
1147 568 1196 597 Ec
1231 565 1370 597 clusum
1394 563 1541 597 Dorvill.
1590 567 1670 597 Re·-

141 618 282 652 clusam
303 619 405 650 Rom.
454 616 537 647 Mox
560 613 660 646 libris
680 612 824 657 optimis
846 619 880 645 et
899 611 1147 644 vetustissimis
1170 611 1301 643 insidet
1322 610 1427 644 lectio
1447 611 1582 654 silvae,
1617 610 1670 643 uti

141 664 268 698 Medic.
301 677 320 697 a
348 675 393 696 m.
427 674 477 707 pr.
517 662 585 703 (est
615 673 657 693 ea
687 659 786 704 prior
815 658 968 691 Medicei
999 658 1118 690 lectio.
1151 658 1246 699 Wr.)
1273 658 1364 690 Gud.
1387 659 1487 691 Rom.
1512 665 1548 691 et
1577 658 1670 699 aliis,

142 714 233 756 (cum
254 713 287 746 9.
310 713 365 745 10.
387 712 440 745 11.
462 715 499 740 et
519 707 674 751 Sangall.
701 706 799 748 Wr.)
826 713 860 738 et
880 706 929 738 sic
949 705 1160 738 emendabat
1177 704 1386 737 Benedictus
1408 704 1444 736 in
1464 706 1553 738 Iunt.
1578 706 1671 738 Pos-

144 759 191 792 sis
211 759 329 802 itaque
351 756 573 796 coniectare,
598 753 787 787 lectionem
811 753 1044 797 antiquiorem
1071 752 1180 785 fuisse
1200 751 1273 784 sive
1308 751 1426 793 illam,
1459 751 1532 784 sive
1563 752 1670 784 silva.

143 805 249 839 silvis
270 812 385 837 autem
410 801 594 835 advenisse
614 813 656 834 ex
678 800 792 833 altero
814 800 893 833 loeo
912 799 975 832 lib.
1002 800 1062 839 III,
1096 799 1166 834 442
1185 802 1338 833 Averna
1357 799 1533 832 sonantia
1553 799 1670 832 silvis.

142 853 214 886 Sed
239 852 363 890 Silvis,
388 849 483 894 quod
504 848 633 882 Medic.
667 860 686 880 a
712 860 755 881 m.
791 859 860 881 sec.
886 846 1009 888 habet,
1045 848 1113 890 (est
1147 858 1188 880 ea
1224 846 1334 879 altera
1367 845 1475 878 lectio
1507 845 1672 879 Medicei.

149 899 246 942 IVr.)
272 899 322 930 ita
348 904 387 929 ut
411 895 613 940 Aproniana
640 907 716 928 esse
743 894 904 927 videatur
937 893 1067 935 lectio,
1101 893 1347 927 auctoritatem
1381 892 1467 926 facit
1492 892 1672 925 Mediceus

142 945 251 981 Pierii
277 951 312 977 et
340 945 464 987 fragm.
492 942 628 982 Vatic.;
659 942 750 975 adde
778 941 879 974 binos
906 953 924 974 e
951 941 1060 974 Goth.
1094 942 1143 982 (et
1178 940 1287 974 Palat.
1320 941 1415 983 Wr.)
1473 940 1606 984 Estque
1632 951 1673 973 ea

144 993 284 1028 doctior
309 991 436 1024 lectio:
463 1003 542 1023 nam
568 990 734 1036 virgulta
759 989 936 1022 sonantia
959 988 1063 1022 silvis
1085 988 1174 1021 nihil
1199 987 1296 1021 aliud
1319 994 1420 1028 sunt,
1463 999 1565 1032 quam
1591 987 1673 1019 vir-

143 1041 254 1087 gulta
279 1039 461 1072 silvarum
478 1035 528 1082 f.‚
569 1037 728 1081 adeoque
756 1035 986 1080 simpliciter,
1023 1035 1143 1069 silvae
1169 1042 1346 1069 sonantes
1377 1047 1424 1068 sc.
1453 1034 1551 1067 venti
1577 1034 1673 1067 flatu.

145 1086 259 1122 Minus
286 1086 377 1118 bene
413 1084 602 1118 constituas
629 1096 662 1117 ν.
688 1096 716 1116 s.
746 1084 861 1124 silvis,
895 1082 931 1115 h.
959 1095 989 1116 e.
1020 1083 1206 1124 silvarum,
1248 1082 1411 1115 arborum
1435 1081 1608 1125 strepitu,
1634 1087 1674 1114 ut

145 1136 235 1169 rivis
260 1141 440 1167 sonantes
469 1132 606 1173 silvae,
645 1137 854 1163 resonantes
887 1130 955 1162 rivi
988 1130 1139 1175 strepitu
1170 1130 1251 1162 sint.
1302 1131 1354 1161 Ut
1388 1140 1472 1162 vero
1499 1129 1567 1162 hoc
1596 1127 1674 1161 fieri

144 1181 279 1227 possit,
326 1186 365 1212 ut
390 1187 523 1212 sonent
548 1190 609 1211 seu
643 1185 800 1223 strepant
825 1178 984 1218 arboreS,
1008 1189 1152 1210 necesse
1178 1184 1252 1217 est,
1285 1175 1443 1220 Elysium
1468 1188 1568 1209 auras
1594 1187 1673 1209 suas

147 1236 184 1262 et
210 1228 395 1272 Zephyros
417 1226 571 1265 habere3
607 1225 652 1257 de
679 1237 749 1269 quo
775 1224 930 1257 dubitari
958 1225 1102 1269 nequit;
1144 1225 1342 1268 praeiverat
1375 1223 1442 1256 iam
1477 1224 1673 1256 Homerus:

145 1272 235 1309 'Am'
262 1273 337 1308 αἰεὶ
374 1270 562 1317 Ζεφύροιο
590 1279 657 1305 etc.
682 1272 747 1305 od.
771 1271 806 1315 δ,
840 1273 922 1307 567.
947 1273 1029 1307 568.
1055 1272 1154 1305 Pind.
1180 1271 1233 1304 Ol.
1259 1270 1294 1316 β,
1321 1272 1387 1306 1Ξ9
1413 1283 1464 1315 sq.
1514 1270 1615 1304 cons.
1630 1270 1675 1303 ad

146 1325 279 1366 Georg.
305 1322 366 1362 IV,
391 1322 472 1356 484.
522 1320 575 1353 Ad
601 1319 710 1352 amnis
736 1319 921 1364 strepitum
946 1320 1104 1352 referunt
1138 1318 1198 1352 alii
1231 1330 1308 1351 cum
1331 1318 1471 1351 Servio:
1508 1317 1677 1364 virgulta

148 1371 349 1414 „sonantia
373 1369 511 1408 silvae,
540 1379 628 1411 quae
656 1373 710 1400 est
734 1367 831 1399 iuxta
857 1373 1049 1412 praerupta
1074 1365 1261 1399 fluminis.“
1318 1365 1425 1410 Atqui
1451 1364 1570 1408 dices,
1601 1365 1675 1397 Le-

147 1418 211 1452 the
236 1417 371 1462 quietus
398 1421 435 1447 et
461 1415 617 1459 placidus
644 1414 754 1447 amuis
780 1420 843 1447 est.
891 1415 1024 1454 Recte3
1058 1426 1123 1446 nec
1155 1420 1273 1446 tamen
1309 1414 1384 1445 sine
1411 1412 1558 1445 aliorum
1583 1424 1676 1456 poe—

148 1473 260 1499 tarum
290 1462 452 1507 exemplo
478 1463 546 1495 hoc
570 1461 714 1494 fecisset
739 1467 868 1506 poeta,
904 1461 963 1505 qui
999 1468 1034 1495 et
1070 1460 1138 1506 ipsi
1173 1460 1330 1493 amnibus
1364 1459 1401 1492 in
1426 1459 1516 1492 loeis
1541 1460 1676 1499 inferis,

148 1511 365 1557 palustribus
392 1510 496 1542 etiam
534 1515 570 1541 et
594 1509 818 1542 arundinosis
852 1508 1011 1550 fluentis,
1046 1507 1214 1551 strepitus
1248 1507 1420 1540 tribuunt.
1469 1509 1508 1539 In
1544 1507 1599 1540 his
1627 1514 1678 1539 est

148 1558 424 1599 Hermesianax,
456 1557 491 1589 in
519 1568 628 1589 verrs.
657 1569 676 1589 a
698 1555 910 1589 Ruhnkenio
941 1556 1073 1589 recusis
1106 1554 1217 1599 Epist.
1243 1554 1381 1588 crit.11.
1404 1567 1438 1598 p.
1460 1555 1539 1589 286.
1567 1554 1627 1587 ubi
1645 1565 1677 1587 v.

150 1607 242 1640 doct.
261 1612 393 1639 notam.
443 1603 541 1637 Talis
559 1615 699 1648 quoque
723 1603 945 1647 Phlegethon
967 1616 1045 1647 sup.
1066 1615 1133 1636 vss.
1161 1603 1243 1637 550.
1260 1603 1341 1638 551.
1389 1601 1531 1634 Cati-oei
1555 1613 1678 1634 emen-

151 1653 249 1687 datio
271 1659 368 1685 erat:
396 1652 572 1684 sonantia
595 1652 696 1696 ripis.
732 1651 856 1683 saltem
879 1651 970 1684 rt'vls
992 1650 1190 1684 coniectare
1209 1650 1375 1682 debebat.
1425 1650 1515 1694 (Nec
1548 1649 1677 1689 silvae,

151 1713 216 1735 nec
238 1701 343 1734 silvis
367 1711 486 1733 verum
509 1710 585 1731 esse
605 1705 712 1744 put03
738 1699 854 1731 silvae
874 1696 981 1741 friget
998 1698 1230 1743 languetque,
1265 1696 1412 1730 maxime
1439 1708 1543 1741 quum
1570 1708 1680 1741 prae-

212 1821 295 1860 703
321 1832 405 1869 sqq.
436 1818 546 1855 Haec
574 1817 653 1855 iam
681 1817 889 1855 manifeste

153 1891 204 1916 ex
235 1876 450 1915 Platonicis
486 1874 657 1927 mythis;
715 1889 889 1926 quorum

153 1935 306 1974 fundus
340 1935 382 1972 in
411 1933 758 1985 Pythagoreorum
799 1933 890 1985 opi—

153 1994 343 2032 nionibus
368 1993 623 2030 substructus
645 1997 743 2030 erat.
805 1991 890 2029 Etsi

154 2052 260 2090 enim
282 2051 416 2103 opinio
439 2050 487 2088 de
509 2050 645 2088 reditu
665 2050 889 2088 animarum

153 2111 196 2149 in
227 2110 351 2149 vitam
396 2108 620 2147 communis
658 2107 889 2159 antiquitati

155 2169 254 2217 suit,
287 2181 369 2206 non
399 2167 448 2204 ab
470 2181 550 2205 una
574 2166 809 2218 hypothesi,
842 2172 890 2204 ut

156 2233 346 2280 putatur,
379 2225 449 2263 sed
479 2239 501 2262 a
529 2225 651 2263 variis
680 2225 748 2263 illa
767 2238 890 2275 argu-

156 2285 303 2325 mentis
326 2292 366 2322 et
383 2283 541 2322 indiciis
563 2284 681 2321 docte
701 2283 888 2320 indocte-

156 2356 234 2394 que
255 2343 378 2394 petita
400 2340 455 2394 (v.
476 2356 508 2381 c.
532 2356 553 2379 a
583 2348 727 2379 mutuo
746 2341 890 2380 interi—

158 2408 206 2440 tu
231 2407 404 2451 ortuque
426 2400 607 2438 omnium
624 2397 792 2452 reruni),
825 2405 897 2438 aut

158 2458 200 2497 in
229 2458 453 2496 subsidium
483 2458 669 2496 adsumta
701 2458 786 2495 aliis
818 2458 896 2495 do-

160 2517 300 2554 ctrinis
318 2517 547 2554 fulciendis:
570 2517 725 2554 Platoni
745 2522 893 2564 tamen,

161 2574 192 2612 si
232 2588 314 2611 non
362 2574 548 2612 doctrina
583 2574 632 2613 de
674 2574 894 2612 subeundis

161 2638 254 2670 ante
273 2632 489 2670 transitum
509 2633 549 2670 in
568 2646 722 2670 novum
747 2646 893 2684 corpus

161 2689 310 2738 inseris,
342 2704 461 2740 quam
484 2697 523 2727 et
550 2690 737 2742 Aegyptii
757 2696 901 2728 tenue-

161 2762 230 2797 re,
263 2761 309 2785 ac
332 2747 382 2785 de
415 2749 676 2799 purgatione,
708 2761 809 2798 quae
833 2749 900 2785 in-

162 2806 242 2845 itiis
264 2820 309 2843 ac
336 2808 510 2854 τελεταῖς
546 2806 801 2855 frequentata
832 2806 899 2843 su—

162 2865 238 2902 isse
276 2863 465 2912 videtur,
512 2863 724 2916 peculiaris
764 2869 899 2901 tamen

162 2922 281 2961 fuisse
325 2921 491 2961 videtur
527 2922 596 2961 illa
623 2921 809 2960 doctrina
850 2921 899 2960 de

946 1815 1121 1854 bibenda
1142 1821 1232 1853 ante
1255 1815 1431 1853 reditum
1458 1814 1593 1853 Lethe.
1640 1828 1678 1853 v.

950 1874 999 1912 de
1023 1875 1121 1926 Rep.
1142 1875 1194 1923 X,
1224 1887 1265 1925 p.
1294 1874 1389 1916 765.
1408 1873 1489 1911 Frf.
1521 1888 1557 1925 p.
1583 1875 1680 1914 621.

950 1932 994 1971 A.
1023 1931 1160 1984 Steph.
1241 1931 1492 1983 ingeniosum
1541 1931 1682 1981 utique

949 1997 1245 2039 commentum,
1300 2003 1392 2027 eum
1431 2003 1538 2027 nova
1583 1989 1682 2038 vita,

950 2063 1055 2087 nova
1078 2049 1268 2097 infantia,
1300 2048 1478 2086 ineunda
1499 2047 1561 2085 sit.
1596 2047 1682 2085 An—

947 2113 1121 2146 terotem
1142 2121 1232 2145 cum
1250 2107 1410 2145 inversa
1424 2106 1555 2144 facula
1575 2119 1683 2144 non-

948 2166 1049 2204 nulli
1083 2165 1135 2203 ad
1160 2164 1239 2203 hoo
1268 2165 1400 2217 ipsum
1434 2165 1578 2215 dogma
1600 2177 1684 2202 non

949 2225 1051 2262 male
1081 2223 1378 2271 traduxerunt,
1419 2223 1492 2261 etsi
1524 2222 1556 2260 is
1584 2236 1685 2275 pro-

949 2283 1035 2335 prie
1067 2281 1118 2320 ad
1151 2281 1297 2319 amoris
1325 2281 1566 2320 oblivionem
1595 2293 1685 2333 spe-

950 2341 1100 2380 ctabat.
1126 2354 1164 2379 v.
1184 2339 1305 2379 Ovid.
1329 2339 1373 2378 A.
1395 2339 1559 2378 Remed.
1589 2339 1685 2381 551.

956 2413 1040 2450 sqq.
1087 2397 1167 2452 (-—
1188 2398 1406 2436 reducta
1438 2399 1577 2445 vallis,
1610 2397 1635 2434 i.
1653 2409 1686 2435 e.

954 2458 1087 2496 sinum
1107 2457 1300 2506 efficiens3
1329 2455 1413 2495 vid.
1431 2457 1524 2494 Not.
1545 2454 1598 2493 ad
1617 2455 1687 2493 Ge.

952 2516 1000 2565 II,
1036 2517 1152 2565 163.;
1181 2515 1251 2553 ubi
1272 2527 1372 2565 quae
1394 2513 1612 2568 disputavi,
1643 2526 1688 2550 ea

953 2588 1064 2612 nunc
1094 2573 1244 2625 egregie
1273 2573 1434 2611 firmata
1468 2572 1587 2611 video
1615 2584 1688 2624 per

952 2633 1093 2671 Silium
1114 2631 1240 2679 XVII,
1277 2634 1367 2672 63.:
1399 2631 1596 2682 „Campos
1614 2644 1689 2682 pa-

957 2690 1058 2729 riter
1090 2690 1291 2739 vallesque
1329 2688 1535 2727 refusas
1574 2688 1689 2728 Lito-

956 2761 1082 2798 raque
1106 2747 1333 2799 implerat.“

1016 2804 1112 2847 704.
1144 2805 1326 2855 virgulta
1350 2806 1539 2842 sonantia
1561 2804 1689 2845 silvis,

958 2863 1067 2901 Inter
1098 2863 1233 2915 plures
1262 2862 1425 2913 modos,
1457 2862 1601 2913 quibus
1623 2876 1692 2900 ac·-

959 2922 1102 2974 cipias‚
1148 2921 1400 2974 probabilior
1431 2927 1491 2960 est
1521 2919 1608 2970 hic,
1646 2924 1693 2958 ut
