1779 3420
136 195 237 244 576
501 190 1304 242 EXCURSUSVII

134 323 266 361 doniis
288 323 503 370 Priamus,
538 335 628 360 cum
658 321 826 359 Tithono
840 350 850 368 ,
880 321 1058 358 Hesione
1082 325 1122 358 et
1144 320 1248 369 aliis,
1280 319 1446 357 Priami
1464 318 1662 366 Helenus,

138 380 377 431 Deiphobus
394 410 404 428 ,
463 382 614 427 Paris,
662 381 841 427 Hector,
910 378 1092 427 Troilus,
1153 379 1311 416 Polites
1356 382 1431 414 etc.
1516 376 1663 423 Ilione,

141 439 315 486 Creusa,
351 438 559 486 Laodice,
599 436 859 484 Cassandra,
896 436 1104 486 Polyxena
1136 442 1211 474 etc.
1252 435 1299 473 cs.
1332 435 1422 472 Nor.
1458 433 1509 472 ad
1540 433 1667 486 Apol-

136 496 323 545 lod.1n,
362 498 422 536 12.

502 742 1085 802 EXCURSUS
1170 742 1302 798 VH

633 847 726 890 De
793 846 1166 904 Harpyiis.

257 955 320 1004 ΙΙΙ,
352 957 436 996 209
458 967 541 1005 sqq.
602 954 670 991 De
696 955 900 1005 IIarpyiis
924 953 1056 991 sabula
1078 953 1377 1005 antiquissima,
1409 952 1556 1006 quippe
1588 954 1668 992 iam

140 1013 316 1052 Hesiodo
342 1012 545 1063 Theogou.
569 1014 654 1052 267
680 1018 924 1060 memorata,
956 1025 1035 1063 qua
1054 1014 1217 1049 meteorl
1236 1012 1300 1050 vel
1319 1013 1539 1062 procellosi
1563 1015 1670 1050 venti

139 1085 263 1124 genus
298 1071 463 1121 aliquod
509 1069 676 1108 dearum
715 1070 846 1120 specie
880 1069 1058 1108 induisse
1100 1069 1295 1108 videntur
1322 1069 1441 1122 primi
1466 1069 1670 1108 homines:

139 1130 249 1168 unde
272 1143 363 1167 cum
383 1128 489 1167 Iride
509 1142 529 1165 e
551 1126 806 1166 Thaumante
831 1133 869 1165 et
892 1129 1050 1166 Electra
1075 1134 1194 1166 natae
1217 1128 1469 1180 serebaQtur:
1497 1128 1597 1169 ibid.
1629 1135 1670 1166 et

140 1187 328 1240 Apollod.
351 1188 380 1236 I,
402 1190 440 1236 2,
463 1189 502 1228 6.
562 1186 663 1223 Data
687 1185 783 1224 hinc
809 1188 1004 1238 Harpyia
1040 1186 1232 1237 Podarge
1264 1186 1307 1224 in
1335 1186 1563 1239 coniugium
1592 1187 1669 1224 Ze-

139 1246 273 1299 phyro
294 1259 357 1297 ap.
377 1245 542 1283 Homer.
568 1243 683 1282 Iliad.
716 1260 758 1293 π,
789 1244 891 1293 150,
923 1244 993 1283 ubi
1023 1257 1066 1282 ea
1097 1243 1326 1298 βοσκομένη
1360 1247 1529 1298 λειμῶνι
1558 1242 1668 1298 παροὲ

142 1302 240 1357 ῥόον
267 1299 487 1344 Ὠκεανοῖο
521 1300 720 1355 (adeoque
750 1302 921 1341 monstri
951 1303 1113 1352 similis,
1150 1303 1258 1341 dicta
1302 1309 1439 1341 tamen
1483 1303 1579 1352 dea,
1621 1309 1669 1341 ut

143 1362 346 1411 Echidna,
385 1359 559 1413 Typhon
598 1366 638 1398 et
674 1358 742 1413 al.)
772 1361 930 1412 peperit
961 1359 1150 1413 Zephyro
1181 1360 1395 1399 Xanthum
1421 1361 1670 1412 Baliumque,

141 1420 306 1459 Achillis
328 1433 471 1471 equos:
502 1419 617 1458 suavi
650 1425 899 1469 commento,
941 1419 993 1456 ad
1021 1419 1268 1458 celeritatem
1297 1432 1495 1471 equorum
1521 1419 1671 1457 horum

144 1478 445 1518 declarandam.
506 1476 689 1515 Allusum
710 1483 844 1515 autem
870 1477 919 1515 ad
952 1477 1121 1515 eandem
1144 1478 1321 1517 fabulam
1347 1478 1390 1516 in
1425 1478 1493 1515 illa
1525 1491 1670 1516 narra-

141 1538 265 1586 tione,
296 1550 375 1588 qua
399 1535 489 1588 equi
514 1536 554 1573 in
581 1535 785 1573 Lusitania
809 1549 859 1573 ex
878 1535 1058 1574 Favonio
1080 1536 1290 1589 concipere
1307 1542 1553 1575 narrantur:
1582 1549 1669 1588 sup.

143 1596 194 1634 ad
214 1595 284 1634 Ge.
308 1595 373 1644 ΙΙΙ,
392 1597 487 1637 273.
548 1593 612 1631 Ad
632 1594 803 1645 priscam
831 1594 939 1631 illam
962 1594 1256 1646 Harpyiarum,
1286 1601 1492 1646 tamquam
1522 1601 1671 1633 vento-

141 1667 256 1703 rum,
299 1667 345 1691 ac
376 1651 668 1705 procellarum,
708 1652 913 1690 notionem
947 1658 1102 1704 spectat
1141 1653 1305 1703 antiqua
1330 1652 1523 1703 loquendi
1550 1652 1669 1701 ratio,

143 1726 223 1763 qua
241 1711 291 1760 ii,
322 1711 390 1762 qui
415 1715 685 1759 evanuerant,
710 1712 837 1748 ventis
857 1713 970 1761 rapti
989 1710 1203 1761 dicuntur3
1235 1710 1399 1749 tandem
1418 1711 1545 1749 forma
1568 1723 1669 1762 poe—

143 1770 226 1808 tica
255 1769 375 1807 etiam
403 1783 490 1817 res,
536 1776 653 1816 vota,
692 1782 832 1818 preces
874 1782 894 1804 a
934 1769 1067 1807 ventis
1098 1769 1297 1808 seruntur.
1358 1769 1538 1820 Ulyssem
1568 1769 1670 1807 mari

143 1828 336 1866 iactatum
359 1822 528 1880 ἅρπυιαι
546 1822 826 1879 α’νηρείψαντο
844 1825 988 1877 Odyss.
1010 1843 1047 1875 α,
1067 1827 1164 1877 241,
1194 1833 1242 1865 ut
1271 1827 1367 1865 alias
1400 1822 1671 1879 ἀναρπάξασα

143 1882 301 1926 θύελλα
311 1883 454 1938 ’Ώχετο
475 1884 628 1936 φέρειν.
688 1884 818 1922 Multo
838 1884 960 1935 magis
977 1885 1186 1923 manifesta
1206 1898 1270 1923 res
1302 1899 1352 1923 ex
1373 1885 1517 1937 Odyss.
1547 1901 1585 1933 v,
1614 1887 1669 1927 77

145 1949 376 1996 comparato
396 1957 434 1982 v.
457 1945 525 1984 63.
549 1945 601 1983 66
624 1940 691 1994 (cf.
710 1941 897 1980 Eusthat.
921 1942 971 1980 ad
992 1943 1060 1980 illa
1085 1942 1217 1997 loca),
1249 1944 1318 1981 ubi
1349 1942 1546 1982 Pandarei
1568 1942 1670 1981 filias

147 2001 215 2056 (de
239 2001 383 2053 quibus
402 2014 441 2039 v.
462 2000 514 2038 ad
535 1999 718 2052 Apollod.
738 2014 778 2052 p.
800 1999 901 2053 843)
921 2001 1129 2039 evanuisse
1148 2015 1199 2039 ex
1216 2001 1427 2040 hominum
1451 2007 1670 2053 conspectu

147 2061 351 2099 declarare
379 2059 541 2098 volebat
578 2065 716 2109 poeta:
762 2055 900 2110 Τόφρα
933 2056 976 2099 δὲ
1004 2057 1076 2107 τοὶς
1107 2055 1264 2112 κούρας
1282 2057 1484 2111 “Apamea
1508 2055 1671 2111 ἀνηρεί-

144 2129 293 2171 ψαντο.
324 2132 364 2157 v.
396 2118 511 2156 Paus.
542 2117 595 2165 X,
621 2119 676 2159 30
705 2130 766 2168 pr.
825 2119 1027 2167 Sequutus
1057 2116 1137 2155 hoc
1171 2124 1230 2155 est
1255 2118 1471 2171 Sophocles
1499 2116 1669 2155 Philoet.

149 2180 260 2220 1120
274 2198 324 2205 ——
344 2178 465 2218 1122.
490 2174 621 2228 (1092
637 2197 685 2202 --
700 2173 757 2228 4.)
800 2175 995 2212 Latonam
1016 2176 1236 2228 ap.Hygin.
1256 2177 1281 2215 s.
1303 2176 1397 2219 140.
1428 2177 1539 2215 Iovis
1559 2177 1670 2213 iussa

147 2243 287 2273 ventas
317 2235 457 2286 aquilo
486 2232 692 2270 sublatam
718 2232 777 2270 acl
812 2234 1056 2283 Neptunum
1092 2235 1273 2285 pertulit.
1337 2235 1383 2273 In
1417 2233 1670 2285 sequioribus

148 2293 276 2346 poetis
303 2292 405 2330 mira
431 2291 589 2330 fabulae
617 2291 810 2341 varietas,
853 2290 932 2329 hoc
960 2298 1044 2342 est,
1082 2305 1198 2344 saepe
1236 2299 1276 2331 et
1315 2307 1338 2330 a
1369 2293 1506 2331 multis
1535 2291 1670 2330 sabula

148 2356 323 2388 tractata
344 2356 385 2388 et
405 2364 480 2401 pro
506 2349 698 2399 cuiusque
715 2349 872 2401 ingenio
899 2350 965 2388 vel
996 2357 1232 2402 argumente
1263 2357 1408 2389 ornata
1438 2357 1477 2389 et
1501 2350 1668 2388 variata.

149 2409 327 2447 Primum
346 2407 712 2459 Argonauticorum
730 2407 945 2459 scriptores
976 2408 1026 2446 de
1054 2409 1243 2460 Harpyiis
1267 2409 1543 2447 narrationem
1572 2405 1671 2459 (Or-

148 2465 363 2518 phicorum
397 2472 534 2503 tamen
569 2471 712 2502 auctor
746 2478 832 2502 eam
865 2465 1014 2520 omisit)
1045 2467 1328 2513 intexuerunt,
1369 2473 1409 2504 et
1438 2465 1601 2517 quidem
1628 2464 1671 2502 in

150 2523 290 2562 Phinei
317 2523 499 2562 historia.
561 2523 701 2573 Itaque
731 2522 866 2560 adhuc
899 2523 941 2560 in
970 2523 1156 2576 Apollon.
1187 2524 1236 2573 II,
1274 2526 1354 2565 178
1381 2537 1465 2575 sqq.
1495 2525 1581 2565 232
1612 2535 1670 2573 sq.

151 2582 309 2634 copiose
328 2587 541 2619 tractatam
560 2580 720 2629 videas;
751 2593 825 2618 nec
846 2594 929 2618 non
952 2581 996 2619 in
1018 2583 1146 2621 Valer.
1166 2582 1224 2619 Fl.
1249 2581 1314 2630 IV,
1340 2580 1422 2622 425
1448 2594 1531 2632 sqq.
1567 2580 1671 2618 adde

151 2639 337 2692 Apollod.
362 2640 390 2687 1,
415 2641 454 2687 9,
481 2643 531 2682 21
554 2651 657 2688 sqq,
691 2637 760 2675 ubi
780 2639 830 2676 cf.
852 2638 943 2676 Not.
971 2653 1009 2691 p.
1041 2642 1121 2681 190
1156 2652 1214 2690 sq.
1240 2646 1281 2677 et
1309 2638 1349 2677 h.
1378 2640 1404 2677 1.
1432 2641 1544 2677 Serv.
1579 2651 1671 2676 eum

151 2699 344 2749 Pompon.
366 2697 455 2734 sab.
515 2696 621 2734 Hinc
648 2695 714 2732 alii
738 2701 878 2746 poetae
908 2696 992 2734 aliis
1023 2698 1286 2749 argumentis,
1329 2703 1376 2734 ut
1408 2697 1447 2735 h.
1475 2698 1502 2735 l.
1538 2696 1671 2747 Virgi-

151 2756 229 2794 lius
248 2754 434 2803 Aeneidi,
466 2767 551 2792 eam
568 2753 744 2791 fabulam
762 2753 988 2804 inseruere,
1020 2761 1060 2792 et
1083 2755 1196 2793 exiis
1222 2754 1385 2805 quidam
1414 2755 1488 2803 ita,
1530 2760 1578 2792 ut
1606 2755 1672 2792 in-
1733 2770 1736 2775 ·

152 2814 255 2852 iuste
293 2814 494 2852 factorum
535 2810 724 2857 ultrices,
764 2817 971 2860 tamquam
1000 2812 1115 2851 Diras
1147 2826 1193 2850 ac
1226 2813 1390 2863 Furias,
1422 2812 1672 2861 exhiberent,

152 2878 201 2911 ut
218 2871 258 2910 h.
278 2871 303 2909 l.
328 2870 529 2912 255—7.
559 2875 599 2906 et
627 2869 737 2920 apud
762 2869 951 2920 Apollon.
981 2871 1073 2922 Arg.
1101 2871 1148 2920 Il,
1173 2870 1368 2909 Phineum
1399 2872 1673 2917 ulciscuntur,

153 2929 223 2970 ubi
241 2943 278 2969 v.
301 2931 384 2971 289
405 2933 500 2967 sunt
519 2925 616 2976 Διὸς
631 2923 774 2976 κύνες,
807 2932 854 2965 ut
870 2930 1007 2983 Κῆρες
1028 2935 1125 2968 sunt
1142 2925 1277 2970 Ἀΐδαο
1298 2926 1420 2978 κύνες
1450 2929 1514 2978 lv,
1553 2928 1673 2971 1665.
