1811 3388
1523 217 1623 264 665

1524 340 1626 388 450

350 206 757 259 AENEIDOS
794 207 933 257 LIB.
970 208 1058 271 IV,
1096 210 1390 260 442—454

192 339 331 383 Tum
354 350 483 383 vero
505 331 686 381 infelix
706 332 823 381 satis
847 332 1087 381 exterrita
1104 332 1245 382 Dido

120 407 351 454 Mortem
374 412 513 462 orat3
552 401 731 451 taedet
759 402 895 450 coeli
921 419 1150 451 convexa
1177 403 1326 452 tueri.

123 476 244 534 Quo
266 473 430 536 magis
452 473 724 537 inceptum
747 481 987 537 peragat,
1036 471 1323 538 lucemque
1346 471 1626 539 relinquat,

123 541 291 603 Vidit,
330 542 628 590 turicremis
658 558 825 607 quum
847 541 987 590 dona
1010 542 1295 606 inponeret
1319 543 1431 605 aris⁷

122 611 490 674 (Horrendum
513 610 678 676 dictu)
704 610 879 660 latices
902 611 1200 675 nigrescere
1221 627 1410 675 sacr05‚

213 737 282 773 450
307 741 391 771 Cum
413 737 522 772 wall.
571 738 655 770 Mox
679 736 777 783 fatis
809 739 968 772 exercita
992 738 1088 771 Dido
1114 738 1322 772 emendabat
1347 739 1569 773 Marklandus
1594 739 1629 773 in

121 784 231 829 Epist.
253 785 336 818 Crit.
358 797 392 829 p.
414 787 491 821 117.
538 786 643 817 Facis
661 785 809 829 aliquem
838 787 999 818 exerceri
1027 785 1206 829 eleganter
1235 786 1302 818 dici
1333 798 1400 818 non
1430 799 1553 831 neges3
1580 789 1631 820 sic

120 833 166 872 V,
190 833 258 867 725
281 841 368 865 nate
386 832 512 864 Iliacis
533 832 689 864 exercite
702 831 817 877 jat1'53
846 839 878 865 et
903 832 993 864 bene
1021 832 1146 876 aliquis
1172 833 1326 865 adversis
1356 833 1491 866 casibus
1522 847 1630 867 vexa-

122 885 177 910 tus
198 885 232 911 et
253 879 422 911 exercitus
447 879 544 910 vitae
564 879 679 922 capiat
705 879 827 911 taedia
848 887 902 911 tot
924 879 1021 911 mala
1041 891 1257 926 perpessae,
1283 886 1320 911 ut
1339 881 1432 923 apud
1451 881 1630 914 Tibullum

124 932 177 957 est
210 927 267 966 ΙΙΙ,
304 927 337 966 2,
364 927 398 959 7.
444 925 629 957 Enimvero
652 933 804 958 nectam
837 925 970 957 diutina
987 925 1075 957 mala
1099 933 1242 970 experta
1265 933 1338 958 erat
1365 926 1477 967 Dido,
1505 935 1540 959 et
1565 941 1630 960 ex-

123 973 255 1004 territa
285 971 467 1014 imaginem
494 972 546 1003 rei
576 970 678 1004 affert
711 972 818 1004 multo
859 973 1030 1016 aptiorem
1061 972 1106 1004 ad
1133 973 1327 1005 faciendam
1354 973 1572 1006 mirationem
1595 981 1630 1006 et

124 1015 304 1061 ἔκπληξιν.
354 1020 522 1051 Dicuntur
551 1018 686 1050 scilicet
717 1025 752 1050 et
772 1018 823 1050 illi
850 1020 1031 1058 exterriti,
1069 1018 1127 1063 qui
1155 1019 1369 1051 consternati
1399 1019 1513 1052 subito
1536 1028 1629 1053 metu

122 1065 178 1097 vel
200 1066 318 1109 quovis
344 1078 423 1098 casu
444 1071 558 1097 mente
579 1064 707 1097 deiecti
736 1072 771 1097 et
791 1065 932 1097 alienati
952 1064 1143 1105 insaniunt,
1170 1065 1223 1097 vel
1243 1066 1320 1109 qui,
1346 1066 1425 1098 dum
1443 1066 1629 1108 insaniunt,

123 1111 283 1144 monstris
312 1120 345 1144 et
367 1111 465 1144 furiis
487 1118 675 1143 terrentur.
722 1110 869 1156 Proprie
894 1112 937 1144 de
961 1111 1125 1144 armentis
1145 1111 1290 1144 vidimus
1318 1113 1446 1156 Georg.
1466 1115 1522 1153 ΙΙΙ,
1550 1114 1628 1152 149,

123 1158 213 1191 adde
231 1158 316 1191 ibid.
333 1171 362 1191 v.
380 1158 449 1192 434
477 1165 510 1190 et
540 1164 612 1190 not.
643 1158 686 1190 ad
717 1170 745 1190 e.
774 1158 797 1190 l.
846 1158 897 1190 De
925 1159 1050 1191 Medea
1079 1159 1214 1191 furente
1230 1158 1347 1192 Valer.
1370 1159 1422 1192 Fl.
1444 1161 1536 1201 VIII,
1562 1160 1630 1195 450

116 1204 222 1250 jugit
239 1206 411 1238 ardentes
430 1206 605 1236 exterrita
632 1212 771 1245 tauros,
801 1216 886 1248 quos
906 1205 1024 1237 videre
1043 1204 1109 1237 sibi
1128 1205 1320 1238 videbatur.
1369 1205 1482 1238 Etiam
1505 1208 1630 1251 proxi-

124 1263 177 1283 me
201 1251 245 1283 ad
274 1257 492 1296 praesentem
521 1250 645 1294 Virgil.
675 1251 788 1283 locum
818 1250 878 1284 inf.
901 1252 991 1291 XII,
1025 1252 1094 1285 660
1120 1254 1241 1284 Amata
1261 1272 1304 1276 —
1329 1253 1460 1285 dextra
1494 1254 1631 1285 Occidit

126 1299 208 1343 ipsa
231 1310 299 1330 sua
318 1299 500 1340 lucemque
529 1296 692 1330 exterrita
707 1296 825 1342 sugit.
874 1299 924 1329 Ita
947 1298 1049 1330 etiam
1078 1298 1183 1331 malis
1203 1300 1361 1331 attonita
1381 1311 1499 1341 mens,
1525 1300 1632 1332 malis

120 1356 324 1390 percussa,
352 1343 480 1388 passim
509 1343 646 1376 dicitur.
739 1345 803 1377 451
831 1356 996 1376 connexa
1026 1346 1148 1377 Franc.
1243 1345 1313 1379 452
1337 1346 1528 1389 lumenque
1549 1353 1630 1378 tert.

126 1391 305 1429 Ilottend„
340 1391 431 1434 quod
464 1396 499 1422 et
526 1390 637 1432 ipsum
666 1389 709 1421 de
740 1390 837 1423 coelo
860 1403 898 1422 ac
931 1391 990 1422 die
1017 1391 1221 1434 tandemque
1253 1392 1296 1423 de
1326 1393 1400 1424 vita
1431 1391 1500 1424 dici
1528 1392 1631 1425 solet.

128 1437 269 1478 (Ennius
300 1449 378 1480 pag.
408 1437 463 1471 53.
491 1436 575 1468 edit.
605 1436 763 1468 IIessel.:
811 1437 1019 1480 „Postquam
1054 1437 1094 1469 lu
1107 1437 1223 1470 mina
1256 1437 1323 1469 seis
1359 1437 1488 1470 oculeis
1521 1439 1631 1470 bonus

125 1484 237 1516 Ancu'
261 1483 438 1526 reliquit.“
463 1483 522 1515 ubi
541 1483 610 1516 vid.
630 1483 783 1515 Column.
810 1483 899 1515 adde
918 1484 1059 1527 Forbig.
1082 1484 1126 1516 ad
1142 1484 1280 1516 Lucret.
1298 1485 1355 1523 III,
1382 1484 1461 1518 541.
1491 1491 1526 1517 et
1548 1487 1630 1518 Not.

127 1530 171 1562 ad
199 1531 277 1571 XII,
314 1531 369 1565 62.
401 1531 496 1571 Wr.)
546 1529 655 1563 Vides
694 1536 835 1573 poetam
870 1529 1047 1574 vulgarem
1089 1536 1285 1573 ‘temporum
1324 1532 1631 1575 consequutionem

126 1575 219 1608 haud
249 1588 368 1609 curare
387 1602 395 1616 ,
438 1588 524 1619 quae
554 1583 664 1608 esset:
707 1588 777 1620 quo
813 1578 928 1621 magis
957 1586 1155 1622 perageret
1187 1586 1221 1609 et:
1253 1578 1493 1621 relinqueret,
1530 1579 1631 1611 vidit.

128 1622 244 1666 (Ratio
266 1623 366 1665 huius
390 1628 582 1655 structurae
603 1622 690 1654 haec
715 1629 788 1654 est:
825 1634 916 1666 „quo
943 1623 1052 1667 magis
1080 1623 1255 1667 inceptum
1276 1631 1438 1666 peragat,
1466 1636 1516 1656 eo
1550 1624 1631 1656 im·-

126 1668 345 1713 pellitur,
379 1669 497 1712 quod
526 1669 648 1701 vidit.“
680 1687 724 1692 —-
767 1669 845 1704 453.
872 1669 997 1702 Medic.
1029 1671 1243 1708 turicrzltzz's,
1276 1670 1339 1701 sed
1367 1670 1481 1702 media
1512 1672 1526 1704 i
1554 1670 1587 1702 in
1613 1684 1632 1703 e

126 1722 264 1747 mutata.
292 1715 388 1756 Wr.)

129 1763 163 1806 (a
182 1774 225 1794 m.
244 1774 296 1807 pr.
328 1761 422 1806 IVr.)

127 1885 222 1917 sunt.
274 1878 440 1917 Homeri
487 1878 593 1932 ῥίζαι
640 1880 849 1932 διηνεκεῖς.
897 1895 975 1932 per
1002 1885 1076 1918 etc.

127 1936 223 1978 448.
243 1951 361 1974 curae
384 1942 479 1974 sunt
498 1936 615 1974 animi
635 1938 851 1975 aestuantis

127 2000 281 2043 motu33
323 2000 364 2031 at
401 1995 592 2031 lacrimae
620 1995 782 2032 Didonis
812 2001 851 2033 et

128 2051 278 2089 Annae.
309 2052 356 2089 cs.
376 2052 510 2089 Burni.
531 2049 590 2103 (et
607 2052 653 2090 V.
674 2053 715 2089 L.
739 2051 849 2104 er.)

188 2108 440 2149 450—473.
482 2108 600 2145 Hune
627 2110 759 2146 locum
790 2110 850 2146 sa-

133 2165 205 2201 cile
226 2165 330 2202 inter
349 2165 590 2202 felicissimos
609 2172 649 2202 et
670 2166 851 2203 elabora-

131 2222 303 2259 tissimos
343 2222 596 2259 referendum
628 2236 708 2260 esse
743 2224 851 2260 arbi-

131 2285 231 2316 tror.
289 2278 493 2329 Praesagia
519 2280 586 2316 illa
615 2286 654 2317 et
683 2286 851 2330 ostenta,

132 2336 357 2387 superstitio
380 2336 430 2373 ad
449 2336 598 2374 animos
615 2338 725 2388 gravi
739 2351 851 2375 moe—

131 2406 223 2432 rore
238 2394 438 2444 perculsos
465 2399 545 2432 tam
574 2395 852 2432 accommoda-

132 2457 188 2498 ta,
220 2451 367 2502 egregie
387 2451 454 2489 hic
473 2459 850 2502 commemorantur,

132 2515 402 2559 temperanter
418 2515 552 2546 tamen
576 2523 620 2546 ac
637 2510 850 2561 pudenter,

135 2579 224 2603 cum
247 2567 337 2603 alias
357 2573 495 2617 poetae
516 2567 558 2603 in
579 2567 625 2604 iis
654 2567 852 2605 luxuriari

134 2623 309 2673 soleant3
339 2624 466 2662 inulto
492 2625 613 2675 magis
636 2625 786 2662 somnia
812 2638 850 2662 v.

135 2679 397 2729 465-468,
434 2694 533 2730 quae
564 2694 614 2718 ex
644 2682 851 2720 recondita

135 2735 341 2774 hominum
380 2738 490 2787 gravi
523 2751 712 2777 aerumna
748 2740 852 2777 afssi-

137 2799 295 2830 ctorum
334 2794 608 2833 observatione
644 2803 738 2834 sunt
779 2797 851 2834 de-

136 2857 305 2901 promta.
345 2852 407 2887 Nil
431 2852 602 2890 divinius
622 2854 714 2890 illis:
748 2868 853 2890 sem-

130 2921 279 2958 perque
306 2909 475 2959 relinqui
496 2910 592 2946 Sola
616 2910 693 2947 sibi
705 2940 716 2959 7
750 2925 853 2947 setti-

481 1714 551 1750 454
575 1716 669 1748 dieto
692 1715 780 1748 Gud.
811 1728 829 1748 a
851 1728 894 1748 m.
916 1728 969 1761 pr.
995 1728 1026 1749 v.
1052 1717 1165 1748 Burm.
1215 1716 1350 1749 dictum
1373 1716 1496 1760 fragm.
1516 1717 1631 1751 Vatic.

1134 1880 1243 1919 Inter
1277 1880 1467 1919 adversae
1498 1882 1631 1920 fortu-

907 1951 980 1977 nae
1005 1933 1196 1975 b'eneficia
1224 1939 1372 1977 referre
1407 1940 1511 1977 forte
1536 1954 1632 1991 pos—

908 1996 960 2032 sis
992 2001 1032 2032 et
1061 1994 1160 2043 hoc,
1193 1996 1302 2046 quod
1331 1996 1472 2033 talium
1497 2011 1633 2035 rerum

910 2066 955 2090 ae
977 2052 1116 2090 talium
1136 2053 1175 2089 in
1200 2053 1325 2103 poetis
1344 2054 1523 2091 locorum
1541 2068 1632 2091 sen-

909 2123 994 2147 sum
1018 2116 1058 2146 et
1089 2110 1305 2147 dulciorem
1331 2109 1475 2148 habeas
1506 2118 1545 2148 et
1572 2111 1633 2148 al—

909 2167 1064 2204 tiorem.

968 2223 1063 2265 450.
1089 2221 1303 2273 451.fillis
1319 2226 1512 2272 exterrita,
1531 2238 1631 2262 con-

911 2286 1086 2317 sternata
1117 2286 1156 2316 et
1188 2286 1318 2317 niente
1350 2281 1501 2319 deiecta
1520 2282 1633 2319 malis

911 2337 1007 2374 suis:
1047 2350 1146 2386 quae
1186 2337 1342 2376 doctius
1378 2338 1475 2388 sata
1515 2339 1633 2387 dixit,

909 2395 1053 2446 quippe
1074 2395 1150 2431 iani
1170 2402 1288 2433 certa.
1323 2397 1423 2433 cons.
1445 2396 1515 2435 inf.
1538 2395 1633 2437 464.

909 2466 947 2490 v.
986 2452 1077 2489 Var.
1115 2452 1220 2490 Lect.
1266 2461 1352 2490 orat
1398 2454 1633 2504 exquisitius

910 2523 1028 2560 quam
1043 2515 1165 2560 optat,
1181 2510 1392 2548 desiderat.
1422 2512 1523 2548 coeli
1539 2526 1634 2548 con-

910 2582 1035 2613 vexa,
1066 2572 1112 2604 ut
1135 2580 1218 2618 sup.
1240 2568 1319 2605 Ecl.
1344 2567 1409 2617 IV,
1441 2570 1507 2611 50.
1545 2569 1634 2606 Pri-

910 2638 998 2661 mus
1033 2625 1168 2662 Cicero
1203 2625 1243 2662 in
1277 2625 1430 2662 Arateis
1467 2638 1504 2663 v.
1540 2625 1634 2667 314.

910 2695 1027 2719 usum
1069 2681 1179 2719 hunc
1225 2683 1423 2720 invexisse
1459 2683 1634 2731 videtur,

910 2753 1005 2777 mox
1037 2739 1187 2789 placuit
1216 2740 1390 2789 Virgilio,
1424 2740 1569 2778 Ovidio
1599 2746 1636 2776 et

912 2796 1005 2833 aliis.
1040 2795 1206 2847 (Ennius
1228 2811 1266 2847 p.
1290 2800 1384 2838 327.
1413 2798 1504 2835 edit.
1533 2797 1634 2834 Hes-

913 2854 1001 2890 sel.:
1065 2854 1201 2901 „Caeli
1242 2854 1419 2904 ingentes
1461 2854 1634 2892 sorni—

913 2913 1048 2960 ces;“
1096 2910 1204 2960 quod
1245 2910 1445 2962 improbat
1478 2911 1636 2960 Ciccro3
