1811 3388
339 246 751 301 AENEIDOS
790 246 932 294 LIB.
970 246 1060 307 III,
1100 248 1396 295 286—300
1542 249 1641 297 485

192 380 289 428 Hic
309 373 631 426 incredibilis
650 389 835 422 rerum
856 370 999 420 fama
1021 378 1246 436 occupat
1271 370 1424 434 auris,

121 446 425 499 Priamiden
445 444 717 493 Helenum
741 443 919 492 Graias
941 456 1165 504 regnare
1186 456 1287 506 per
1304 440 1465 503 urbiS,

123 517 384 580 Coniugio
422 513 682 565 Aeacidae
708 511 894 577 Pyrrhi
917 511 1248 577 sceptrisque
1270 511 1524 576 potitum,

119 591 186 638 Et
207 587 378 653 patrio
405 582 824 635 Andromachen
854 583 1050 632 iterum
1073 581 1288 629 cessisse
1313 581 1522 631 maritO.

121 656 413 723 Obstupui3
454 655 702 721 miroque
721 655 1000 703 incensum
1021 659 1208 717 pectus
1231 667 1433 714 amore,

122 726 441 793 Conpellare
463 726 660 788 virum,
702 733 754 773 et
776 740 921 772 casus
945 736 1271 785 cognoscere
1292 729 1481 772 tantos,

118 796 446 862 Progredior
464 804 649 862 portu,
689 794 863 843 classis
886 802 938 843 et
960 792 1116 841 litora
1138 790 1413 858 linquens;

1540 445 1641 494 295

1539 796 1642 844 300

190 897 306 943 300.
342 903 616 948 LINQUENS.

211 1030 283 1067 294
317 1032 415 1064 Hinc
444 1031 500 1064 ed.
529 1029 676 1063 Mediol.
778 1028 848 1064 295
884 1026 1172 1071 Priamidenque
1204 1024 1316 1060 Wall.
1367 1023 1492 1069 (urbes
1515 1024 1643 1057 Medic.

124 1080 219 1122 Wr.)
269 1080 401 1113 Versus
421 1078 502 1113 294.
521 1078 555 1113 5.
578 1079 611 1112 7.
637 1076 829 1110 recitantur
848 1075 890 1108 ab
914 1080 1058 1106 auctore
1080 1074 1123 1106 de
1145 1072 1318 1118 progenie
1348 1071 1498 1116 Augusti
1527 1084 1556 1106 c.
1589 1074 1644 1107 10.

118 1129 189 1163 296
215 1126 410 1171 regnisque
424 1138 464 1170 p.
485 1124 585 1158 Leid.
608 1136 664 1157 un.
715 1123 863 1168 (Ifyrri,
899 1121 962 1154 sed
986 1121 1226 1165 superscripta
1255 1121 1297 1162 lz,
1336 1119 1484 1158 Medic.;
1523 1125 1645 1152 contra

120 1173 287 1218 Phyrrln‘
310 1174 384 1205 MS.
407 1172 497 1205 Gud.
517 1185 572 1216 ap.
599 1172 694 1204 Cort.
722 1171 767 1203 ad
789 1171 920 1202 Lucan.
941 1169 1037 1209 VIII,
1054 1167 1135 1203 483.
1167 1168 1261 1211 IVr.)
1312 1166 1349 1200 Si
1366 1178 1486 1199 versus
1503 1167 1586 1200 296,
1608 1166 1643 1200 7.

120 1222 303 1255 abessent:
329 1219 496 1252 maiorem
529 1219 668 1251 videtur
696 1224 806 1262 poeta
831 1215 1053 1248 mirationem
1083 1221 1242 1247 moturus
1269 1214 1396 1254 fuisse3
1434 1213 1538 1246 etiam
1564 1223 1646 1245 mox

120 1268 366 1302 Andromache
383 1279 420 1299 se
440 1266 625 1310 inopinato
647 1264 833 1298 obtulisset
851 1267 1001 1295 Aeneae.
1051 1263 1186 1296 Verum
1207 1262 1270 1294 has
1299 1268 1498 1294 nostrorum
1526 1258 1645 1292 homi-

120 1328 201 1349 num
221 1321 314 1347 artes
338 1314 570 1357 adspernatur
587 1314 698 1345 Maro.
726 1312 810 1355 (vid.
829 1312 914 1343 Not.
936 1310 981 1343 ad
1001 1320 1050 1342 vs.
1069 1310 1149 1344 319.
1181 1308 1275 1352 Ilf'r.)
1369 1309 1439 1343 298
1459 1309 1646 1340 incensum

122 1371 177 1396 est
204 1375 243 1408 p.
271 1361 407 1405 aliquot
435 1361 525 1393 Pier.
574 1361 748 1392 incensus
770 1366 921 1404 pectus,
967 1362 1005 1388 ut
1040 1355 1252 1400 graecismus
1293 1355 1360 1396 sit,
1404 1361 1557 1400 quatuor
1589 1366 1644 1397 ap.

120 1412 234 1442 Burm.
262 1409 363 1453 (quae
383 1407 490 1440 lectio
514 1406 618 1439 etiam
638 1406 667 1438 si
683 1418 765 1438 vera
795 1404 918 1437 haberi
947 1411 1087 1448 posset,
1121 1409 1239 1435 tamen
1271 1414 1342 1435 non
1371 1402 1439 1442 ita,
1474 1401 1645 1445 quemad-

120 1457 262 1490 modum
281 1455 352 1487 vult
371 1455 530 1495 Iahnius,
556 1453 653 1485 locus
677 1451 941 1485 constituendus
964 1451 1078 1482 foret:
1115 1451 1490 1495 „miroque—amore
1506 1473 1514 1487 ,
1542 1450 1646 1480 Com—

116 1504 316 1550 pellare—
329 1510 455 1534 tanco-5·
474 1500 702 1546 Progredior
714 1505 890 1546 portu,ut
902 1497 1122 1542 compellare
1141 1503 1176 1529 et
1195 1508 1417 1542 cognoscere
1433 1495 1608 1540 pendeant
1627 1506 1646 1526 e

116 1550 353 1597 progredior.
387 1549 482 1590 ll'r.)
534 1560 657 1580 amore
689 1555 743 1580 esc
773 1545 934 1578 Parrhas.
973 1544 1055 1588 (vid.
1092 1545 1134 1584 Q.
1164 1545 1208 1576 V.
1240 1545 1323 1583 XV,
1352 1545 1383 1577 1.
1415 1549 1449 1574 et
1474 1543 1506 1576 9.
1546 1541 1644 1585 lVr.)

119 1599 190 1632 299
221 1608 422 1641 agnoscere
437 1597 527 1628 Ven.
624 1594 694 1628 300
718 1594 902 1639 Egredior
924 1599 1038 1636 portu
1070 1599 1107 1623 et
1134 1590 1234 1624 Leid.
1284 1591 1422 1623 classes
1451 1601 1493 1621 ac
1520 1588 1645 1621 Hamb.

120 1657 175 1690 pr.
223 1644 448 1688 classemque
467 1650 502 1675 et
522 1640 688 1675 Parrhas.
739 1641 892 1685 (classes
911 1638 1039 1671 Medic.
1070 1639 1166 1681 ΠΤ.)
1218 1638 1345 1683 linquo
1373 1636 1562 1680 Hamburg.
1593 1647 1644 1680 pr.

121 1704 141 1725 a
161 1704 206 1724 m.
227 1702 295 1723 sec.

120 1812 232 1851 lodes
250 1810 303 1848 ad
327 1807 575 1847 Buthrotum
593 1806 703 1859 Epiri
724 1804 857 1843 Chao-

120 1871 238 1908 nibus
265 1867 471 1919 quondam
501 1865 718 1903 habitatae.
755 1863 855 1913 (vid.

121 1929 167 1967 v.
187 1929 231 1967 L.
266 1926 384 1979 Wr.)

914 1810 955 1842 et
975 1804 1026 1842 ad
1054 1810 1256 1842 ornatum.
1317 1801 1530 1854 Tragicum
1563 1800 1648 1852 spi-

913 1862 1037 1901 ritum
1056 1862 1170 1899 facile
1191 1874 1391 1913 agnoscas.
1450 1859 1649 1897 Converte

914 1920 1187 1958 narrationem
1235 1920 1275 1956 in
1326 1918 1490 1967 drama3
1542 1916 1646 1968 finge

913 1978 1225 2016 Andromachen
1258 1977 1417 2014 inferias
1453 1976 1648 2013 ferentem

179 2040 434 2085 296—305.
466 2039 631 2089 Audito,
656 2037 854 2075 Helenum

121 2101 193 2139 has
214 2107 344 2138 terras
363 2106 512 2147 tenere,
534 2098 586 2135 ad
607 2111 698 2135 eum
723 2096 856 2132 visen-

124 2159 220 2196 dum
259 2157 387 2209 pergit
426 2157 598 2204 Aeneas,
638 2153 780 2193 incidit
815 2152 856 2188 in

123 2215 433 2254 Andromachen
482 2214 640 2251 inferias
691 2209 856 2248 Hectori

124 2288 196 2312 suo
226 2274 452 2321 serentem,
495 2271 689 2322 comperit
723 2281 773 2305 ex
811 2280 856 2303 ea

123 2333 311 2370 fortunae
338 2344 472 2376 casus,
504 2343 603 2380 quos
627 2328 693 2366 illa
719 2326 855 2363 subie-

122 2397 209 2437 rat,
242 2395 282 2427 et
311 2401 361 2426 ex
382 2388 535 2426 Heleno
564 2393 656 2425 vate
692 2384 858 2434 naviga-

122 2447 241 2486 tionis
282 2459 374 2484 suae
419 2445 599 2483 ordinem
637 2455 763 2493 usque
807 2441 858 2478 ad

123 2520 248 2544 novas
270 2504 381 2541 sedes
400 2503 439 2541 in
462 2503 575 2541 Italia
606 2499 856 2540 obtinendas.

123 2564 179 2600 De
206 2563 285 2601 hoc
308 2562 453 2600 Heleni
482 2568 520 2599 et
555 2557 858 2598 Andromaches

125 2634 297 2659 occursu
333 2621 374 2658 in
414 2620 537 2671 Epiro
582 2619 628 2657 cf.
678 2618 773 2655 Exc.
806 2616 856 2653 X.

124 2678 374 2716 Mirationem
386 2678 494 2724 facit,
505 2677 702 2715 Helenum
712 2674 856 2712 Troia-

126 2749 220 2774 num
241 2737 410 2773 Graecas
431 2736 549 2773 urbes
571 2741 706 2772 tenere
727 2739 767 2770 et
786 2746 855 2770 re—

125 2807 202 2841 gno
253 2807 297 2830 ac
336 2793 499 2845 coniuge
548 2791 723 2844 Pyrrhi,
787 2790 854 2840 qui

127 2850 286 2888 Troiam
307 2857 526 2898 everterat,
558 2850 733 2902 potitum
760 2860 854 2885 esse.

126 2907 195 2944 Est
214 2906 290 2944 hoc
308 2908 540 2958 Episodium
570 2909 675 2946 inter
708 2906 854 2944 felicis—

126 2965 223 3003 sima
254 2970 293 3002 et
320 2964 560 3016 pulcerrima
588 2965 639 3003 ad
669 2964 856 3002 affectum

914 2043 953 2074 te
977 2037 1136 2084 videre,
1180 2036 1284 2086 finge
1312 2035 1542 2085 loquentem
1573 2045 1648 2071 au—

916 2095 1013 2132 dire.
1075 2095 1114 2132 Si
1132 2093 1362 2145 perveneris
1386 2092 1436 2129 ad
1461 2091 1547 2128 illa:
1577 2099 1650 2127 aut

918 2155 954 2189 si
973 2154 1045 2189 lux
1066 2153 1180 2189 alma
1201 2153 1358 2188 recessi!
1373 2180 1383 2198 ,
1408 2151 1562 2187 IIeclor
1580 2147 1650 2185 ubi

915 2210 1002 2247 est?
1052 2210 1248 2262 palpitare
1289 2214 1429 2259 pectus
1463 2207 1506 2244 in
1558 2205 1649 2244 sinu

915 2268 1078 2305 senties:
1111 2269 1146 2304 si
1165 2276 1208 2304 tu
1229 2266 1370 2304 ambra
1400 2279 1439 2302 es
1458 2294 1469 2314 ,
1506 2262 1576 2300 uhi
1592 2271 1649 2300 est

915 2326 1070 2362 Hector
1089 2339 1198 2362 meus
1213 2354 1223 2373 ‚
1259 2323 1327 2374 qui
1348 2324 1454 2360 inter
1483 2321 1648 2360 umbras

917 2397 1026 2420 nunc
1057 2383 1274 2420 versatur?
1318 2383 1456 2432 patrio
1483 2381 1644 2427 marilo,

916 2440 1091 2478 eiusdem
1122 2440 1304 2491 originiS,
1358 2453 1410 2477 sc.
1440 2437 1648 2476 Troianae.

916 2499 1016 2536 Erat
1060 2498 1236 2536 Helenus
1285 2498 1410 2534 frater
1448 2495 1647 2534 Hectoris.

916 2557 963 2594 In
987 2559 1146 2594 cessisse
1171 2561 1413 2606 argutantur
1445 2554 1649 2604 interpre-

917 2621 976 2652 tes
1015 2621 1108 2666 post
1142 2616 1254 2652 Serv.
1324 2613 1387 2650 Nil
1424 2611 1534 2649 aliud
1576 2617 1647 2659 est,

916 2686 1037 2723 quam
1077 2671 1334 2710 matrimonio
1369 2670 1519 2718 teneri,
1573 2668 1649 2706 ha—

913 2730 1022 2780 beri,
1061 2731 1127 2768 vel
1173 2730 1368 2779 relinqui,
1418 2728 1558 2766 venire
1606 2726 1648 2763 in

914 2794 1156 2840 potestatem
1197 2788 1361 2825 alterius
1399 2786 1490 2824 viri.
1551 2786 1648 2825 298.

915 2861 1092 2884 amorem
1131 2859 1213 2883 esse
1251 2852 1393 2897 poetae
1444 2842 1648 2895 cupidita-

914 2910 996 2942 tem
1039 2910 1079 2941 et
1115 2904 1292 2943 studium
1315 2903 1359 2953 ‚⁵⁶

915 2961 1130 3000 dimittere.

1386 2902 1466 2940 noli
1517 2900 1647 2938 animo
