1779 3420
147 205 249 256 224
563 201 1276 253 EXCURSUSV

147 336 226 374 iam
248 333 314 372 alii
342 340 382 373 et
410 348 541 388 nuper
566 335 624 374 Ill.
654 333 823 373 Homius
855 332 896 370 in
918 331 1111 371 Element.
1132 333 1270 372 Critic.
1328 332 1419 371 Non
1446 337 1583 369 tamen
1606 331 1680 369 de-

147 395 259 433 fuere
291 393 370 432 iam
404 394 499 432 olim
535 394 606 444 qui
642 391 920 431 defenderent.
981 391 1059 428 Sed
1093 391 1462 430 Grammaticorum
1494 396 1682 429 veterum

147 452 349 493 levissima
381 457 440 490 est
465 452 584 501 ratio,
614 457 663 489 ut
692 450 866 487 alterum
895 448 946 486 ad
971 448 1164 499 Aeolum,
1195 450 1368 488 alterum
1387 454 1578 500 respectu
1598 446 1680 486 Ae-

148 524 267 560 neae,
300 510 458 549 dictum
483 511 547 548 sit.
606 508 820 547 Artificum
849 513 984 545 autem
1001 537 1011 556 ‚
1042 507 1187 558 quibus
1211 508 1332 546 animi
1352 514 1488 546 motus
1514 507 1556 545 in
1580 506 1683 544 deo-

148 584 243 610 rum
271 583 340 608 ore
363 569 420 607 ita
449 573 545 606 sunt
572 565 848 619 exprimendi,
894 578 944 602 ne
975 565 1133 617 placida
1166 567 1343 604 numinis
1373 566 1558 604 maiestas
1586 563 1684 603 inde

149 629 360 668 minuatur
373 658 383 677 ,
423 626 606 678 exemplo
628 631 668 663 et
688 623 868 671 ratione,
901 622 953 661 ad
972 637 1093 674 quam
1111 625 1304 676 Spencius
1323 630 1541 676 provocat,
1574 622 1683 662 tueri

149 693 313 741 poetam
339 686 475 724 nolim.
537 684 636 722 Nam
667 682 827 721 diversa
856 687 916 719 est
946 682 987 719 in
1017 681 1079 719 his
1104 683 1277 734 poetices
1309 689 1348 720 et
1369 682 1555 735 plastices
1580 681 1683 720 ratio

153 752 274 798 atque
295 743 465 783 indoles.
524 742 676 780 Plastes
705 741 810 778 enim
835 740 899 779 vel
920 739 1055 791 pictor
1086 741 1189 779 iram
1216 741 1335 778 etiam
1367 740 1513 793 placidi
1542 740 1684 779 vultus

153 804 380 856 exprimere
399 806 552 854 potest3
595 807 635 838 et
657 799 697 838 in
726 798 904 852 Neptuni
929 812 998 836 ore
1019 799 1121 837 iram
1144 799 1200 837 ita
1220 799 1328 851 pingi
1351 812 1485 851 posse,
1527 805 1575 837 ut
1595 797 1685 850 pla-

154 863 235 901 cidi
265 861 405 900 vultus
426 858 592 909 vestigia
616 872 697 896 non
726 857 848 895 modo
869 863 1082 907 maneant,
1114 872 1259 896 verum
1287 858 1405 895 etiam
1426 858 1553 909 ipsam
1581 856 1686 894 iram

153 925 382 972 temperent
402 924 441 956 et
462 917 664 968 mitigent,
695 929 812 954 nemo
841 915 1017 954 dubitat.
1079 916 1229 955 Verum
1252 922 1390 968 poeta,
1423 929 1515 953 eum
1536 916 1684 966 gravi-

154 989 212 1018 ter
239 986 481 1016 commotam
514 982 554 1013 et
580 976 798 1026 placidum
837 974 1039 1025 sigillatim
1067 988 1195 1013 unum
1229 981 1321 1027 post
1349 975 1524 1012 alterum
1556 972 1686 1025 ponit,

156 1037 326 1077 diversis
348 1035 470 1073 animi
492 1047 652 1072 sensum
683 1047 729 1070 ac
755 1033 1051 1071 eontrariaium
1073 1047 1212 1072 rerum
1239 1033 1476 1085 imaginibus
1505 1030 1686 1083 impellit,

157 1096 338 1146 adeoque
364 1094 537 1131 alterum
569 1093 697 1130 altero
719 1092 917 1130 subeunte
942 1091 1108 1143 iugulat.
1140 1092 1319 1141 Dixeris,
1351 1107 1457 1129 nnnc
1488 1103 1570 1128 esse
1586 1090 1688 1140 pla-

156 1155 316 1203 cidum,
348 1166 439 1191 eum
470 1157 588 1189 antea
612 1151 751 1188 suisset
768 1152 952 1201 graviter
973 1159 1209 1188 commotas.
1273 1149 1395 1201 Atqui
1427 1148 1525 1187 nihil
1554 1148 1689 1186 evenit

156 1212 276 1261 novi,
305 1225 386 1262 quo
414 1210 610 1262 placatior
636 1208 753 1247 reddi
776 1208 975 1260 potuerit:
1020 1209 1180 1247 viderat
1199 1223 1306 1247 mare
1326 1208 1556 1257 turbatum3
1588 1220 1688 1259 pro-

156 1271 275 1324 spicit
305 1276 344 1307 et
372 1268 484 1308 videt
514 1268 720 1306 disiectam
754 1268 908 1304 Aeneae
935 1267 1120 1306 classem:
1158 1267 1255 1318 quid
1285 1268 1326 1305 in
1358 1266 1438 1304 hoe
1466 1272 1575 1313 erat,
1608 1278 1688 1315 quo

158 1328 376 1368 exhilarari
403 1328 566 1379 posset'?
608 1326 814 1365 Meliorem
836 1327 1035 1364 rationem
1065 1340 1110 1363 ac
1144 1326 1250 1364 viam
1279 1323 1523 1363 defendendi
1547 1329 1689 1375 poetae

158 1386 446 1440 suppeditabat
466 1386 719 1423 Brandesiu-s·
734 1414 744 1432 ,
779 1383 851 1423 Vir
871 1398 1073 1432 summuS,
1105 1384 1254 1423 artium
1274 1385 1583 1433 litterarumque
1612 1396 1689 1433 po·-

158 1447 338 1485 litiorum
361 1444 539 1496 egregius
570 1444 744 1488 arbiter,
779 1456 872 1480 eum
903 1449 942 1480 et
967 1443 1060 1494 ipsis
1083 1444 1209 1496 poetis
1235 1456 1321 1481 eam
1344 1444 1470 1493 legem
1498 1440 1690 1492 scriptam

160 1512 199 1543 et
221 1505 270 1542 ab
289 1504 466 1542 Homero
491 1500 614 1555 (utin
634 1502 720 1554 ipso
743 1501 932 1552 Neptuno
956 1501 1099 1553 Odyss.
1124 1517 1153 1549 ε,
1186 1504 1270 1543 282
1289 1500 1392 1555 sqq.)
1415 1507 1455 1538 et
1476 1505 1689 1551 praestan-

160 1564 312 1603 tissimo
335 1574 495 1613 quoque
532 1566 649 1612 poeta
677 1560 934 1598 observatum
967 1573 1049 1597 esse
1091 1560 1261 1608 diceret,
1303 1566 1351 1598 ut
1385 1559 1622 1610 dignitatem
1651 1563 1692 1595 et

163 1622 406 1662 maiestatem
428 1620 596 1658 deorum
617 1618 738 1656 etiam
756 1618 798 1656 in
819 1618 879 1656 ira
903 1618 966 1656 vel
994 1619 1258 1656 exsultatione
1288 1619 1417 1656 aliove
1439 1616 1585 1654 affectu
1605 1615 1690 1653 ani-

163 1681 217 1720 mi
248 1684 479 1726 servarent,
518 1677 632 1728 eique
663 1676 859 1714 hactenus
891 1677 1169 1726 consulerent,
1198 1690 1248 1714 ne
1269 1677 1410 1714 faciem
1443 1681 1513 1713 aut
1532 1675 1589 1712 ira
1619 1680 1691 1711 tu-

164 1745 339 1778 mentem
369 1743 441 1775 aut
468 1736 616 1774 rictum
652 1734 848 1773 cachinno
871 1735 1108 1784 diductum,
1141 1735 1362 1786 legentium
1389 1733 1521 1771 sensui
1542 1732 1692 1771 obiice-

163 1803 268 1837 rent.
332 1796 461 1834 Etiam
494 1794 537 1832 in
572 1794 670 1832 illis:
729 1794 838 1843 Quos
870 1808 944 1844 ego
969 1816 1022 1822 —
1045 1795 1118 1831 secl
1142 1802 1324 1844 praestat
1355 1791 1554 1845 placidam
1583 1791 1692 1828 illam

165 1856 230 1894 dei
258 1854 507 1893 maiestatem
534 1866 554 1889 a
582 1858 699 1904 poeta
731 1865 812 1889 esse
838 1851 1055 1903 proditam.
1115 1852 1339 1902 Tamquam
1361 1850 1537 1890 numinis
1558 1849 1693 1900 itaque

165 1913 377 1966 proprium
402 1911 566 1950 omnino
588 1910 819 1948 habendum
841 1923 922 1947 esse
933 1910 1152 1961 placidum
1168 1919 1314 1961 capul,
1347 1908 1458 1960 quod
1479 1913 1518 1946 et
1533 1908 1693 1960 placato

167 1980 207 2011 et
228 1973 332 2010 irato
357 1970 547 2009 convenit
566 1983 612 2007 ac
630 1975 779 2018 manet,
811 1968 989 2019 adeoque
1008 1967 1047 2006 h.
1070 1969 1093 2006 l.
1123 1969 1222 2006 mari
1243 1968 1376 2006 efferri
1397 1967 1517 2005 etiam
1540 1967 1589 2004 ab
1609 1965 1692 2004 ira-

166 2037 222 2070 to.
284 2029 363 2068 Sed
391 2042 465 2066 nec
487 2027 626 2076 video,
666 2040 791 2078 quare
814 2029 996 2078 graviter
1020 2035 1240 2064 commotus
1273 2027 1321 2065 de
1349 2026 1460 2078 gravi
1492 2039 1539 2063 ae
1568 2023 1694 2063 vehe-

168 2095 302 2127 mente
321 2088 402 2136 ira,
435 2100 512 2138 qua
534 2086 834 2134 exardesceret,
866 2091 1073 2137 acceptum
1103 2085 1163 2124 sit.
1226 2086 1295 2124 Est
1324 2084 1429 2123 enim
1458 2083 1559 2122 nihil
1584 2081 1695 2120 aliud

168 2162 310 2200 quam,
366 2145 476 2197 quod
507 2144 742 2196 Neptunus,
792 2157 885 2181 cum
919 2150 1052 2181 ortam
1085 2144 1240 2193 subito,
1280 2144 1421 2196 ignota
1454 2142 1504 2180 de
1542 2154 1693 2187 caussa,

168 2211 446 2258 tempestatem
477 2203 684 2250 sensisset,
733 2202 791 2241 rei
830 2202 1022 2240 miraculo
1052 2203 1258 2241 turbatur.
1330 2203 1400 2241 Est
1434 2199 1694 2239 Homericum

170 2264 401 2318 συγχυθείς.
464 2261 586 2299 Ell'ert
604 2261 740 2311 itaque
761 2266 883 2312 eaput
910 2274 1047 2308 suum,
1080 2261 1221 2310 vultu,
1254 2274 1333 2312 quo
1353 2272 1434 2298 esse
1457 2259 1571 2308 solet,
1595 2258 1695 2309 pla-

169 2325 260 2361 cido
276 2353 286 2371 ,
321 2321 389 2372 qui
410 2320 474 2358 dei
495 2333 577 2357 esse
602 2321 713 2357 solet.
774 2319 904 2357 Aliam
932 2319 1227 2357 dubitationem
1257 2321 1387 2357 facere
1409 2317 1554 2369 possit,
1586 2313 1696 2366 quod

171 2380 350 2433 Neptuni
377 2385 418 2416 et
447 2379 603 2416 animus
633 2385 673 2416 et
700 2392 743 2415 os
774 2384 894 2428 atque
926 2378 1086 2426 vultus,
1119 2377 1450 2430 mythologorum
1480 2389 1526 2413 ac
1553 2380 1696 2427 poeta-

171 2454 262 2478 rum
286 2451 495 2485 consensu,
519 2437 654 2488 paullo
669 2436 835 2484 tristior,
854 2435 1074 2473 iracundus
1096 2442 1134 2473 et
1161 2443 1301 2474 torvus
1320 2435 1549 2480 exhibetur,
1573 2431 1697 2470 adeo-

172 2511 249 2549 que
264 2496 480 2548 placidum
502 2504 626 2545 eaput
646 2494 680 2532 ei
700 2500 859 2545 praeter
883 2500 1072 2531 naturam
1099 2494 1225 2532 tribui
1244 2493 1419 2532 videtur.
1479 2491 1606 2530 Multa
1632 2489 1699 2527 liic

173 2556 252 2594 dici
284 2559 473 2607 possunt,
503 2567 594 2591 nam
633 2552 672 2590 in
704 2552 852 2589 talibus
882 2550 1079 2589 disertum
1108 2566 1154 2590 ae
1187 2552 1352 2590 doctum
1383 2563 1466 2589 esse
1491 2564 1572 2588 non
1598 2547 1698 2586 adeo

173 2614 335 2653 difficile
356 2618 436 2661 est,
467 2611 536 2649 sed
559 2612 631 2648 etsi
655 2610 831 2661 Neptuni
856 2609 1059 2659 ingenium
1081 2617 1121 2648 et
1148 2625 1191 2648 os
1211 2608 1256 2650 τό
1279 2612 1473 2661 μειλίχιον
1491 2608 1596 2646 Iovis
1616 2620 1698 2644 non

174 2685 330 2724 semper
360 2670 508 2708 habere
537 2669 656 2717 solet,
696 2675 829 2705 tamen
861 2667 936 2704 ista
966 2668 1104 2705 vultus
1130 2668 1318 2716 tristitia,
1353 2680 1432 2718 qua
1459 2679 1480 2702 a
1500 2666 1593 2704 Iove
1615 2664 1699 2702 dis-

174 2731 379 2775 cernitur,
408 2742 489 2766 non
521 2727 571 2764 ad
593 2727 693 2764 iram
713 2740 759 2763 ac
787 2727 966 2763 furorem
993 2727 1186 2777 assurgit,
1217 2726 1285 2763 sed
1312 2731 1373 2763 est
1392 2723 1531 2763 vultus
1549 2722 1699 2762 severi-

172 2796 258 2838 tas,
300 2787 425 2826 barba
455 2785 589 2838 paullo
623 2783 860 2836 hispidiore‚
913 2798 1026 2821 coma
1062 2785 1194 2822 minus
1224 2790 1377 2832 comta,
1430 2782 1565 2820 fronte
1601 2794 1701 2819 con-

175 2853 320 2886 tracta.
380 2845 420 2882 Si
454 2850 588 2882 autem
612 2848 823 2894 poetarum
850 2841 939 2879 loca
968 2848 1086 2890 sunt,
1126 2842 1169 2879 in
1199 2843 1344 2893 quibus
1379 2840 1461 2879 oris
1489 2838 1702 2878 truculen-

175 2906 232 2944 tia
251 2911 322 2943 aut
344 2903 463 2941 animi
489 2901 657 2940 saevitia
680 2900 816 2952 paullo
846 2899 1037 2950 insignior
1058 2900 1092 2937 ei
1112 2900 1333 2949 tribuitur,
1370 2898 1618 2947 videndum,
1652 2909 1702 2934 an

176 2970 296 3018 poeta
341 2975 424 3001 non
476 2960 613 3014 potius
652 2958 794 3009 maris,
845 2958 958 2996 cuius
998 2958 1214 3011 imperium
1261 2958 1360 2998 deus
1397 2956 1540 3006 habet,
1592 2956 1703 3006 inge-
