1779 3420
200 234 301 281 410
608 225 1331 277 EXCURSUSV

198 361 390 414 expedita
430 361 517 399 fore
556 360 721 399 videtur
761 355 992 408 responsio,
1035 356 1066 392 si
1099 355 1341 403 viderimus,
1381 355 1447 406 qui
1485 354 1548 392 alii
1591 362 1729 407 poetae

197 427 357 459 veteres
388 419 564 458 fabulam
599 419 648 456 de
678 419 905 454 Laocoonte
935 414 1173 461 tractarint,
1207 420 1247 451 et
1277 414 1473 452 ornarint.

315 479 367 516 Et
397 477 573 529 primum
605 475 764 526 quidem
797 472 909 511 varie
941 472 1104 509 omnino
1137 471 1232 510 olim
1251 485 1270 508 a
1304 472 1425 511 variis
1456 471 1728 509 narrationem

198 535 307 574 hanc
337 548 419 573 esse
445 540 683 581 tractatam,
723 532 788 570 vel
829 543 878 567 ex
909 530 1125 568 serioribus
1165 530 1429 581 scriptoribus
1458 529 1729 580 intelligimus,

198 594 268 645 qui
298 593 402 632 nihil
431 592 539 631 aliud
569 591 706 629 secisse
740 588 938 641 putandi,
971 591 1092 638 quTa‘m
1122 594 1171 625 ut
1201 588 1428 639 superiores
1447 594 1632 626 auctores
1658 594 1730 624 aut

198 652 398 690 serviliter
444 651 705 688 imitarentur
747 653 817 685 aut
870 646 1158 684 exscriberem.
1231 646 1457 697 Exponunt
1496 652 1629 684 autem
1672 646 1728 683 illi

197 711 473 749 narrationem
504 708 553 746 de
584 708 810 744 Laocoonte
842 704 1001 758 copiose
1031 711 1071 743 ct
1102 705 1142 742 in
1173 704 1312 742 multis
1344 704 1514 743 diverse.

316 768 373 805 Ita
396 766 504 818 apud
530 765 727 813 Quintum
748 763 965 801 Calabrum
986 763 1074 813 XII,
1107 762 1357 804 388-409
1388 762 1468 799 iani
1497 768 1600 809 tum,
1637 773 1726 799 cum

197 826 313 864 hasta
349 830 601 878 percusserat
641 824 797 873 Equum
829 822 1038 870 Laocoon,
1078 820 1252 859 Palladis
1296 820 1462 858 numine
1503 826 1612 858 terra
1653 819 1728 857 sub

199 885 283 922 eius
323 883 492 936 pedibus
532 888 746 929 movetur,
792 880 898 918 unde
935 893 1026 918 eum
1066 878 1280 931 repentino
1319 884 1478 917 terrore
1511 877 1729 916 attonitum

199 950 344 994 stupor
376 947 416 979 et
447 937 700 992 ἀναισθησία
732 944 917 990 occupat.
978 938 1075 976 Mox
1107 944 1267 983 tamen,
1300 950 1393 975 cum
1412 937 1552 988 Equus
1574 948 1614 974 v.
1643 934 1728 978 436

200 1006 273 1038 etc.
304 1000 347 1037 in
380 999 521 1037 urbem
561 998 800 1046 duceretur,
850 997 916 1035 ille
948 1011 1030 1035 non
1063 996 1219 1034 desistit
1249 994 1407 1033 hortari
1449 1001 1489 1033 et
1534 994 1728 1032 obtestari

199 1058 416 1107 Troianos,
447 1063 495 1095 ut
525 1070 617 1095 eum
648 1055 954 1105 comburerent3
994 1061 1083 1093 tum
1116 1068 1166 1092 ex
1199 1054 1330 1091 insula
1362 1053 1543 1105 Calydna
1573 1051 1727 1089 Miner-

198 1131 247 1154 va
277 1116 471 1154 dracones
495 1115 680 1164 advocat,
712 1114 793 1165 qui,
826 1113 991 1165 dilapsa,
1023 1126 1126 1164 quae
1153 1112 1305 1160 aderat,
1336 1112 1481 1161 turba,
1513 1125 1553 1150 v.
1577 1110 1729 1152 466-—

198 1177 282 1216 490
319 1174 399 1212 duo
435 1173 674 1212 Laocoontis
716 1173 818 1210 filios
862 1177 1071 1224 correptos
1101 1171 1213 1208 malis
1243 1170 1457 1221 frangunt,
1494 1170 1645 1207 frustra
1676 1167 1728 1205 ad

197 1239 353 1284 patrem
384 1246 527 1270 manus
558 1232 796 1279 tendentes,
843 1231 972 1282 Πατρὶ
1005 1232 1111 1283 φίλῳ
1144 1225 1332 1282 ὄρέγυντε
1359 1225 1428 1275 ἕᾶς
1455 1226 1585 1280 χέρας.
1629 1221 1728 1266 οὐδ’

198 1288 240 1338 ὃς
273 1287 668 1343 α’μύνεινἝΣσθενεν.
730 1289 828 1327 Inde
861 1289 943 1326 duo
978 1288 1195 1335 dracones,
1238 1301 1340 1333 non,
1372 1292 1420 1324 ut
1451 1285 1561 1338 apud
1595 1284 1728 1335 Virgi-

197 1349 318 1397 lium,
350 1348 391 1386 in
422 1349 627 1387 Minervae
658 1348 855 1400 templum
888 1347 929 1384 in
965 1360 1056 1384 arce
1078 1345 1334 1396 confugiunt,
1372 1344 1440 1382 sed
1473 1343 1547 1382 sub
1576 1349 1728 1381 terram

198 1413 464 1456 evanescunt,
496 1408 602 1445 circa
633 1407 829 1459 templum
861 1404 1059 1457 Apollinis
1084 1404 1125 1442 in
1158 1417 1249 1441 arce
1280 1404 1490 1453 Pergamo,
1531 1401 1601 1440 ubi
1628 1400 1727 1438 adeo

197 1465 486 1516 cenotaphium
516 1466 562 1503 iis
593 1466 741 1504 sactum
772 1470 924 1502 narrat.
958 1461 1019 1516 (ln
1051 1463 1138 1514 ipso
1169 1461 1319 1513 temp‘lo
1353 1460 1548 1513 Apollinis
1572 1458 1729 1511 Thym-

199 1524 309 1561 braei
341 1523 442 1562 filios
473 1524 671 1562 interiisse
713 1524 858 1561 Tzetza
890 1528 1087 1560 memorat
1125 1521 1177 1558 ad
1210 1518 1410 1571 Lycophr.
1446 1533 1484 1557 v.
1517 1518 1621 1566 347,
1654 1531 1727 1554 ne-

197 1583 280 1620 scio
320 1597 371 1620 an
410 1582 486 1620 alio
518 1582 575 1620 rei
613 1580 811 1634 auctore.)
873 1580 925 1618 At
964 1586 1080 1632 pater
1125 1579 1251 1618 oculis
1293 1578 1461 1629 capitur.
1522 1576 1727 1614 Hactenus

201 1641 405 1688 Quintus,
437 1641 526 1690 qui,
571 1654 693 1691 quam
725 1640 909 1678 diversus
938 1639 981 1676 in
1011 1638 1149 1676 multis
1180 1637 1251 1683 sit,
1295 1636 1459 1675 obvium
1489 1641 1558 1672 est.
1620 1635 1727 1685 Try-

197 1698 422 1751 phiodorus
440 1698 679 1736 Laocoontis
703 1698 821 1751 plane
840 1698 992 1735 nullam
1013 1696 1255 1734 mentionem
1276 1695 1382 1742 facit,
1414 1693 1476 1731 uli
1496 1706 1570 1730 nec
1589 1693 1727 1742 Dictys

199 1763 241 1794 et
262 1757 393 1795 Dares.
435 1757 488 1794 At
504 1757 687 1808 Hyginus
710 1757 734 1797 s.
774 1757 867 1805 135,
899 1755 1083 1807 proxime
1115 1754 1166 1791 ad
1192 1752 1414 1802 Virgilium,
1446 1758 1603 1803 patrem
1635 1763 1725 1787 cuin

201 1815 290 1853 liliis
321 1821 506 1853 necatum
538 1822 690 1853 narrat.
752 1814 865 1852 Facit
896 1814 949 1861 is,
1012 1813 1086 1851 nisi
1121 1812 1170 1849 ab
1206 1810 1452 1861 exscriptore
1487 1810 1552 1848 vel
1583 1822 1724 1846 excer-

200 1880 315 1925 ptore
347 1880 563 1926 corruptus
604 1879 685 1920 est,
726 1874 995 1910 Laocoontem
1037 1870 1196 1909 Acoetis
1229 1869 1379 1915 filium,
1413 1867 1610 1905 Anchisae
1642 1868 1727 1904 fra«

200 1937 324 1981 trem,
355 1938 395 1969 at
427 1932 642 1969 Antenoris
675 1931 805 1970 filium
834 1930 963 1969 tradit
985 1930 1131 1967 Tzetza
1162 1928 1214 1966 ad
1234 1925 1433 1979 Lycophr.
1457 1926 1555 1968 347.
1607 1924 1727 1976 Apud

200 1990 372 2028 eundem
407 1990 609 2042 Hyginum
646 1991 831 2027 Laocoon
871 1996 931 2027 est
962 1988 1176 2040 Apollinis,
1232 2000 1314 2023 non
1346 1984 1544 2036 Neptuni,
1594 1996 1727 2020 sacer-

201 2048 294 2097 dos,
336 2055 376 2085 ct
414 2055 555 2087 contra
588 2048 670 2086 cius
703 2049 952 2086 voluntatem
986 2059 1156 2084 uxoren]
1190 2044 1329 2091 duxit,
1374 2044 1487 2093 eique
1519 2043 1568 2079 ab
1602 2041 1726 2092 Apol—

200 2107 279 2143 line
312 2107 506 2144 dracones
547 2106 845 2153 innnittuntur3
888 2118 989 2155 quae
1031 2119 1111 2141 non
1152 2102 1373 2140 admodum
1405 2101 1454 2137 ab
1496 2101 1540 2138 iis
1575 2100 1725 2138 discre—

200 2172 320 2217 pant,
367 2179 467 2215 quae
500 2165 664 2202 Servius
693 2164 742 2202 ad
775 2178 813 2202 v.
845 2167 923 2205 201
959 2176 1008 2200 ex
1037 2161 1295 2213 Euphorione
1325 2159 1469 2197 adfert.
1531 2158 1727 2195 Filiorum

199 2237 359 2274 quoquc
388 2224 561 2261 duorum
597 2223 756 2260 nomina
788 2222 897 2272 apud
925 2221 1128 2272 Hyginum
1151 2219 1355 2270 adscripta
1379 2223 1492 2256 sunt:
1525 2218 1596 2267 qm?
1608 2216 1726 2264 fillo-s·

200 2284 284 2318 eins
321 2282 609 2331 :Inlc'pllastlem
641 2289 676 2317 el
724 2279 1021 2331 Thymbraeum
1060 2286 1258 2316 nce-arent.
1315 2282 1354 2313 at
1392 2275 1501 2327 apud
1532 2276 1644 2312 Serv.
1676 2273 1727 2310 ad

203 2353 238 2376 ν.
270 2342 346 2380 211
385 2339 665 2377 Thessandrus
704 2338 921 2375 sdan-onem
953 2343 994 2374 et
1025 2336 1290 2374 Melanthum
1328 2334 1554 2371 nominatos
1587 2331 1725 2369 edidit.

200 2397 344 2443 Quid'?
396 2398 504 2447 quod
547 2403 586 2434 et
625 2397 848 2434 draconum
890 2395 1051 2432 nomina
1092 2398 1335 2440 occurrunt,
1381 2394 1525 2428 [ων-σεε
1563 2389 1726 2439 quidem

201 2455 306 2505 apud
341 2455 537 2506 Lycophr.
568 2469 606 2492 v.
640 2453 736 2501 347,
774 2453 842 2490 ubi
877 2453 1040 2489 'l‘zctzes
1072 2453 1243 2488 alterum
1280 2449 1546 2486 (Vna-[boman
1577 2447 1726 2484 excitat

202 2510 244 2564 (ὅ
286 2510 552 2565 ΙΙόρκης-ή
575 2508 820 2563 Χιιρίβοια),
863 2516 1080 2559 utrumque
1112 2508 1231 2545 ctiam
1265 2522 1313 2543 cx
1345 2504 1580 2556 Lpinuwho
1613 2519 1724 2541 com-

201 2578 397 2607 memorat
427 2571 589 2606 Servius
622 2570 645 2606 l.
678 2583 709 2605 (·.
742 2575 805 2615 et,
845 2568 873 2603 si
915 2567 1027 2603 alteri
1062 2565 1188 2603 Servii
1225 2565 1309 2601 loco
1352 2564 1403 2599 ad
1444 2577 1479 2601 v.
1512 2562 1597 2604 204
1629 2562 1725 2600 lidcs

201 2627 408 2675 habenda,
463 2627 624 2664 nomina
666 2640 709 2661 ca
749 2626 823 2662 iam
866 2624 1083 2674 Sophocles
1134 2623 1175 2660 in
1219 2623 1443 2659 Laocoonte
1484 2621 1724 2671 protulerat.

202 2687 400 2723 Dracones
434 2685 630 2733 ingenioso
670 2684 764 2719 satis
812 2682 1017 2731 'ljiplwmls-
1057 2681 1206 2717 ,soboles
1250 2679 1481 2730 produntur
1514 2692 1534 2714 a
1569 2678 1724 2725 Quinto

200 2759 237 2782 v.
271 2744 366 2785 443.
428 2742 488 2780 Ab
521 2742 658 2778 codem
692 2741 885 2777 dracones
917 2754 935 2775 a
966 2739 1142 2789 Calydna
1176 2743 1459 2782 arcessuntur,
1491 2749 1560 2773 scu
1592 2737 1726 2789 potius

201 2817 218 2839 n
253 2802 455 2852 Calydnis,
489 2798 555 2853 (dc
590 2798 734 2849 quibus
765 2812 803 2834 v.
847 2797 898 2833 nd
939 2797 1123 2847 Apollod.
1167 2810 1202 2846 p.
1252 2796 1371 2837 1125.
1403 2795 1513 2832 lliad.
1544 2796 1581 2846 β,
1624 2794 1723 2846 677)

201 2874 290 2897 cum
325 2858 589 2911 Lycophrona
621 2858 644 2894 l.
679 2870 710 2894 c.
744 2855 812 2907 (ad
846 2868 961 2905 quem
999 2856 1069 2891 loc.
1105 2869 1142 2891 v.
1175 2852 1342 2905 Srhol.),
1374 2866 1476 2903 quac
1509 2853 1611 2891 duae
1632 2859 1726 2890 sunt

199 2919 352 2956 insulae
383 2919 499 2956 iuxta
534 2915 754 2953 'l'cncduim
816 2912 937 2963 Apud
970 2913 1177 2961 Virgilium
1211 2912 1258 2948 ab
1289 2912 1373 2962 ipsa
1406 2912 1567 2949 'l'encdo
1601 2910 1726 2962 prod—

201 2983 316 3024 eunt,
355 2977 392 3014 in
425 2989 504 3027 quo
537 2973 739 3026 Hyginum
771 2971 893 3009 habet
926 2970 1254 3008 consentientem.
