1779 3420
90 204 192 252 882
418 201 472 251 P.
510 201 867 252 VIRGILII
910 202 1286 255 MARONIS

88 325 224 377 Inde
246 326 341 376 ubi
366 343 566 377 venere
595 329 661 378 ad
687 327 868 379 fauces
894 329 1252 394 graveolentis
1275 332 1490 395 Averni,

90 396 314 447 Tollunt
337 414 394 447 se
419 398 646 461 celeres3
679 399 1057 467 liquidumque
1082 418 1182 467 per
1205 418 1325 451 aera
1357 402 1534 452 labsae

91 467 322 518 Sedibus
347 469 538 535 optatis
563 471 777 534 gemina
808 487 971 536 super
1000 471 1192 521 arbore
1215 472 1413 536 sidunt,

87 538 337 589 Discolor
357 539 505 588 unde
528 541 640 589 auri
672 557 771 606 per
793 557 973 589 ramos
997 558 1121 590 aura
1145 541 1368 594 refulsit.

91 609 260 672 Quale
286 609 427 658 solet
452 610 593 659 silvis
614 609 846 659 brumali
879 608 1081 674 frigore
1108 613 1312 662 viscum
1519 616 1624 666 205

87 679 307 730 Fronde
328 680 501 730 virere
531 696 698 744 nova,
740 679 890 746 quod
921 697 1034 730 non
1073 698 1167 731 sua
1193 683 1423 732 seminat
1449 683 1622 745 arbos,

158 780 276 825 201.
295 776 441 837 ΙΝΒΕ,
670 779 786 827 303.
818 789 1057 824 GEMINAE

88 926 186 959 acies
205 925 333 959 Medic.
363 937 383 958 a
404 938 450 958 m.
476 937 532 970 pr.
580 934 749 972 spectare
780 926 925 961 Vratisl.
975 927 1161 973 sequendo
1180 939 1238 972 qu.
1267 928 1397 962 Moret.
1425 928 1537 974 (quod
1559 940 1621 962 ar-

86 973 181 1005 ridet
203 973 345 1007 VVakef.
365 973 409 1005 ad
429 973 570 1007 Lucret.
593 974 618 1013 Ι,
644 975 741 1015 961.;
783 975 846 1007 sed
874 975 1049 1019 ingratum
1072 975 1140 1008 hoc
1172 975 1217 1007 ob
1241 987 1487 1020 praegressum
1513 977 1619 1009 modo

87 1020 208 1053 eadem
227 1019 265 1052 in
284 1020 368 1053 sede
388 1020 563 1053 volando.
582 1021 678 1065 lVr.)
751 1022 821 1057 203
833 1024 1002 1068 geminae
1012 1024 1124 1055 Burm.
1140 1022 1291 1067 recepit,
1311 1031 1349 1056 ut
1362 1030 1479 1057 tamen
1500 1024 1621 1057 mallet

86 1073 272 1111 praeterea
296 1067 386 1112 legi:
411 1069 651 1114 geminaeque
672 1067 739 1101 sub
759 1068 891 1102 arbore
915 1070 1055 1111 sidunt,
1090 1070 1193 1114 „quia
1215 1082 1297 1103 raro
1321 1071 1498 1104 columbas
1516 1071 1619 1104 vide—

86 1126 184 1156 „mus
206 1115 327 1148 arbori
349 1114 563 1157 insidentes,
589 1115 652 1148 sed
674 1116 729 1148 vel
751 1118 786 1148 in
808 1117 906 1150 tectis
924 1117 1063 1150 aedium
1081 1117 1136 1151 vel
1157 1117 1300 1151 hum0.“
1350 1119 1420 1151 Sed
1439 1119 1484 1151 de
1508 1119 1619 1152 silve—

85 1161 215 1194 stribus
251 1162 423 1195 columbis
462 1174 523 1195 seu
552 1162 726 1207 palumbis
768 1170 844 1196 erat
872 1164 1109 1208 cogitandum.
1165 1167 1313 1211 gemina
1347 1178 1460 1210 super
1487 1165 1619 1200 arbore

85 1209 248 1242 Heinsius
277 1216 523 1251 revocaverat,
560 1210 754 1252 librorum,
788 1218 894 1255 puto,
929 1212 1158 1252 auctoritate,
1196 1212 1288 1244 inter
1314 1224 1402 1257 quos
1430 1213 1557 1246 Medic.
1584 1220 1617 1246 et

85 1257 198 1299 Rom„
222 1256 302 1291 add.
327 1257 405 1290 Ald.
435 1268 489 1301 pr.
537 1258 588 1290 Ita
610 1258 717 1290 arbor
745 1258 895 1302 duplicis
926 1259 1039 1292 trunci
1069 1259 1102 1291 in
1125 1271 1308 1292 commune
1333 1260 1493 1293 coeuntis
1512 1260 1617 1293 fasti-

85 1304 178 1348 gium
208 1310 262 1337 est
290 1304 542 1348 intelligendaz
578 1316 667 1350 quae
696 1305 763 1338 hac
791 1305 868 1350 ipsa
898 1306 950 1338 sui
976 1306 1095 1351 specie
1124 1307 1294 1339 notabilis
1317 1313 1352 1339 et
1373 1307 1519 1352 insignis
1542 1308 1618 1340 fieri

84 1357 240 1395 poterat.
290 1353 367 1385 Hoc
385 1352 539 1385 voluisse
562 1352 702 1385 videtur
719 1352 1001 1397 Cunfflghamus,
1038 1353 1097 1398 qui
1117 1354 1162 1386 ad
1187 1355 1226 1387 L.
1255 1357 1299 1389 10
1327 1355 1355 1385 D
1391 1356 1510 1388 arbor.
1539 1356 1618 1388 fur-

84 1398 146 1431 tim
167 1411 259 1432 caes.
279 1407 461 1443 provocat.
511 1399 547 1432 Si
567 1406 682 1432 tamen
702 1400 748 1433 ad
766 1400 915 1433 aliorum
934 1401 1125 1442 librorum,
1155 1407 1193 1434 ut
1211 1402 1373 1445 Longob.
1396 1409 1430 1435 et
1460 1402 1617 1435 nonnul-

84 1445 198 1480 lorum
220 1447 313 1491 apud
335 1448 463 1488 Burm.‚
487 1446 674 1480 lectionem
705 1449 874 1493 geminae
905 1461 934 1483 s.
964 1461 998 1483 α.
1028 1448 1220 1493 respicias,
1252 1449 1439 1482 manifesta
1466 1462 1522 1483 res
1550 1456 1616 1491 est,

85 1493 160 1526 eius
185 1493 479 1539 depravationem
502 1506 579 1527 esse
606 1495 755 1527 alteram
784 1495 899 1537 illam,
932 1508 975 1528 ex
1000 1496 1226 1529 librariorum
1251 1496 1403 1529 sollenni
1427 1498 1463 1529 in
1488 1497 1617 1530 simili-

82 1541 149 1573 bus
185 1540 331 1574 incuria.
379 1543 547 1588 geminae
581 1541 650 1575 iam
685 1543 838 1586 Nauger.
874 1543 1110 1588 praetulerat:
1152 1544 1340 1576 deseruere
1376 1545 1503 1577 iterum
1542 1544 1616 1585 alii,

87 1587 193 1621 etiam
228 1588 395 1633 Angelius
433 1589 467 1621 in
503 1590 594 1622 lunt.
631 1596 667 1621 et
692 1589 860 1633 Egnatius
898 1592 1000 1626 1507.
1042 1590 1199 1634 (Scilicet
1235 1590 1373 1624 librarii
1406 1591 1615 1632 nescientes,

84 1635 168 1680 quid
196 1636 379 1679 gemina
413 1637 520 1669 arbor
553 1636 622 1669 sibi
646 1637 776 1678 vellet,
815 1650 917 1681 quum
945 1650 1029 1671 una
1054 1645 1187 1671 tantum
1213 1646 1460 1682 quaereretur,
1499 1638 1615 1672 duae

83 1689 200 1715 autem
225 1690 345 1716 essent
370 1684 633 1724 columbae,
658 1685 877 1729 scripserunt
902 1687 1082 1730 geminae.
1135 1685 1310 1718 Revocavi
1330 1698 1405 1719 eum
1423 1686 1545 1719 Iahnio
1573 1698 1615 1719 ex

84 1729 228 1773 optimis
254 1730 354 1763 libris
378 1733 544 1777 gemina,
583 1732 676 1776 quod
704 1731 808 1764 etiam
838 1732 874 1764 in
900 1733 1066 1765 Parisinis
1104 1739 1241 1765 exstare
1277 1732 1416 1765 videtur
1442 1734 1614 1774 omnibus,

83 1776 174 1809 bene
201 1777 412 1821 explicatum
439 1778 483 1811 ab
510 1778 663 1822 Heynio.
712 1779 870 1812 Donatus
896 1778 1172 1823 interpretatur:
1207 1791 1321 1823 „quae
1355 1781 1519 1814 frondem
1544 1781 1614 1813 du—

82 1823 212 1868 plicem
245 1824 499 1869 materiamque
533 1826 713 1870 portabat.
726 1829 748 1844 “
816 1827 860 1858 Et
894 1838 977 1858 sane
1008 1828 1178 1872 geminus
1213 1833 1267 1859 est
1309 1827 1485 1860 interdum
1519 1828 1541 1861 i.
1578 1840 1612 1872 q.

83 1869 238 1915 διφυής.
290 1871 362 1904 Sed
386 1883 456 1904 non
481 1878 569 1917 puto
597 1873 642 1905 ob
670 1884 773 1905 unum
799 1873 971 1906 duntaxat
995 1873 1165 1906 ramulum
1191 1885 1332 1907 aureum
1358 1875 1520 1907 arborem
1546 1887 1612 1919 ge—

81 1918 211 1951 minam
244 1925 342 1952 recte
372 1918 558 1964 appellari.
608 1920 734 1952 Potuit
768 1926 887 1953 tamen
921 1922 1069 1966 gemina
1107 1920 1217 1954 arbor
1242 1929 1434 1966 propterea
1460 1923 1613 1955 fortasse

82 1964 175 2007 dici,
199 1966 295 2010 quod
320 1967 479 1999 ambae
504 1966 689 2000 columbae
713 1979 819 2012 super
846 1967 1006 2000 eadem
1032 1967 1229 2001 considunt.
1261 1968 1355 2012 Wr.)
1428 1970 1499 2004 204
1518 1982 1614 2003 auro

83 2013 185 2046 Rom.
210 2019 247 2046 et
270 2025 324 2058 pr.
349 2013 532 2055 Rottend„
564 2014 668 2048 male.
717 2027 813 2048 aura
838 2016 926 2049 auri
950 2022 986 2048 et
1020 2027 1077 2047 res
1113 2017 1158 2060 (v.
1184 2015 1285 2058 Not.)
1323 2022 1359 2048 et
1385 2016 1612 2050 Grammatici

82 2066 225 2093 tuentur
251 2060 346 2106 apud
370 2062 556 2095 Burmann.
651 2062 720 2096 206
746 2064 887 2096 rema-'na
910 2061 1019 2096 arbos
1043 2062 1207 2096 indoctus
1232 2062 1398 2096 librarius
1419 2063 1529 2097 Goth.
1556 2076 1610 2109 pr.

139 2177 398 2222 201—204.
443 2178 577 2218 Arbor
618 2180 751 2218 stabat
779 2180 821 2218 in

80 2236 168 2288 ipsa
188 2237 303 2275 valle.
350 2237 440 2276 Vid.
462 2252 501 2277 v.
529 2240 623 2280 139.
652 2238 821 2276 Sedibus

81 2296 231 2345 optatis
253 2295 476 2347 eleganter,
510 2296 667 2347 arbore,
699 2311 821 2348 quam

88 2353 227 2392 volatu
250 2354 461 2405 petierant.
477 2353 520 2408 (S
534 2367 553 2392 e
568 2354 623 2393 de
636 2370 653 2393 s
675 2362 762 2408 opt
774 2370 820 2393 a-

81 2416 167 2449 tae
223 2411 420 2451 dicuntur
470 2414 635 2465 proprie
654 2444 664 2463 ,
749 2414 819 2452 ubi

82 2482 247 2507 manere
267 2470 472 2522 cupimus;
510 2472 581 2509 sed
608 2486 691 2510 non
712 2478 817 2511 tam-

83 2540 204 2576 quam
232 2534 384 2566 certam
422 2528 574 2579 sedem,
607 2544 728 2581 quam
752 2531 818 2569 vel

83 2584 154 2622 diu
187 2585 251 2623 vel
288 2599 443 2638 semper
473 2593 610 2625 tenere
651 2589 815 2638 vellent,

82 2642 291 2680 columbae
309 2644 408 2681 istae
427 2646 692 2697 occupabant.
733 2647 817 2684 Ita-

82 2713 159 2750 que
179 2704 328 2751 oplalc's
352 2702 403 2739 ad
420 2709 565 2740 votum
579 2704 734 2741 Aeneae
747 2718 816 2742 re·-

81 2758 268 2808 tulerim,
299 2759 366 2808 qui
389 2773 480 2797 cum
501 2760 699 2799 desiderio
725 2775 818 2813 spe—

81 2816 221 2865 rabat,
270 2823 567 2856 monstraturas
610 2819 695 2856 illas
736 2833 818 2857 esse

81 2874 343 2925 significatam
376 2889 398 2913 a
428 2875 580 2928 Sibylla
609 2877 818 2927 arborem3

82 2937 230 2982 optatis
268 2933 389 2984 igitur
423 2933 605 2983 sedibus,
647 2935 671 2973 i.
706 2948 737 2973 e.
768 2949 815 2973 eo

878 2181 981 2230 loco,
1015 2194 1096 2232 quo
1118 2195 1181 2219 eas
1209 2181 1417 2220 considere
1440 2188 1610 2235 optave—

879 2245 945 2278 rat
970 2239 1134 2279 Aeneas.
1169 2241 1284 2291 lVr.)
1355 2242 1450 2278 auri
1486 2255 1607 2290 aura,

879 2298 1083 2350 splendor.
1142 2299 1260 2336 Aura
1289 2298 1339 2336 de
1357 2298 1522 2337 luminis
1541 2312 1610 2337 re·—

878 2357 1160 2395 verberatione
1188 2357 1396 2408 exquisite.
1438 2371 1477 2396 v.
1502 2357 1547 2396 V.
1568 2357 1608 2395 L.

879 2415 932 2453 ad
955 2416 1024 2454 Ge.
1049 2416 1097 2464 II,
1129 2417 1196 2464 47,
1228 2415 1300 2454 ubi
1333 2417 1499 2453 laminis
1531 2430 1608 2453 au-

874 2488 958 2511 rae.
1005 2475 1053 2512 cf.
1071 2473 1111 2512 h.
1134 2474 1160 2513 l.
1182 2476 1295 2513 Serv.
1328 2479 1369 2511 et
1389 2472 1609 2512 Mitscherl.

877 2532 928 2569 ad
948 2532 1091 2571 Horat.
1113 2532 1160 2580 ΙΙ,
1193 2534 1231 2580 8,
1267 2535 1335 2573 21.
1395 2532 1461 2570 Sic
1479 2527 1610 2583 φάεος

876 2585 1010 2642 οἷῦτμὴ
1032 2592 1141 2641 ignis
1156 2590 1351 2640 ficlminei
1373 2604 1489 2639 aura,
1514 2590 1607 2627 Cal-

874 2648 956 2686 lim.
1002 2648 1043 2686 in
1080 2647 1193 2685 Dian.
1244 2649 1325 2688 117
1363 2647 1413 2685 de
1456 2661 1608 2700 vapore

875 2706 997 2756 igniS,
1029 2706 1097 2756 qui
1129 2706 1249 2743 etiam
1283 2705 1439 2756 longius
1471 2706 1607 2744 dissita

876 2763 1025 2801 adurit.
1056 2763 1222 2815 Proprie
1252 2764 1294 2801 in
1327 2763 1452 2801 odore
1473 2764 1608 2803 locuni

875 2820 1008 2858 habet.

932 2879 1190 2920 205-209,
1221 2879 1277 2916 De
1294 2879 1418 2928 visco,
1460 2879 1609 2917 frutice

873 2936 1074 2986 glutinoso
1094 2937 1134 2974 in
1157 2950 1311 2988 querno
1326 2937 1517 2976 arborum
1539 2950 1609 2989 ge-
