1779 3420
131 218 233 269 304

132 342 375 395 Vertitur
396 341 601 390 interea
623 339 864 403 coelum,
905 347 957 388 et
980 337 1086 386 ruit
1111 353 1316 386 oceano
1338 340 1469 402 Nox,

464 217 517 264 P.
555 213 925 265 VIRGILII
963 209 1341 259 MARONIS

1564 341 1668 391 250

131 412 420 464 Involvens
450 411 645 461 umbra
663 426 855 475 magna
880 418 1189 474 terramque
1208 407 1526 474 polumque,

131 481 651 548 Myrmidonumque
677 480 860 540 dolos3
891 477 994 528 susi
1018 494 1117 544 per
1139 480 1359 528 moenia
1386 479 1583 528 Teucri

136 553 489 614 Conticuere3
521 557 688 618 sopor
706 548 876 599 fessos
903 547 1264 614 conplectitur
1291 557 1446 600 artus,

203 627 271 675 Et
287 624 393 672 iam
412 622 601 687 Argiva
621 620 850 688 phalanx
873 619 1140 668 instructis
1164 619 1388 668 navibus
1414 619 1523 669 ibat

134 698 180 745 A
203 692 460 757 TenedO,
498 692 685 741 tacitae
707 708 806 758 per
828 690 997 740 amica
1019 688 1228 739 silentia
1245 689 1407 740 lunae

204 791 308 841 255
346 800 535 852 LUNAE,

230 917 302 952 253
326 916 561 963 amplectitur
582 921 656 948 tres
679 927 734 959 ap.
756 915 871 948 Burm.

1562 692 1667 742 255

967 915 1037 951 254
1061 917 1113 949 At
1141 915 1212 948 iam
1243 926 1312 947 sec.
1342 914 1469 947 Moret.
1511 912 1665 959 falanx,

132 964 319 1012 phalans,
344 963 436 996 male
454 963 490 995 in
510 961 624 995 libris.
679 962 783 995 ibant
801 962 936 1007 aliquot
956 975 1013 1007 ap.
1038 962 1193 995 Pierium
1215 974 1291 995 cum
1317 962 1478 1003 Donato,
1513 967 1549 993 et
1576 972 1666 1004 pro-

136 1013 200 1046 bat
219 1010 396 1044 Heinsius.
447 1009 579 1055 (placet
599 1009 668 1043 hoc
688 1009 795 1042 etiam
818 1010 942 1043 Cortio
963 1010 1007 1043 ad
1026 1010 1157 1042 Lucan.
1181 1011 1241 1050 1V,
1260 1010 1360 1048 336.;
1386 1009 1449 1042 sed
1467 1007 1539 1041 vid.
1560 1010 1603 1049 Q.
1625 1009 1670 1042 V.

136 1060 232 1101 VIII,
255 1056 289 1100 4,
311 1071 341 1091 c.
367 1059 444 1092 Nec
460 1057 545 1090 satis
569 1056 753 1090 commode
781 1056 884 1090 ibant
913 1057 958 1090 de
986 1057 1164 1090 maritimo
1196 1057 1371 1089 exereitus
1395 1056 1531 1089 itinere.
1570 1056 1668 1098 Wr.)

137 1107 208 1142 255
233 1106 346 1139 tacite
365 1105 434 1138 duo
455 1104 565 1137 Goth.
616 1103 763 1149 (Sustuli
794 1117 930 1138 comma
958 1104 995 1138 in
1023 1105 1091 1138 fine
1121 1116 1172 1138 vs.
1201 1104 1382 1150 positum;
1420 1103 1550 1137 rectius
1577 1102 1670 1136 enim

136 1153 227 1187 haec
246 1164 323 1186 cum
341 1151 508 1186 subiectis
530 1151 732 1196 iunguntur.
764 1153 860 1196 ῙΓν.)

135 1260 408 1314 quodcunque
463 1257 687 1298 coronandi
735 1273 872 1311 genus,

136 1319 259 1358 etiam
291 1318 553 1358 victimarum
581 1318 649 1357 vel
679 1319 871 1357 sacerdo-

138 1384 251 1427 tum,
304 1376 533 1429 supplicum
566 1390 748 1428 quoque,
789 1377 872 1415 sola

138 1449 290 1475 corona
310 1436 374 1474 vel
394 1435 525 1473 infula
548 1449 593 1472 ac
618 1435 736 1474 vitta.

195 1495 279 1536 250
290 1515 348 1522 -
359 1494 455 1535 253.
501 1491 681 1532 Vertitur
705 1493 873 1532 coelum.

137 1552 393 1592 circumacto
426 1551 537 1589 coelo
569 1549 641 1603 (ad
661 1551 872 1590 oculorum

138 1609 323 1649 fraudem
341 1608 493 1648 iudicio
512 1609 634 1658 facto,
665 1610 777 1661 quasi
795 1609 876 1648 hoc

139 1668 302 1720 singulis
326 1667 513 1706 noctibus
531 1667 623 1705 fiat:
652 1681 691 1707 v.
706 1668 875 1706 Excurs.

139 1727 175 1766 11
206 1725 259 1764 ad
289 1725 400 1764 hunc
429 1725 610 1776 librum).
674 1726 740 1776 (V
742 1728 880 1764 ertilur

141 1787 291 1823 interea
319 1785 502 1832 caelum,
549 1783 776 1822 Ennianum
798 1783 875 1822 he-

141 1841 409 1892 mistichium3
441 1841 523 1881 vid.
552 1841 729 1881 Macrob.
747 1843 814 1892 VI,
838 1846 875 1884 1.

140 1901 261 1939 Ennii
278 1900 477 1951 Fragmm.
495 1899 556 1938 ed.
581 1900 731 1939 Hessel.
755 1914 793 1953 p.
809 1899 875 1942 64.

147 1957 260 2010 lVr.)
300 1960 378 1996 ruit
407 1957 604 2009 exquisite
641 1973 716 2011 pro
751 1958 875 2006 venit,

141 2016 282 2068 surgit.
353 2015 495 2054 umbra
525 2030 703 2068 magna,
748 2031 787 2056 v.
824 2016 876 2054 ad

139 2075 284 2126 Georg.
297 2073 345 2123 II,
361 2076 456 2116 338.
475 2073 535 2127 (et
554 2075 604 2123 Q.
629 2075 674 2114 V.
686 2074 878 2125 XXXIII,

143 2135 181 2174 8.
199 2138 303 2171 extr.
327 2131 444 2186 W.)
473 2133 783 2184 Myrmidonum
802 2134 853 2171 clo
870 2161 877 2163 -

142 2192 218 2240 los,
240 2204 361 2242 quam
381 2189 584 2242 ingeniose
612 2191 815 2230 adiectum
839 2197 879 2229 et

141 2262 238 2288 vere
251 2249 405 2287 tamen!
425 2263 500 2300 per
522 2252 681 2288 moenia
695 2264 805 2288 nunc
818 2256 878 2288 est

142 2320 215 2359 per
226 2307 367 2346 urbem
391 2306 571 2359 dispersi.
603 2323 724 2359 sopor
735 2308 874 2360 sessos

143 2366 419 2416 complectitur
451 2375 575 2407 arms.
628 2367 717 2405 Non
737 2381 876 2405 niora-

143 2430 214 2461 tur
266 2429 384 2474 poeta
435 2423 477 2461 in
527 2425 877 2464 comissationibus

144 2481 437 2529 Troianorum,
470 2495 568 2532 quas
597 2483 768 2535 adtingit
785 2489 880 2522 tan-

143 2544 234 2576 tum
265 2552 304 2577 v.
340 2539 436 2580 265.
497 2538 551 2577 At
585 2541 679 2579 vide
714 2542 881 2594 ineptias

147 2596 292 2645 Quinti
316 2596 396 2633 Cal.
420 2597 514 2634 XIII
535 2612 595 2649 pr.

203 2654 298 2696 254.
316 2654 412 2697 255.
446 2655 646 2692 Phalanx
666 2654 784 2693 docte
805 2670 880 2708 pro

145 2713 279 2750 classe.
342 2709 450 2764 (Non
481 2725 721 2765 magnopere
750 2714 881 2766 placet

143 2769 340 2824 pedestris
367 2769 576 2809 iunctura:
618 2770 771 2821 classis,
803 2786 880 2810 na·-

144 2828 262 2868 vibus
299 2827 528 2877 instructis,
575 2828 608 2866 it
645 2842 668 2866 a
705 2830 880 2869 Tenedo.

144 2887 196 2925 Et
213 2885 409 2925 eiusmodi
427 2899 524 2924 usus
550 2887 738 2925 vocabuli
762 2888 880 2938 pha-

143 2946 244 2983 lanx
254 2943 367 2983 nullo
378 2950 436 2983 est
445 2944 734 2998 comprobatus
743 2958 881 2986 exem-

930 1259 1013 1313 plo,
1074 1259 1209 1298 Malim
1233 1259 1355 1311 igitur
1377 1258 1568 1312 phalanx
1598 1272 1669 1297 ac-

938 1317 1015 1369 cipi
1035 1331 1110 1369 pro
1141 1320 1358 1367 exercitas,
1407 1332 1582 1368 agmen,
1624 1322 1671 1355 ut

931 1376 998 1425 VI,
1022 1376 1119 1418 489.
1151 1377 1407 1416 constructio
1423 1379 1478 1414 ire
1499 1374 1672 1413 navibus

932 1440 992 1471 est
1012 1434 1185 1487 legitima
1200 1466 1209 1484 ,
1232 1442 1280 1475 ut
1297 1444 1382 1475 rate
1399 1437 1530 1472 venire
1551 1432 1670 1472 Ovid.

932 1493 1040 1531 Fast.
1068 1493 1098 1542 I,
1123 1497 1220 1535 233.
1249 1499 1288 1531 et
1310 1493 1519 1545 projicis-ei
1546 1494 1670 1530 navi-

933 1551 1006 1589 bus
1034 1551 1119 1590 Liv.
1148 1552 1278 1601 XXV,
1310 1555 1377 1596 27.
1409 1549 1560 1605 chlz.)
1603 1558 1671 1588 ta-

933 1611 1038 1648 citae
1062 1624 1141 1660 per
1166 1612 1304 1649 amica
1331 1612 1492 1648 silentia
1524 1611 1672 1646 Lunae

935 1674 1078 1705 ornate
1094 1681 1170 1718 pro
1197 1674 1334 1707 noctu.
1395 1668 1567 1706 *Silentia
1595 1681 1672 1704 ηο-

934 1727 1008 1763 ctis
1037 1739 1153 1778 saepe
1189 1726 1298 1778 apud
1329 1732 1493 1778 poetas,
1531 1724 1672 1763 eadem

935 1785 1087 1833 tacita,
1122 1785 1241 1821 silens
1257 1815 1267 1833 ,
1289 1787 1506 1822 taciturna.
1555 1784 1590 1822 N
1594 1797 1674 1821 unc

933 1841 1121 1893 Virgilius
1175 1844 1339 1881 silentia
1396 1842 1449 1881 ad
1504 1843 1674 1881 Lunam

931 1899 1170 1951 transtulit3
1221 1901 1333 1952 quod
1377 1901 1500 1952 magis
1553 1901 1674 1939 etiam

933 1959 1160 2011 poeticum3
1192 1972 1364 2011 cumque
1388 1961 1551 1998 silentia
1580 1960 1673 1997 Lu-

934 2031 1012 2055 nae
1036 2030 1110 2069 per
1127 2029 1168 2054 se
1193 2017 1272 2056 dici
1292 2025 1403 2057 recte
1420 2018 1576 2071 possint
1596 2031 1673 2070 pro

936 2083 1047 2112 nocte
1059 2105 1071 2126 ,
1103 2074 1188 2113 sive
1206 2076 1319 2114 Luna
1337 2077 1490 2129 fulgeat
1509 2076 1592 2115 sive
1613 2076 1675 2114 la-

935 2138 1044 2183 teat,
1077 2131 1340 2186 (quamquam
1367 2134 1529 2173 latentis
1554 2134 1674 2173 lunae

936 2205 1083 2231 nomen
1104 2206 1178 2244 pro
1199 2199 1317 2232 nocte
1335 2194 1445 2246 apud
1465 2192 1675 2245 Virgilium

936 2250 1099 2301 quidem
1129 2250 1208 2289 dici
1239 2266 1320 2290 non
1347 2252 1522 2291 memini.
1559 2249 1673 2305 Wr.)

932 2314 1054 2361 poeta
1086 2314 1223 2348 tamen
1262 2323 1385 2349 versu
1426 2309 1510 2353 340
1547 2308 1678 2348 oblati

927 2381 1006 2418 per
1020 2369 1189 2406 Lunam
1205 2398 1216 2418 ‚
1250 2368 1345 2406 satis
1367 2369 1589 2407 declarasse
1607 2367 1674 2406 vi—

938 2425 1079 2475 detur,
1134 2438 1175 2463 se
1211 2427 1353 2465 lunam
1391 2441 1482 2466 cum
1516 2425 1675 2465 ratione

939 2483 1145 2536 posuisse,
1190 2485 1383 2536 adoptata
1412 2499 1554 2524 eorum
1585 2484 1675 2536 opi-

940 2542 1082 2591 nione,
1133 2542 1202 2593 qui
1247 2543 1410 2581 Troiam
1452 2543 1674 2596 plenilunio

940 2600 1116 2638 excisam
1134 2599 1401 2639 tradiderant.
1422 2614 1460 2639 v.
1484 2600 1623 2639 laudd.
1653 2614 1674 2637 a

939 2658 1195 2708 Burmanno,
1250 2658 1432 2711 inprimis
1461 2672 1559 2697 vero
1586 2659 1674 2697 Vet.

940 2715 1073 2755 Schol.
1092 2716 1332 2769 Euripideae
1352 2716 1504 2755 Hecub.
1527 2719 1610 2758 913
1637 2723 1676 2755 et

937 2773 1099 2813 Petron.
1133 2776 1209 2825 89,
1238 2774 1305 2817 54.
1343 2776 1410 2818 55.
1470 2774 1676 2814 Praeclare

939 2831 989 2870 de
1008 2831 1048 2871 h.
1068 2833 1093 2872 l.
1113 2833 1193 2884 egit
1220 2832 1357 2871 Burm.
1417 2831 1526 2871 Nihil
1551 2845 1675 2884 expe-

939 2888 1070 2929 dierat
1097 2904 1191 2929 cum
1218 2891 1302 2930 aliis
1323 2889 1509 2930 Parrhas.
1529 2890 1675 2939 QuaeS.

937 2961 1011 3001 per
1045 2949 1159 3003 epist.
1199 2947 1227 2988 1.
1288 2950 1395 2989 Sunt
1430 2962 1524 2989 sane
1558 2949 1676 2988 etiam
