1827 3436
339 222 430 271 DE
472 217 782 269 CARMINE
819 216 1030 266 EPICO
1070 216 1319 266 VIRGIL.
1534 223 1601 269 33

88 368 223 405 esse,
261 364 372 396 non
409 356 591 395 tamen
624 359 814 393 omnes
850 342 1021 408 epicas
1044 357 1299 407 personas
1336 340 1601 391 Achillem

84 419 285 470 referre
319 433 477 482 posse
511 413 856 463 manifestum
890 420 978 463 est.
1053 415 1226 460 Meras
1263 425 1465 476 pugnas
1488 413 1599 459 Ho-

82 488 293 538 mericis
324 485 518 534 similes
548 494 599 533 et
626 482 919 532 belluinam
955 481 1331 529 fortitudinem
1361 480 1441 528 vix
1471 497 1599 545 pro-

82 559 258 606 basset
297 555 549 619 Augustei
581 551 771 602 saeculi
814 551 1105 615 elegantius
1139 559 1191 599 et
1218 548 1432 598 mollius
1463 549 1601 598 iudi-

86 628 239 676 cium.
321 627 458 676 Cum
498 625 674 689 itaque
715 621 938 670 omnino
973 619 1225 669 Aeneidis
1262 618 1390 668 alius
1431 636 1487 668 ac
1521 619 1601 668 di-

83 712 265 745 versus
286 710 502 760 prorsus
523 694 586 741 sit
606 692 875 741 character
891 707 1049 756 quam
1062 689 1252 751 Iliadis,
1270 690 1385 755 quis
1400 705 1512 737 non
1526 689 1602 737 vi-

86 766 176 815 det
202 766 572 830 importunum
589 779 717 821 esse,
742 762 794 809 in
807 759 1046 810 Aeneide
1060 759 1337 824 requirere
1359 775 1436 819 ea,
1464 775 1600 825 quae

83 835 233 885 Iliadi
266 835 369 883 sint
404 833 646 898 propria3
706 831 921 880 easdem
959 830 1265 877 animorum
1302 827 1602 877 inflamma-

83 906 280 962 tiones,
330 912 525 965 aestus,
571 905 948 966 tempestates?
1004 899 1185 947 insunt
1223 898 1447 948 Aeneidi
1489 898 1600 960 alia,

85 991 220 1041 quae
256 973 481 1039 probes3
522 971 708 1037 quidni
744 971 797 1018 in
831 969 912 1017 his
943 969 1276 1034 acquiescas?
1337 968 1445 1017 Sed
1478 967 1598 1016 infi-

83 1046 256 1093 nitum
293 1051 429 1091 esset
466 1041 645 1090 omnia
672 1038 946 1106 persequi,
988 1055 1122 1105 quae
1147 1037 1211 1086 ab
1238 1038 1321 1100 iis,
1361 1038 1450 1104 qui
1476 1037 1602 1087 suh-

83 1114 200 1163 tiles
230 1121 511 1178 poetarum
553 1110 753 1159 iudices
794 1108 962 1157 videri
995 1108 1207 1170 volunt,
1257 1106 1387 1156 dum
1416 1124 1601 1157 rerum

85 1191 421 1247 argumenta,
461 1179 725 1246 exempla,
778 1194 979 1227 caussas
1015 1186 1067 1226 et
1099 1178 1329 1226 rationes
1360 1178 1600 1241 miscent,

85 1263 291 1302 temere
339 1250 621 1299 laudantur
672 1266 728 1297 ac
779 1246 1288 1314 reprehenduntur,
1359 1247 1601 1312 inprimis

88 1323 296 1388 quoties
321 1320 597 1384 Virgilium
623 1329 674 1367 et
700 1322 999 1367 Homerum
1022 1318 1160 1365 inter
1188 1333 1242 1365 se
1275 1326 1598 1382 comparant.

88 1392 194 1441 Sed
227 1391 384 1440 nobis
408 1388 779 1438 retundendus
811 1397 886 1437 est
916 1388 1112 1446 omnis,
1154 1403 1261 1452 quo
1286 1386 1452 1452 abripi
1475 1403 1601 1452 pos-

86 1478 289 1516 semus,
328 1462 571 1525 impetus.
644 1461 828 1523 Itaque
865 1473 965 1504 nec
995 1455 1355 1504 &Varburtoni
1385 1466 1602 1505 senten-

85 1532 212 1579 tiam
242 1530 559 1593 attingemus
572 1534 644 1592 ¹⁶²),
686 1529 774 1593 qui
798 1525 1101 1593 perfectum
1126 1526 1254 1591 reip.
1283 1525 1600 1575 condendae

88 1610 140 1650 et
169 1600 349 1664 legum
385 1598 733 1647 serendarum
770 1596 996 1646 auctoris
1038 1594 1305 1660 exemplar
1333 1595 1386 1643 in
1419 1599 1602 1644 Aenea

88 1669 380 1719 exhibitum
420 1684 530 1717 esse
565 1685 591 1716 a
625 1676 784 1733 poeta
821 1665 1012 1724 voluit;
1062 1665 1307 1730 inprimis
1346 1682 1469 1714 cum
1498 1664 1599 1714 alio

84 1740 204 1788 loco
254 1739 350 1802 (ad
394 1738 505 1787 Lib.
552 1739 647 1800 VI,
689 1739 808 1787 Eine.
850 1740 918 1801 X)
962 1751 1079 1784 eam
1125 1735 1439 1801 opinionem
1486 1736 1602 1784 atti-

84 1826 329 1873 gerimus.

224 1877 474 1937 Aeneidis
507 1884 881 1941 argumentum
914 1878 962 1924 ἰη
994 1879 1247 1940 septimum
1272 1894 1451 1924 annum
1473 1890 1602 1940 pro-

88 1948 231 2009 duci,
284 1949 367 1996 alii
410 1964 531 1996 cum
571 1945 996 2011 reprehensione
1038 1961 1319 1994 monuere.
1400 1947 1602 2009 Perpe-

87 2035 200 2067 ram
244 2018 443 2083 utique.
525 2020 738 2066 Aeneae
793 2031 999 2064 errores
1044 2023 1253 2080 septem
1302 2030 1470 2062 annos
1516 2030 1602 2062 ex-

87 2087 235 2152 plere
256 2087 590 2136 verissimum
621 2094 697 2134 est
724 2090 790 2148 (v.
813 2087 1020 2134 ExcurS.
1047 2086 1096 2133 H
1128 2083 1192 2132 ad
1214 2083 1300 2134 lib.
1321 2085 1432 2146 III).
1493 2082 1602 2132 Sed

88 2158 197 2222 ipsa
240 2157 483 2205 carminis
528 2155 756 2204 narratio
806 2171 918 2203 non
960 2154 1058 2202 nisi
1099 2173 1209 2202 cum
1256 2157 1448 2218 septimi
1486 2157 1603 2201 αηηὶ

89 2237 279 2275 (testate
311 2231 569 2276 exordium
597 2229 744 2274 habet
775 2230 839 2281 (V.
874 2223 1024 2288 ibid.)
1057 2229 1319 2287 eodemque
1346 2242 1474 2271 anno
1512 2226 1602 2270 ab·

87 2301 306 2347 solvitur.
377 2297 494 2345 Pari
533 2311 713 2344 errore
749 2293 1017 2357 Odysseae
1053 2301 1427 2357 argumentum
1463 2301 1600 2355 octo,

88 2382 285 2414 novem
327 2365 410 2414 vel
449 2366 665 2425 decem,
719 2364 867 2412 annis
910 2361 1301 2428 comprehendi
1339 2361 1602 2410 creditum

91 2444 190 2497 est,
229 2452 349 2484 cum
375 2444 555 2484 tamen
588 2433 720 2483 illud
752 2434 885 2481 intra
917 2433 1126 2496 triginta
1159 2448 1247 2480 sex
1278 2429 1361 2480 vel
1392 2440 1602 2496 septem

91 2504 202 2553 dies
225 2505 289 2553 ad
313 2505 507 2553 exitum
533 2503 755 2570 perduci
785 2501 1131 2552 manifestum
1162 2502 1226 2550 sit
1261 2501 1333 2564 ei,
1375 2501 1465 2567 qui
1491 2501 1603 2549 ani-

88 2590 241 2623 mum
275 2573 571 2625 adverterit.

227 2657 382 2705 XVII.
418 2655 591 2704 Multo
624 2654 896 2702 minorem
936 2667 1049 2700 esse
1080 2656 1458 2711 characterum,
1496 2648 1603 2697 hoc

94 2732 194 2786 est,
230 2725 467 2773 virorum
496 2723 642 2773 sactis
675 2740 732 2771 ac
753 2721 1031 2771 virtutibus
1060 2721 1370 2785 insignium,
1409 2735 1601 2767 nume-

92 2808 211 2840 rum
240 2810 297 2842 ac
328 2795 635 2843 varietatem
657 2793 709 2841 in
731 2791 971 2841 Aeneide
1007 2806 1168 2857 quam
1199 2790 1252 2838 in
1278 2788 1441 2838 Iliade
1472 2804 1601 2837 con-

205 2932 238 2980 *)
274 2936 424 2971 Dc'vine
444 2935 645 2984 Legation
676 2934 885 2984 (fillo-ses
916 2934 963 2970 T.
987 2935 1026 2979 l,
1066 2933 1122 2969 B.
1148 2932 1214 2979 II,
1248 2931 1350 2968 Sect.
1381 2930 1464 2967 ll'.

164 2999 367 3050 VIRGIL.
405 3001 546 3050 TOM.
573 3001 634 3050 ΙΙ.
1292 2999 1324 3042 3
