1779 3420
104 257 205 304 404
488 248 1100 300 EXCURSUS
1173 249 1255 298 IV

105 384 286 422 exitium.
345 382 402 420 De
434 382 579 434 quibus
613 380 798 419 omnibus
825 378 1048 428 Homerus,
1099 392 1174 430 pro
1203 378 1349 416 saeculi
1379 378 1441 417 sui
1471 378 1625 431 simpli-

105 442 245 491 citate,
277 454 421 493 parum
449 440 666 488 laboravit,
706 436 839 474 fabula
869 436 979 474 nude
1008 438 1188 489 exposita
1213 436 1358 489 Odyss
1380 437 1415 486 δ,
1435 439 1519 478 ‘272
1541 450 1625 488 sqq.

105 499 160 538 At
185 500 338 551 Virgilii
375 499 570 536 iudicium
611 496 740 535 multo
772 495 896 545 magis
930 495 1149 546 intelligas,
1198 495 1229 533 si
1268 495 1470 543 Quintum
1508 495 1627 532 Cala-

104 558 224 596 brum
261 564 302 595 et
343 556 673 608 Tryphiodoruni
716 565 934 604 compares
1003 553 1059 590 Ut
1093 567 1222 591 unum
1254 566 1626 602 commemoremus,

105 622 241 654 noster
272 629 310 654 v.
335 612 583 658 260—264
615 625 703 660 eOS,
736 610 805 660 qui
835 611 949 661 Equo
982 610 1226 661 insederint,
1257 617 1454 650 memorat
1484 625 1627 650 novem

106 672 174 726 (cf,
207 673 352 725 Hygin.
384 673 409 711 f.
445 670 567 724 108),
620 683 711 707 cum
744 668 947 707 Homerus
982 669 1216 720 simpliciter
1256 667 1405 717 πάντες
1447 665 1627 721 ἆριστεῖς

106 731 283 770 dixisset.
344 731 441 768 Eece
477 729 551 766 tibi
582 728 805 776 Quintum,
847 727 916 777 qui
948 727 1062 776 (XII,
1101 730 1186 770 310
1217 725 1319 781 sqq.)
1354 727 1405 765 ad
1436 729 1623 778 triginta,

104 798 145 828 et
175 788 523 841 Tryphiodorum,
565 787 632 836 qui
668 783 724 837 (v.
762 784 842 825 153
873 784 975 839 sqq.)
1009 786 1088 823 cluo
1115 800 1165 823 αι·
1201 787 1351 836 viginti
1379 797 1626 822 commemo—

104 854 191 898 rat,
232 854 274 885 at
304 847 507 884 cedrenus
541 844 644 881 Hist.
675 843 893 894 Coinpend.
932 857 970 894 p.
1006 845 1082 886 131
1118 844 1147 881 C
1180 852 1355 895 qualuor
1380 852 1417 880 et
1451 844 1625 893 viginti,-

103 913 165 955 et,
213 906 243 943 si
274 905 400 943 multo
435 902 556 953 magis
592 902 834 939 insanientes
865 900 1006 939 audire
1034 900 1168 950 lube-t,
1209 900 1363 953 legendi
1398 901 1543 938 Tzetza
1575 899 1627 938 ad

103 962 303 1016 Lycophr.
335 964 417 1004 930
448 967 488 998 et
518 959 703 998 Eustath.
736 958 786 996 ad
817 958 961 1011 Odyss.
993 963 1026 1008 λ,
1057 972 1095 1010 p.
1119 961 1242 1008 1698,
1280 962 1315 999 1.
1355 959 1402 997 cs.
1443 959 1627 998 Fabrett.

103 1022 153 1060 ad
183 1021 279 1059 Tab.
307 1020 412 1057 Iliae.
445 1034 483 1071 p.
516 1021 612 1059 367.
645 1023 684 1055 et
715 1031 822 1055 nunc
853 1017 992 1056 Iacobs
1025 1016 1076 1055 ad
1107 1016 1356 1056 Posthomer.
1388 1016 1484 1060 642.
1544 1017 1627 1055 Va-

104 1081 161 1118 rie
202 1079 308 1117 inter
338 1077 412 1115 hos
453 1076 669 1128 scriptores
712 1089 875 1126 eorum,
929 1076 997 1127 qui
1037 1076 1151 1125 Equo
1183 1076 1413 1124 latuerunt,
1461 1088 1625 1113 nomina

102 1137 229 1185 tradi,
262 1136 330 1175 vix
360 1149 459 1186 opus
491 1141 550 1172 est
579 1146 755 1172 monere.
818 1134 877 1171 Ex
910 1133 978 1183 iis,
1017 1148 1116 1184 quos
1150 1134 1337 1185 Virgilius
1368 1134 1434 1170 ins.
1459 1133 1505 1182 ΙΙ,
1540 1135 1620 1174 261

102 1210 157 1247 sq.
185 1196 345 1241 recitat,
386 1193 687 1230 Thessandrum
728 1198 768 1229 et
796 1191 1058 1229 Machaonem
1089 1206 1205 1230 nemo
1236 1191 1357 1229 hahet
1389 1191 1510 1240 alius,
1550 1190 1625 1228 nisi

101 1253 245 1305 Hygill.
279 1252 355 1290 sab.
394 1254 487 1292 108.
550 1251 592 1288 ln
629 1251 739 1300 Equo
770 1263 818 1287 ex
849 1263 939 1287 aere
969 1251 1098 1299 sacto,
1149 1251 1216 1301 qui
1253 1249 1422 1287 Athenis
1454 1249 1497 1287 in
1533 1261 1624 1287 arce

101 1312 252 1359 stabat,
282 1309 536 1348 Menestheus
566 1315 606 1346 ot
637 1309 791 1347 Teucer
821 1322 914 1346 eum
940 1307 1082 1345 Thesei
1111 1309 1202 1346 filiis
1237 1307 1559 1361 (Demophoonte
1585 1313 1626 1344 et

102 1367 334 1421 Acamante)
368 1381 416 1405 ex
450 1368 561 1418 Equo
592 1365 912 1419 prospiciebant,
954 1363 1288 1419 ’ὑπερκύπτουσιν
1324 1366 1362 1415 ἐξ
1405 1361 1533 1405 αὐτοῦ
1563 1379 1624 1416 ap.

100 1429 263 1466 Pausan.
285 1428 314 1475 I,
347 1429 414 1474 23,
448 1440 483 1477 p.
507 1425 561 1467 55
595 1425 689 1462 satis
716 1424 908 1473 ridicule,
939 1424 1020 1462 fere
1051 1431 1099 1463 ut
1130 1425 1171 1463 in
1193 1425 1289 1463 Cod.
1323 1424 1448 1462 Vatic.
1481 1423 1626 1471 Quan—

100 1493 188 1525 tum
212 1484 443 1537 ineptierint
473 1484 578 1521 circa
604 1483 715 1520 hunc
744 1483 905 1533 Equum
935 1489 1115 1532 veteres,
1148 1483 1297 1521 scilieet
1325 1482 1422 1520 dum
1453 1482 1623 1520 seriores

100 1550 321 1583 tractatmn
355 1557 375 1579 a
415 1541 690 1593 superioribus
724 1541 852 1592 poetis
892 1548 1173 1591 argumentum
1210 1542 1367 1580 variare
1402 1546 1440 1577 et
1479 1552 1625 1578 ornare

98 1604 309 1650 volebant,
340 1601 477 1638 saltem
513 1613 562 1637 ex
594 1613 639 1638 eo
668 1599 848 1650 colligaS,
880 1599 990 1649 quod
1023 1599 1132 1651 apud
1165 1599 1352 1638 Servium
1379 1599 1431 1636 ad
1458 1599 1504 1647 Il,
1543 1598 1625 1639 150

100 1674 285 1700 mensura
318 1659 420 1710 Equi
449 1659 567 1709 lignei
597 1657 800 1706 traditur3
827 1657 967 1708 finisse
996 1672 1087 1695 eum
1120 1660 1289 1710 longum,
1321 1658 1460 1705 CXX,
1493 1657 1624 1693 latum

101 1720 254 1767 XXX,
289 1718 460 1770 pedesne
489 1730 539 1754 an
567 1717 746 1765 cubitos,
785 1729 867 1753 non
899 1714 1115 1754 adiectum.

444 1996 1109 2061 EXCURSUS
1184 1998 1276 2056 IV

610 2114 713 2158 De
786 2117 1111 2160 Sinone.

213 2230 257 2278 ll,
298 2231 364 2272 57.
397 2231 557 2269 Sinonis
580 2232 741 2272 fraudes
765 2234 883 2271 etiam
910 2234 1102 2283 Quintus,
1125 2230 1447 2287 TryphiodoruS,
1470 2228 1620 2280 Dictys,

99 2286 242 2336 Dares,
272 2289 414 2326 Tzetza
443 2289 645 2328 Posthom.
679 2293 762 2332 680
793 2306 850 2342 sq.
879 2298 1117 2330 memorant.
1150 2291 1295 2328 Datum
1328 2291 1361 2327 ei
1382 2302 1505 2340 genus
1533 2300 1620 2324 ma—

97 2351 257 2382 ternum
295 2360 507 2385 commune
548 2362 638 2386 cum
683 2349 845 2400 Ulysse,
894 2364 985 2387 nam
1025 2349 1130 2387 filius
1171 2347 1316 2386 Aesimi
1351 2348 1448 2394 suit,
1495 2358 1621 2396 nepos

96 2403 310 2454 Autolyci,
350 2405 464 2442 cuius
496 2405 576 2442 filia
611 2406 806 2455 Anticlia,
847 2421 948 2457 quae
984 2408 1161 2459 Ulyssem
1191 2406 1335 2444 edidit:
1379 2403 1511 2442 Schol.
1538 2403 1621 2454 Ly-

97 2458 237 2510 cophr.
269 2460 351 2501 344
377 2468 417 2498 et
439 2463 550 2500 Serv.
576 2464 626 2500 ad
654 2463 693 2501 h.
723 2464 747 2501 l.
811 2465 1011 2502 Videntur
1041 2466 1081 2502 in
1111 2478 1202 2502 cum
1234 2469 1399 2514 poetae,
1432 2460 1500 2512 qui
1529 2461 1620 2498 Ho—

97 2517 264 2555 mericas
298 2518 450 2555 fabulas
482 2528 704 2568 ornarunt,
743 2523 1022 2570 transtulisse,
1073 2536 1174 2572 quae
1206 2521 1255 2558 dc
1284 2521 1424 2571 Ulysse
1456 2524 1619 2557 narrata

97 2575 240 2626 OdysS.
273 2576 307 2624 ὅ,
356 2574 440 2616 244
472 2590 569 2626 sqq.,
612 2578 827 2628 praeivisse
858 2586 993 2617 autom
1021 2580 1205 2617 omnibus
1232 2576 1411 2615 Lesches.
1471 2577 1620 2628 Perpe-

97 2647 183 2671 ram
211 2633 314 2670 enim
346 2646 395 2670 ex
416 2633 609 2672 Pisandro
644 2635 809 2672 duxisse
840 2638 1108 2674 narrationem
1142 2636 1191 2673 de
1222 2637 1373 2673 Sinone
1394 2634 1617 2686 Virgilium,

98 2691 269 2728 tradidit
302 2690 476 2728 Mam—ob.
506 2691 553 2739 V,
588 2696 625 2733 ⁶2.
657 2699 704 2730 ut
733 2706 854 2744 supra
887 2694 963 2731 iam
1000 2695 1183 2731 Excursu
1215 2694 1243 2731 Ι.
1276 2693 1326 2731 ad
1352 2691 1393 2731 h.
1424 2693 1450 2731 l.
1483 2693 1620 2731 decla-

97 2755 232 2787 ratum
268 2755 336 2786 est.
396 2749 542 2798 Utique
575 2750 705 2787 iliadis
737 2764 887 2800 parvae
917 2752 1152 2803 particulam
1190 2751 1463 2789 constituebat
1495 2752 1619 2789 Sinon

98 2807 205 2858 apud
235 2806 398 2845 Aristot.
426 2807 533 2845 Poet.
555 2811 621 2849 23.
653 2806 708 2855 ὥς
736 2806 757 2847 ὁ
786 2807 945 2861 Λέσχης
973 2809 1102 2861 φησὶν
1130 2809 1245 2847 addit
1280 2810 1424 2847 Tzetza
1455 2808 1507 2846 ad
1536 2809 1618 2860 Ly-

98 2864 236 2916 copllr.
281 2864 376 2906 344.
436 2865 497 2902 Ex
538 2865 676 2902 eodem
722 2866 890 2917 repetita
932 2881 994 2905 res
1038 2867 1079 2904 in
1118 2867 1270 2905 Tabula
1312 2867 1428 2905 iliaca
1471 2881 1509 2905 n.
1550 2868 1618 2908 98.

98 2923 218 2974 Apud
257 2923 442 2960 Proetum
479 2922 517 2959 in
551 2929 785 2973 argumento
828 2919 953 2964 Ἰλίου
1007 2925 1196 2977 πέρσιόος
1245 2931 1512 2963 memoratur:
1575 2929 1620 2961 ut

98 2994 205 3018 novo
237 2980 314 3018 hoc
342 2987 578 3031 argumento
604 2981 676 3029 sit,
709 2995 791 3019 non
810 2979 966 3020 Arctini
994 2997 1176 3032 carmen,
1209 2984 1279 3022 sed
1301 2982 1459 3022 Lesehis
1481 2987 1619 3021 extre-
