1811 3388
391 226 800 277 AENEIDos
838 228 978 278 LIB.
1016 229 1108 292 111,
1144 235 1438 285 263-276

1583 241 1680 288 481

154 355 222 402 Et
249 362 448 402 terram
477 351 718 401 altricem
749 353 890 402 saevi
926 370 1264 405 exsecramur
1296 357 1447 408 Ulixi.

154 426 280 472 Mox
306 431 357 471 et
377 425 639 471 Leucatae
664 423 911 472 nimbosa
943 426 1217 475 cacumina
1237 429 1455 493 montiS,

153 495 220 541 Et
244 490 564 541 formidatus
591 493 763 541 nautis
787 494 1022 560 aperitur
1044 496 1255 562 Apollo,

1580 505 1682 553 275

154 565 309 610 Hunc
335 562 571 628 petimus
596 560 746 627 fessi,
781 573 834 613 et
854 581 1050 631 parvae
1072 567 1410 617 succedimus
1433 568 1568 621 urbi.

244 703 314 737 273
340 703 508 736 ultricem
541 703 649 738 Goth.
678 710 759 738 tert.
817 707 919 740 Ulixi
945 705 1068 740 Heius.
1104 714 1140 740 et
1176 707 1213 741 h.
1241 708 1265 742 1.
1294 721 1313 742 0
1342 709 1482 755 scriptis
1509 711 1681 756 reposuit.

151 748 267 794 Vulgo
293 750 426 783 Ulissis
443 751 498 783 vel
531 751 663 784 Vlixis.
713 753 880 795 (l'lt'ssis,
909 760 946 786 ut
967 754 1071 795 solet,
1092 755 1224 796 Palat.;
1250 757 1319 790 vid.
1341 758 1385 790 ad
1404 759 1477 791 Ecl.
1501 760 1594 799 VIII,
1613 762 1681 800 70„

150 802 223 828 tum
246 797 290 829 ad
311 800 396 830 Aen.
416 799 441 838 I,
462 799 519 833 30.
551 799 594 839 II,
628 801 658 832 7.
704 800 799 844 lVr.)

150 855 218 876 sec.
238 856 284 877 m.
341 845 464 878 Ulixei
483 845 611 878 Medic.
633 845 750 880 Pierii.

149 898 220 922 tem
243 891 385 924 Oudart.

148 936 232 971 lich.
256 950 276 971 a
296 951 341 971 m.
360 951 414 983 pr.

145 1045 266 1096 palos
283 1045 454 1084 Ithacae
476 1046 587 1085 Iliad.
606 1064 643 1102 y,
665 1051 760 1090 200.
784 1051 882 1091 201.

149 1102 409 1157 Λαερτιάδης
459 1102 685 1159 πολύμητις
738 1102 882 1147 Ὀδυσ-

149 1158 266 1210 σεύς,
287 1159 363 1210 “Ος
385 1158 522 1215 τράφη
557 1163 598 1204 ἐν
627 1161 745 1220 δήμῳ
775 1160 880 1205 Ἰθά-

146 1234 241 1271 κης,
274 1223 458 1273 κραναῆς
488 1237 562 1274 περ
598 1220 758 1273 ἐούσης.
817 1224 880 1261 Ex

147 1277 287 1314 eodem
322 1278 458 1329 itaque
502 1280 590 1317 loco
623 1280 786 1319 fluxisse
814 1282 879 1320 vi-

147 1334 298 1373 dentur
317 1337 488 1374 Laerlc'a
520 1341 777 1388 regna—Et
803 1348 879 1377 ter-

145 1408 234 1431 ram
254 1395 434 1431 albicent.
459 1396 597 1447 Ulyxi.

202 1451 298 1492 274.
323 1453 420 1494 275,
460 1453 668 1503 Leucates,
719 1452 743 1494 ό
774 1458 880 1495 Λευ-

145 1504 294 1560 κάπης,
343 1510 476 1548 nobile
524 1519 730 1550 amantum
772 1513 879 1551 saltu

144 1568 467 1618 promontorium
516 1570 710 1608 Leucadis
730 1600 740 1619 ,
809 1584 880 1609 seu

143 1625 377 1675 Leucadiae,
399 1627 490 1665 olim
506 1629 749 1679 peninsulae,
761 1635 878 1680 post—

143 1695 189 1720 ea
226 1683 392 1723 insulae.
452 1688 547 1724 Iloc
586 1689 790 1736 aperitur,
835 1688 877 1725 in

144 1748 404 1793 conspectum
445 1745 558 1782 venit
604 1743 670 1796 (cf.
716 1745 784 1783 inf.
825 1746 877 1783 ad

142 1798 267 1852 411),
300 1808 335 1837 et
360 1802 570 1852 sipollc'm's
581 1804 754 1853 simum.
808 1804 877 1841 In-

141 1863 357 1908 terpretes,
391 1873 411 1896 a
437 1861 576 1898 Servio
599 1860 712 1910 inde,
745 1876 877 1912 quan-

141 1921 230 1953 tum
253 1916 391 1965 video,
415 1916 514 1956 haec
532 1919 703 1957 iunctim
724 1920 773 1957 de
794 1934 877 1958 uno

139 1973 251 2023 loco,
286 1974 335 2012 de
361 1975 559 2027 Apollinis
587 1978 737 2030 templo
769 1979 877 2016 Leu—

141 2038 253 2070 catae
273 2032 484 2084 imposito,
520 2036 743 2088 accipiunt,
766 2036 877 2087 quod

141 2103 236 2126 sane
272 2091 416 2129 Strabo
462 2092 530 2131 lib.
572 2094 624 2143 X,
657 2108 696 2146 p.
728 2093 813 2136 452
844 2095 876 2132 Β

140 2155 350 2187 memorat.
411 2150 561 2188 Verum
587 2151 711 2190 habet
739 2165 783 2189 ea
811 2166 875 2190 res

140 2203 252 2242 haud
272 2220 395 2245 unam
419 2207 722 2259 difficultatem,
754 2224 875 2261 quam

138 2262 380 2315 interpretes
420 2267 585 2304 sensisse
615 2281 696 2305 non
727 2268 875 2305 viden—

138 2326 230 2358 tur:
261 2335 352 2360 nam
382 2323 561 2374 primum
602 2339 742 2375 parva
782 2326 872 2364 urbs

138 2392 178 2417 v.
215 2382 300 2423 276
329 2381 440 2418 nulla
479 2382 554 2419 alia
601 2396 683 2421 esse
720 2382 873 2435 poterit

138 2449 259 2487 quam
299 2439 463 2477 Leucas
514 2441 555 2478 in
601 2442 874 2494 septentrione

137 2494 289 2532 insulae
310 2497 407 2545 sita,
438 2497 494 2535 ita
526 2512 624 2537 vero
660 2514 740 2538 non
774 2500 876 2538 bene

138 2554 329 2592 convenit
351 2556 543 2595 narratio.
604 2557 725 2596 Hunc
746 2558 875 2612 Apol-

136 2609 278 2660 linem,
329 2611 408 2651 hoc
458 2616 784 2666 promontorium
832 2620 875 2655 in

137 2670 310 2706 australi
345 2677 458 2721 parte
496 2673 669 2724 petimus
710 2681 750 2713 et
782 2676 874 2713 urbi

138 2726 385 2766 succedimus
408 2729 449 2767 in
479 2732 785 2782 septentrionali
813 2733 873 2771 la-

136 2786 222 2819 tere
245 2784 363 2835 sitae,
396 2787 549 2838 aliquot
571 2789 729 2828 dierum
756 2792 874 2830 navi-

135 2841 294 2889 gatione
318 2843 538 2884 interiecta.
590 2848 716 2886 Porro
738 2850 874 2900 sequi—

135 2902 204 2934 tur
229 2897 341 2936 locus
367 2900 416 2938 de
445 2902 552 2941 ludis
574 2904 745 2944 Actiacis
768 2908 872 2945 cele-

134 2953 281 2992 bratis:
314 2970 363 2994 an
395 2972 492 2997 vero
514 2962 571 2998 illi
591 2963 774 3003 Leucade
803 2980 871 3004 ce-

203 3023 414 3074 VIRGIL.
456 3027 596 3078 ΤΟΜ.
635 3031 696 3080 ΙΙ.

857 802 965 833 Ulixe
994 802 1083 834 Gud.
1113 814 1132 835 a
1162 815 1208 835 m.
1239 816 1293 848 pr.
1352 805 1481 839 Ulixes
1507 807 1635 840 Moret.
1662 820 1681 840 a

845 849 915 883 274
941 851 1129 882 Leucaten
1163 849 1334 884 umbrosa
1366 855 1484 896 Sprot.
1533 856 1681 886 Leuca—

482 893 551 928 275
576 892 847 939 formidandas
874 895 966 929 alter
992 897 1132 941 Menag.

1228 899 1298 933 276
1334 901 1585 935 Successimas
1608 903 1680 935 Zu-

941 1050 1117 1090 lebrati'?
1176 1051 1437 1092 Manifestum
1463 1068 1589 1107 porro
1620 1055 1678 1104 fit,

940 1116 1103 1161 poetam
1136 1109 1236 1149 haec
1268 1112 1481 1150 inseruisse
1518 1113 1561 1150 in
1591 1113 1679 1152 Au-

938 1169 1048 1217 gusti
1070 1168 1253 1219 gratiam,
1279 1184 1299 1206 a
1324 1184 1403 1221 quo
1423 1171 1464 1208 in
1482 1170 1679 1209 victoriae

939 1225 1126 1263 Actiacae
1147 1228 1382 1266 memoriam
1411 1229 1499 1267 ludi
1522 1229 1677 1268 Actiaci

939 1283 1257 1334 quinquennales
1275 1286 1452 1325 instituti
1468 1294 1595 1326 erant.
1628 1289 1676 1326 cs.

940 1341 1012 1379 Dio
1030 1343 1080 1380 LI
1098 1357 1160 1395 pr.
1220 1344 1384 1383 Actium
1415 1346 1562 1397 igitur,
1594 1360 1677 1384 non

939 1399 1110 1450 Leucas,
1151 1404 1549 1442 commemorandum
1577 1411 1675 1443 erat.

940 1457 1195 1510 Quocunque
1234 1474 1298 1499 me
1339 1469 1521 1511 vertam,
1575 1475 1676 1514 quae

937 1515 1005 1554 hic
1023 1524 1269 1568 sequuntur:
1306 1521 1417 1571 quod
1434 1521 1493 1558 acl
1508 1521 1585 1559 hoe
1596 1521 1675 1572 sa—

937 1589 1035 1611 num
1065 1578 1323 1626 appulerint,
1369 1578 1581 1631 urbemque
1610 1581 1676 1617 in-

937 1636 1142 1681 traverint,
1178 1635 1371 1687 ludosque
1393 1638 1587 1674 Actiacos
1608 1652 1675 1675 ce-

937 1690 1173 1729 lebraverint
1192 1706 1210 1738 ;
1268 1707 1357 1731 meo
1405 1695 1676 1746 qualicunque

935 1748 1085 1787 iudicio
1125 1750 1175 1787 ad
1219 1750 1393 1789 alterum
1429 1759 1675 1805 promonto-

935 1806 1043 1844 rium
1061 1808 1155 1859 ipsis
1175 1808 1285 1847 sinus
1311 1810 1516 1849 Ambracii
1544 1812 1676 1850 fauci-

938 1865 1012 1902 bus
1037 1873 1296 1917 praetextum
1327 1869 1507 1908 ducunt:
1537 1870 1579 1907 in
1596 1869 1675 1908 hoc

937 1924 1028 1961 sinu
1046 1924 1208 1962 Actium
1232 1927 1427 1978 oppidum
1464 1933 1503 1966 et
1531 1934 1675 1980 portus

936 1987 1053 2020 tutus
1073 1989 1113 2020 et
1132 1984 1271 2021 sanum
1291 1984 1486 2037 Apollinis
1508 1987 1672 2025 Actiaci.

936 2052 975 2078 v.
1000 2041 1147 2079 Strabo
1170 2042 1236 2080 lib.
1260 2043 1311 2091 X,
1335 2058 1371 2095 p.
1394 2043 1472 2086 451
1509 2044 1554 2083 Ι).
1587 2045 1672 2094 Vll,

934 2111 973 2149 p.
998 2101 1080 2142 325
1099 2099 1146 2137 A.
1180 2100 1364 2154 Thucyd.
1386 2101 1452 2140 lib.
1480 2102 1510 2150 I,
1542 2116 1574 2140 0.
1605 2105 1672 2144 29.

935 2155 1059 2203 Quod
1082 2158 1134 2206 si,
1166 2156 1245 2196 hoe
1270 2160 1424 2211 posito,
1457 2161 1533 2197 alia
1564 2160 1673 2197 disfi—

936 2214 1065 2252 cultas
1092 2215 1324 2267 suboritur,
1368 2217 1478 2268 quod
1510 2217 1672 2256 Actium

933 2274 1273 2324 promontorium,
1296 2275 1400 2313 intra
1418 2275 1551 2313 sinum
1572 2275 1673 2313 Am-

933 2330 1115 2368 bracium
1133 2332 1255 2370 situm
1268 2363 1278 2382 ,
1302 2339 1341 2371 et
1360 2333 1468 2372 intra
1488 2334 1671 2372 exterio-

932 2400 1017 2425 rem
1048 2395 1214 2440 portum
1248 2391 1461 2441 recedens,
1506 2405 1558 2429 ex
1590 2393 1670 2430 alto

937 2447 1116 2498 conspici
1131 2454 1171 2486 et
1191 2449 1404 2488 formidari
1435 2450 1568 2488 nautis
1597 2463 1671 2488 ne-

935 2504 1038 2554 quiit
1091 2508 1152 2552 (v.
1202 2507 1513 2560 descriptionem
1561 2508 1671 2547 sinus

934 2562 1140 2602 Ambracii
1189 2566 1238 2603 ab
1286 2566 1463 2605 Auvillio
1523 2566 1671 2605 saetam

935 2622 1066 2659 Me'm.
1089 2623 1137 2659 cle
1157 2624 1333 2662 l'Acacl.
1367 2626 1435 2663 cles
1463 2626 1592 2664 Jnser.
1625 2626 1669 2662 T.

933 2679 1105 2728 XXXII,
1152 2695 1191 2732 p.
1222 2682 1345 2736 215):
1391 2682 1669 2734 reputandum

932 2742 1012 2774 est:
1046 2738 1240 2778 Troianos
1270 2741 1381 2778 littus
1412 2741 1583 2791 legisse.-
1613 2741 1669 2778 ita

932 2796 1161 2845 pervenisse
1231 2798 1282 2836 ad
1339 2798 1667 2850 promontorium

932 2853 1218 2904 Anactorium,
1252 2858 1362 2907 quod
1383 2870 1425 2893 os
1456 2856 1666 2893 exterioris

932 2910 1041 2949 sinus
1064 2920 1143 2962 est,
1172 2913 1267 2952 hine
1297 2920 1534 2966 prospectus
1564 2914 1668 2951 Actii

930 2973 1199 3020 promontorii
1229 2972 1417 3012 habetur.
1480 2971 1565 3008 Erit
1594 2971 1666 3022 igi-

1308 3043 1369 3086 31
