1827 3436
363 224 895 274 TRACTATARUM
936 225 1372 276 INVENTIONE
1558 236 1622 280 49

110 369 196 402 ma
238 349 577 399 oraculorum
623 348 1104 416 vaticiniorumque
1162 352 1441 399 auctoritas
1490 363 1622 410 erat;

110 420 257 487 quod
299 419 417 467 satis
461 418 544 467 vel
599 435 659 467 ex
707 435 819 468 uno
858 419 1141 469 Herodoto
1193 428 1399 468 constat
1448 422 1621 483 (conf.

115 490 219 539 Cic.
251 488 281 539 l.
319 505 358 539 c.
405 504 444 538 e.
478 490 502 537 I
535 486 659 552 s.)*)
739 487 822 537 Ad
868 489 1022 538 sedes
1062 489 1242 554 itaque
1287 489 1528 539 Troianis
1567 492 1619 540 in

114 556 260 607 Italia
296 557 690 607 constituendas
725 557 951 606 oraculis
992 567 1044 608 et
1076 559 1330 607 vaticiniis
1368 557 1503 608 nihil
1546 560 1621 608 vi-

108 626 222 675 deri
278 626 463 675 debuit
506 627 973 678 accommodatius.
1056 630 1224 677 Poeta
1277 637 1420 677 certe
1469 644 1620 693 egre-

104 697 188 760 gie
234 695 371 744 hanc
412 705 655 744 veterum
698 697 1133 762 superstitionem
1168 714 1263 746 seu
1305 697 1618 761 religionem

107 774 184 814 est
228 765 523 831 amplexus,
579 766 956 832 maiorumque
992 764 1133 815 fama
1185 774 1237 814 et
1278 765 1619 817 historiarum

104 834 216 884 fide
255 835 309 883 in
346 835 587 884 Troianis
621 835 726 883 suis
759 851 823 883 eo
859 852 985 884 usus
1016 844 1117 898 est,
1164 844 1224 884 ut
1255 853 1354 901 per
1383 835 1618 887 fatorum

105 903 318 953 decreta
378 921 434 952 ac
491 904 720 953 deorum
768 904 1133 954 interventum
1190 906 1369 953 omnia
1430 906 1493 955 ab
1552 924 1616 957 eo

105 982 307 1022 narrata
344 973 717 1039 procederent.
789 974 923 1024 Inde
953 978 1083 1024 Aen.
1114 978 1174 1036 Χ,
1213 981 1280 1025 33
1314 979 1390 1024 sin
1424 987 1496 1026 tot
1538 996 1613 1026 re-

102 1062 288 1109 sponsa
319 1048 508 1108 sequuti
542 1047 682 1110 Quae
709 1049 876 1109 superi
910 1047 1185 1108 Blanesqne
1218 1048 1422 1095 dabant.
1498 1047 1618 1096 Fuit

102 1113 156 1161 in
192 1112 271 1161 his
313 1111 459 1161 idem
509 1112 639 1161 illud
685 1112 752 1161 de
790 1112 1050 1162 Anchisae
1089 1113 1277 1179 stirpe,
1329 1114 1477 1181 quod
1509 1119 1616 1167 Ve-

101 1198 291 1230 nerem
323 1191 604 1247 sequutam
645 1198 757 1231 esse
797 1199 908 1248 sup.
950 1199 986 1233 S.
1027 1184 1115 1234 ΙΙΙ.
1161 1199 1220 1231 ex
1261 1184 1505 1233 Acusilao
1539 1186 1616 1234 vi-

102 1250 276 1300 dimus
308 1251 575 1302 traditum.
647 1252 819 1300 Etiam
853 1252 1114 1317 Apollinis
1154 1254 1349 1316 Grynei
1394 1263 1445 1303 et
1474 1255 1613 1318 Lycii

101 1329 293 1383 sortes,
334 1321 528 1386 quibus
564 1320 767 1370 Italiam
817 1338 1074 1387 quaerere
1111 1321 1279 1371 iussus
1319 1331 1450 1387 erat,
1497 1341 1612 1373 me—

99 1399 276 1438 morat
315 1393 519 1439 Aeneas
560 1390 702 1455 apud
743 1390 1013 1441 Didonem
1052 1390 1137 1441 lib.
1180 1393 1280 1454 IV,
1334 1396 1448 1444 345.
1497 1398 1612 1446 346.

102 1458 220 1509 add.
262 1462 359 1522 VI,
408 1463 646 1510 59—61.
719 1462 818 1522 (At
862 1460 1010 1525 quod
1056 1461 1110 1508 in
1155 1461 1356 1527 Cypriis
1395 1462 1458 1510 ab
1504 1465 1612 1512 He—

102 1527 227 1576 leno
267 1528 320 1577 in
361 1528 563 1577 Paridis
600 1526 937 1594 profectione
996 1529 1199 1578 editum
1242 1531 1546 1580 vaticinium
1585 1550 1611 1581 a

98 1597 288 1646 Proclo
341 1606 699 1659 memoratur,
767 1597 830 1646 ad
873 1598 1003 1647 belli
1051 1599 1265 1648 Troiani
1305 1600 1442 1649 mala
1490 1618 1611 1667 spe-

101 1667 291 1730 ctavit.)
363 1667 565 1717 Callide
608 1676 786 1716 autem
826 1667 889 1715 ab
932 1668 1169 1716 obscuris
1204 1677 1255 1717 et
1297 1669 1508 1719 incertis
1545 1671 1608 1720 ad

100 1737 323 1784 certiora
343 1737 617 1803 magisque
642 1735 860 1785 definita
880 1753 1190 1802 progressus
1214 1738 1452 1788 discendi
1470 1741 1610 1806 cupl-

100 1804 319 1853 ditatem
342 1806 570 1854 subinde
596 1806 748 1855 novis
775 1806 998 1856 stimulis
1029 1806 1280 1858 incendit.
1335 1810 1444 1858 Etsi
1465 1810 1609 1858 enim

99 1874 388 1924 Cassandra
444 1875 651 1924 dudum
696 1879 1060 1941 prosectionem
1101 1881 1150 1926 in
1200 1882 1406 1927 Italiam
1453 1895 1609 1944 prae-

99 1942 320 2005 dixerat3
359 1943 558 1993 tactum
587 1953 767 1994 tamen
795 1954 906 1994 erat
927 1945 1155 1995 obscure
1185 1947 1262 2010 (in
1296 1952 1607 2013 Hesperiam,

95 2021 294 2061 terram
336 2013 566 2080 aliquam
606 2014 942 2064 occidentem
983 2033 1165 2065 versus
1211 2016 1398 2081 sitam)
1451 2026 1503 2066 et
1543 2018 1605 2067 ab

99 2098 158 2130 ea
193 2091 333 2145 vate,
384 2085 465 2133 cui
504 2100 668 2133 nemo
708 2082 878 2132 fidem
920 2084 1165 2137 haberet:
1214 2087 1344 2137 Aen.
1373 2088 1462 2148 111,
1508 2093 1605 2139 183

98 2167 226 2216 sqq.⁹
263 2152 355 2201 ubi
386 2152 668 2204 Anchises:
717 2157 845 2203 Sola
878 2159 998 2202 mihi
1039 2160 1158 2204 talis
1198 2174 1346 2204 casus
1384 2161 1605 2206 Cassan-

98 2226 199 2268 dra
236 2226 469 2272 canebat:
520 2226 663 2272 Nunc
704 2234 897 2288 repete,
946 2228 1073 2273 haec
1102 2229 1278 2290 generi
1300 2231 1606 2290 portendere

97 2292 265 2339 debita
304 2302 475 2341 nostro
510 2296 579 2341 Et
610 2312 758 2357 saepe
801 2297 1120 2358 Hesperiam,
1163 2313 1313 2358 saepe
1341 2299 1481 2343 Itala
1523 2315 1604 2345 re-

95 2378 203 2422 gna
230 2380 424 2410 voc-are.
498 2364 607 2410 Sed
631 2367 737 2427 quis
762 2367 833 2411 ad
869 2367 1144 2428 Hesperiae
1168 2374 1399 2413 venturos
1428 2368 1603 2415 littora

100 2432 311 2478 Teucros
366 2436 627 2492 Crederet,
676 2441 762 2480 aut
810 2452 949 2496 quem
997 2444 1095 2482 tum
1124 2445 1263 2482 vales
1304 2437 1603 2483 Cassandra

94 2501 344 2548 moveret?
393 2509 444 2547 et
472 2500 812 2564 ignorabatur
852 2502 979 2550 situs
1011 2502 1213 2553 Italiae:
1261 2512 1383 2551 sunt
1410 2503 1600 2551 Heleni

95 2567 254 2616 verba
307 2571 402 2628 III,
458 2576 554 2621 381
608 2574 863 2634 Principio
921 2575 1149 2632 Italiam,
1217 2591 1364 2637 quam
1409 2582 1461 2621 ta
1499 2577 1601 2621 iam

95 2654 207 2685 rere
238 2643 594 2703 propinquam,
651 2643 960 2703 Vicinosque,
1017 2645 1222 2706 ignare,
1259 2660 1423 2705 paras
1460 2645 1600 2690 inva-

97 2709 215 2754 dere
246 2718 449 2771 portus,
497 2713 679 2774 Longa
709 2714 892 2775 procul
935 2714 1102 2776 longis
1138 2715 1219 2761 via
1259 2714 1437 2760 dividit
1468 2715 1599 2762 invia

208 2910 242 2963 ⁶)
273 2913 398 2961 [cons.
429 2916 575 2968 Opuse.
605 2917 651 2957 T.
682 2917 711 2966 1,
740 2929 827 2969 pag.
857 2917 953 2960 315.
984 2918 1095 2968 316]

163 2976 366 3030 Vmon..
406 2983 545 3035 ΤΟΜ.
582 2984 644 3033 Π.
1286 2984 1320 3027 4
