1811 3388
431 243 557 289 AD
628 243 1060 297 LIBRUM
1131 252 1207 300 VI
1429 264 1552 312 1021

63 363 119 401 sic
140 378 275 416 porro.
333 367 547 405 Notionem
574 381 637 406 me
658 383 739 407 non
762 371 855 409 satis
876 372 1024 411 claram
1044 375 1132 412 talis
1158 375 1335 418 locorum
1364 384 1460 423 situs
1481 387 1556 426 ha-

62 421 179 470 bere,
210 423 351 461 lubens
372 424 510 463 fateor.
578 427 875 478 Commwtum,
906 444 929 467 a
955 432 1116 470 Socrate
1136 435 1379 486 expositum,
1421 443 1467 480 ab
1485 459 1556 482 an-

64 479 301 529 tiquioribus
322 480 433 519 haud
463 482 582 520 dubie
601 491 806 536 acceptum
837 493 942 536 erat5
988 502 1080 527 nam
1112 490 1152 527 in
1183 492 1305 529 initiis
1334 495 1455 535 simile
1484 500 1556 539 do-

59 549 149 585 gma
185 549 254 574 seu
283 538 447 590 mythus
479 541 752 591 frequentatus
779 556 858 580 esse
888 544 1037 584 debuit.
1096 547 1243 600 Nempe
1278 551 1385 600 quod
1412 566 1556 606 eorum,

60 593 127 643 qui
150 592 298 632 initiati
318 610 398 634 non
425 604 564 647 essent,
606 599 759 636 animae
779 600 821 640 ἐν
841 599 1028 657 βορβόρῳ
1051 609 1214 644 κεῖσθαι
1231 607 1338 657 apud
1360 609 1557 651 Platonem

58 656 100 688 et
120 650 216 688 alios
245 650 366 704 (conf.
398 654 552 706 Menag.
584 656 634 694 ad
662 657 772 708 Diog.
794 658 924 697 Laert.
955 660 1017 708 VI,
1049 660 1119 714 39)
1144 662 1347 713 dicuntur,
1388 668 1439 704 ad
1458 667 1558 707 hanc

58 708 183 759 ipsam
206 709 416 760 paludem,
450 713 513 750 cui
535 713 721 752 innatant
749 715 923 763 animae,
966 724 1052 755 erat
1080 719 1330 759 referendum
1351 736 1372 759 a
1399 724 1558 764 Moshe-

57 765 138 802 mio
158 766 209 803 ad
230 767 467 810 Cudworffi.
491 783 528 821 p.
558 773 679 812 1039.
739 772 799 809 Ex
831 773 1040 812 Platonicis
1074 781 1205 814 autem
1234 777 1319 816 istis
1347 780 1557 821 fluminum

58 823 301 862 anfractibus
323 833 462 864 natum
484 828 666 876 videtur,
698 837 744 868 ut
766 830 852 866 loca
869 831 1016 880 infera,
1056 831 1097 869 in
1128 834 1238 884 regni
1266 841 1305 873 et
1326 838 1556 887 provinciae

56 880 227 918 sormam
248 883 434 932 redacta,
463 884 597 923 fluviis
619 886 764 924 ambita
791 894 830 924 et
854 887 1006 925 inclusa
1036 902 1115 926 esse
1134 891 1282 929 vellent
1303 901 1441 943 poetae
1460 897 1555 947 plu—

55 938 186 987 ribus3
228 940 296 977 etsi
326 940 525 979 Homerus
556 942 598 979 id
630 957 710 981 non
739 943 870 983 habet.
931 946 976 983 ln
1006 946 1130 984 altero
1156 950 1356 987 Socratico
1387 952 1552 1004 dialogo,

56 994 263 1045 Axiocho,
313 998 381 1048 qui
409 998 593 1037 Aeschini
626 1001 749 1038 tribui
775 1002 886 1050 solet,
927 1003 1000 1040 sub
1028 1005 1053 1042 s.
1081 1004 1259 1042 Plutonis
1287 1020 1449 1058 regnum
1478 1011 1552 1048 ad-

53 1053 166 1090 eunti
194 1054 323 1105 primo
344 1056 431 1093 loco
453 1057 638 1095 obiicitur
663 1058 809 1097 fluvius
829 1059 1033 1109 Acheron,
1074 1067 1158 1099 tum
1182 1063 1366 1113 Cocytus,
1408 1067 1551 1116 quibus

56 1110 231 1148 traiectis
252 1112 302 1150 ad
322 1113 494 1152 Minoem
519 1121 558 1152 et
579 1114 931 1154 Rhadamanthum
951 1118 1013 1155 via
1037 1118 1161 1157 ducit.

168 1168 231 1206 Ad
254 1169 332 1207 hoc
354 1171 488 1222 itaque
516 1178 585 1210 aut
605 1172 728 1211 simile
754 1174 979 1225 exemplum
1002 1182 1140 1226 poeta,
1182 1176 1254 1214 etsi
1274 1177 1366 1215 alias
1390 1180 1549 1218 nomina

51 1224 100 1262 ab
135 1238 180 1263 eo
210 1233 356 1265 temere
386 1230 481 1279 poni
506 1243 585 1267 non
614 1244 771 1282 negem,
813 1230 888 1269 hac
908 1237 1039 1270 tamen
1061 1233 1100 1270 in
1122 1235 1370 1283 narratione,
1411 1237 1449 1273 in
1471 1251 1548 1287 qua

52 1282 358 1335 descriptionem
385 1286 564 1325 locorum
593 1287 696 1337 edit,
738 1288 867 1339 primo
894 1289 980 1327 loco
1009 1290 1167 1328 videtur
1191 1291 1451 1330 Aclzeronlem
1470 1308 1547 1344 po-

50 1353 144 1377 nere
165 1341 416 1392 adeundum,
455 1345 699 1383 vorticosum
729 1346 920 1395 fluvium,
960 1347 1027 1397 qui
1059 1360 1108 1384 ex
1135 1348 1213 1385 imo
1239 1349 1364 1387 fundo
1392 1357 1546 1389 erutam

49 1404 163 1435 aestu
181 1412 251 1437 suo
273 1415 437 1438 arenam
458 1417 611 1440 omnem
637 1404 777 1454 Coc-Vno
796 1413 965 1452 eructat,
999 1404 1054 1442 ita
1075 1411 1119 1443 ut
1137 1405 1177 1442 in
1200 1406 1390 1456 Cocytum
1412 1420 1545 1457 egera-

48 1460 118 1493 tur
136 1455 222 1505 illa,
254 1458 473 1496 Acheronte
491 1461 533 1496 in
557 1460 743 1510 Cocytum
765 1474 805 1498 se
824 1467 1077 1500 exonerante.
1137 1462 1265 1499 Verba
1291 1464 1438 1514 Virgilii
1457 1465 1545 1502 imi-

47 1517 158 1550 tatur
181 1514 298 1552 Silius
322 1516 439 1564 XIII,
479 1517 574 1558 571.
604 1517 686 1558 572
718 1520 879 1555 'l'rc'slior
907 1519 971 1555 leis
996 1519 1179 1557 Acheron
1209 1522 1322 1557 sanie
1352 1523 1544 1573 nigroque

46 1584 193 1609 veneno
225 1575 397 1610 Aes-mat
427 1582 463 1610 et
493 1575 675 1624 gelidam
700 1583 879 1612 erac-lans
914 1591 1002 1613 cum
1032 1591 1228 1613 murmure
1256 1591 1419 1615 arenam
1455 1580 1543 1616 De-

44 1629 222 1674 seenclit3
253 1630 321 1667 sed
345 1630 386 1667 in
418 1644 571 1668 sumina
593 1631 649 1669 rei
675 1645 695 1668 a
726 1632 884 1681 Virgilio
915 1632 1128 1674 discedens,
1189 1632 1300 1672 Alter
1319 1636 1439 1685 igitur
1463 1636 1544 1673 ssu-

44 1684 133 1723 vius
154 1686 319 1737 Cocytus
349 1693 426 1735 est,
470 1689 536 1739 qui
558 1695 597 1726 et
621 1689 704 1739 ipse
733 1689 857 1727 ambit
877 1703 996 1741 regna
1028 1691 1172 1739 insera3
1212 1691 1318 1728 unde
1347 1705 1430 1743 sup.
1463 1695 1542 1733 132

45 1741 95 1779 de
121 1742 236 1781 aditu
270 1744 320 1781 ad
353 1745 479 1782 infera
506 1745 609 1783 loca:
651 1755 778 1784 tenent
808 1748 940 1785 mealia
978 1747 1098 1799 (inter
1126 1748 1191 1784 illa
1223 1753 1260 1784 et
1288 1747 1358 1786 has
1381 1761 1542 1800 superas

43 1798 150 1852 oras)
173 1803 307 1839 omnia
327 1803 467 1851 silvae,
504 1803 745 1854 Cocytusque
767 1806 857 1840 sinu
883 1804 1019 1842 laben-s·
1040 1808 1294 1842 viretum-enit
1312 1814 1396 1843 atro
1411 1821 1426 1852 ;
1459 1812 1543 1844 ter-

41 1856 99 1894 tia
119 1864 159 1895 et
179 1858 344 1896 interior
373 1860 470 1910 Stjx
488 1865 566 1909 est,
610 1861 726 1898 tarda
754 1867 793 1898 et
824 1862 959 1912 paludi
978 1863 1130 1910 similis3
1176 1862 1281 1899 unde
1299 1863 1441 1913 passim
1456 1878 1540 1913 pa-

40 1915 126 1962 las,
161 1915 288 1953 lacus.
324 1916 415 1954 vide
437 1917 501 1965 VI,
537 1917 626 1959 134.
659 1920 755 1966 369,
790 1919 886 1955 item
915 1918 1018 1966 4165
1059 1920 1129 1956 etsi
1155 1932 1288 1956 omnes
1315 1920 1368 1956 illi
1393 1933 1537 1964 amnes,

40 1977 234 2021 quatenus
252 1973 398 2010 multos
419 1985 574 2011 errores
592 1975 764 2022 faciunt,
796 1981 833 2011 et
852 1976 893 2012 in
917 1976 1051 2012 orbem
1078 1988 1196 2024 regna
1213 1976 1337 2012 infera
1362 1976 1533 2013 circum-

38 2028 192 2078 fluunt,
224 2031 341 2067 etiam
363 2029 554 2067 hactenus
574 2037 709 2080 stagna
729 2038 768 2068 et
783 2032 891 2069 lacus
922 2032 1047 2069 facere
1069 2032 1193 2070 videri
1217 2039 1393 2082 possunt.
1429 2035 1531 2082 Styx

39 2093 172 2124 autem
193 2089 327 2124 novies
347 2086 386 2125 h.
406 2100 437 2125 e.
464 2087 615 2139 saepius
633 2088 761 2125 flexus
781 2102 872 2126 suos
886 2096 1064 2139 repetere
1085 2089 1232 2126 dicitur
1254 2089 1528 2136 v1‚438.439.

39 2144 180 2194 Georg.
202 2144 266 2192 IV,
301 2145 540 2192 478—480,
571 2144 638 2182 ubi
658 2146 829 2196 Cocytus
845 2159 933 2183 cum
957 2148 1073 2197 Styge
1087 2152 1346 2185 memoratur.

152 2202 302 2239 'l‘ernos
330 2201 402 2239 hos
430 2202 646 2239 fluviorum
668 2205 867 2240 anfractus
888 2203 1057 2240 traiectu
1087 2217 1205 2254 opuS,
1238 2209 1447 2252 antequam
1478 2202 1528 2240 ad

36 2259 229 2297 ulteriora
262 2259 490 2309 pervenias3
530 2260 619 2306 etsi,
652 2260 718 2297 ubi
752 2259 799 2296 de
827 2259 1037 2297 Charontis
1067 2261 1357 2297 transvectione
1388 2260 1526 2309 agitur,

35 2329 118 2354 non
137 2316 251 2353 facile
271 2322 411 2367 poetae
430 2316 478 2353 de
500 2316 644 2367 triplici
675 2317 778 2354 amni
802 2324 927 2354 terras
947 2318 1092 2354 inseras
1121 2317 1316 2353 ambiente
1339 2317 1526 2366 cogitant,

35 2379 76 2410 et
103 2373 243 2410 melius
271 2387 396 2411 unum
428 2379 586 2411 tantun]
627 2374 794 2412 fluvium
824 2375 1048 2411 nominant:
1101 2375 1330 2423 plerumque
1367 2376 1525 2425 Stygem

35 2437 103 2468 aut
134 2430 412 2468 Acherontem.
471 2430 551 2468 Nec
581 2431 695 2468 aliter
725 2432 806 2481 ipse
836 2431 946 2468 Maro
975 2432 1036 2479 vl,
1072 2434 1147 2471 107
1175 2438 1213 2467 et
1239 2431 1286 2468 al.
1318 2431 1410 2471 374.
1431 2433 1524 2472 391.

34 2487 99 2525 Sic
125 2493 164 2525 et
200 2502 304 2525 unus
335 2488 375 2525 in
411 2487 619 2538 Polygnoti
653 2488 788 2525 tabula
822 2487 1002 2525 Acheron
1043 2488 1148 2538 apud
1179 2488 1343 2524 Pansam.
1377 2489 1426 2534 X,
1458 2490 1523 2528 28.

37 2545 245 2583 Vectorem
267 2551 397 2582 autem
419 2544 674 2590 Charontem,
702 2545 772 2581 etsi
799 2551 888 2595 post
909 2545 1139 2587 Homerum,
1173 2544 1282 2581 facilc
1303 2551 1523 2581 connnenta

34 2609 92 2640 est
122 2602 357 2652 antiquitas,
399 2615 488 2639 cum
518 2602 634 2639 semel
665 2601 741 2639 hoc
775 2602 998 2650 probasset,
1038 2608 1081 2638 ut
1112 2602 1271 2638 numina
1296 2602 1523 2638 traiicienda

33 2665 162 2696 essent
188 2659 426 2697 adeuntibus
446 2659 532 2696 loca
558 2660 693 2696 infera.
754 2659 884 2708 Neque
916 2659 1013 2696 adeo
1037 2671 1085 2695 ex
1118 2659 1306 2709 Aegyptia
1340 2659 1523 2706 religione

32 2723 72 2754 et
94 2717 184 2754 lacu
202 2716 378 2754 Moeride
401 2717 511 2754 illuni
533 2716 812 2753 adumbratum
838 2728 917 2752 esse
952 2728 1103 2752 necesse
1138 2723 1218 2764 est;
1262 2716 1355 2765 quin
1394 2716 1522 2765 potius

32 2773 216 2811 Graeculi
239 2774 405 2811 seriores
427 2773 654 2825 Aegyptiam
671 2773 838 2824 priscam
859 2773 1083 2823 religionem
1102 2773 1140 2809 in
1164 2771 1266 2809 hanc
1289 2779 1440 2822 partein
1459 2772 1520 2808 in-

29 2831 237 2882 terpretati
258 2843 338 2867 esse
356 2830 556 2869 videntur.

142 2888 328 2925 Ceterum
361 2887 401 2924 in
432 2886 657 2925 Acheronte
688 2886 738 2924 ad
775 2887 857 2924 loca
881 2887 982 2925 circa
1002 2886 1143 2923 Cumas
1165 2885 1378 2936 respexisse
1406 2891 1520 2935 poeta

26 2951 135 2983 recte
157 2944 408 2982 existimatur
439 2951 478 2982 et
508 2945 692 2996 spelunca
717 2946 891 2982 Cumana
922 2943 1079 2982 duxisse
1107 2945 1234 2981 fertur
1261 2943 1311 2980 ad
1328 2942 1521 2993 paludem
