1779 3420
180 227 282 275 830
504 221 559 268 P.
596 218 938 270 VIRGILII
973 216 1343 268 MARONIS

178 349 329 398 Unus
354 344 453 394 erit
478 353 709 407 tantum,
749 345 998 393 amissum
1023 359 1185 410 quem
1219 343 1424 408 gurgite
1448 352 1693 410 quaeret3

180 420 360 468 Unum
380 431 480 481 pro
510 414 691 463 multis
721 414 933 463 dabitur
964 422 1132 479 caput.
1594 417 1694 466 815

179 487 272 535 His
297 485 389 534 ubi
410 483 542 533 laeta
571 483 704 532 deae
730 483 1012 549 permulsit
1031 491 1247 548 pectora
1274 481 1445 532 dictis:

180 556 355 619 Iungit
376 570 544 620 equos
570 569 697 602 auro
718 554 951 616 genitor,
990 552 1395 632 spumantiaque
1423 551 1569 601 addit

180 629 352 676 Frena
384 622 538 687 feris,
585 623 944 689 manibusque
977 622 1152 670 omnis
1185 619 1415 670 effundit
1447 621 1694 672 habenas

183 760 222 786 ut
247 752 296 785 ad
320 753 468 785 Latium
493 751 635 784 accedat
660 750 705 795 (v.
731 751 828 794 797),
856 762 927 783 non
951 749 1036 783 satis
1062 748 1249 783 convenire
1274 749 1429 794 queritur
1453 761 1629 783 accessum
1648 749 1697 782 ad

184 803 324 833 Cumas.
421 798 492 833 814
534 800 639 831 Unus
674 799 744 830 eric
776 806 916 835 tamen,
962 810 995 830 α.
1030 799 1120 833 Ven.
1159 803 1194 830 et
1237 796 1292 829 ed.
1336 798 1424 832 Ven.
1471 797 1582 837 1472,
1624 807 1695 829 non

182 846 284 886 male,
309 845 552 878 meoiudicio.
601 844 832 877 Heins.coni.
861 847 966 877 Unus
991 852 1078 885 erit,
1114 852 1219 877 tanto
1245 855 1277 875 a.
1304 856 1335 888 q.
1359 856 1395 889 g.
1422 856 1595 888 quaeres,
1628 855 1697 888 pa-

182 905 256 925 rum
282 891 443 925 feliciter.
493 900 644 937 quaeret
671 892 739 924 iam
761 892 888 924 dudum
915 898 995 923 ante
1019 891 1111 924 Piei.
1137 897 1172 923 et
1195 890 1444 934 Henricopetri
1481 903 1501 923 a
1540 889 1697 931 Venetis,

182 940 265 972 inde
290 952 309 971 a
331 938 521 982 Naugerio,
547 939 606 982 qui
631 938 680 971 sic
707 939 921 979 emendavit,
954 938 1084 970 editum
1124 944 1187 970 est.
1237 937 1353 980 Vulgo
1390 944 1534 980 praeter
1558 937 1697 980 Menag.

183 986 244 1019 alt.
271 992 306 1017 et
330 987 433 1026 Ven.‚
459 997 545 1029 quos
569 986 684 1018 Burm.
709 985 841 1025 laudat,
867 997 984 1017 omnes
1010 984 1112 1017 codd.
1129 996 1302 1029 quaeres,
1328 990 1365 1016 ut
1384 995 1453 1016 non
1472 984 1518 1016 ad
1535 986 1697 1025 Aeneam,

184 1032 245 1066 sed
271 1031 316 1064 ad
340 1033 514 1065 Venerem
538 1033 721 1065 referatur.
772 1032 855 1076 (Sed
891 1044 931 1065 ea
966 1043 1046 1064 cura
1081 1031 1190 1074 magis
1216 1030 1360 1074 attingit
1390 1034 1561 1071 Aeneam,
1597 1042 1698 1074 quam

183 1081 376 1117 Venerem3
406 1087 558 1124 quaeret
584 1079 688 1112 etiam
713 1079 824 1112 Palat.
854 1079 952 1121 Wr.)
1046 1079 1114 1112 317
1140 1090 1233 1111 auro
1259 1089 1378 1110 omnes
1404 1077 1525 1121 scripti
1549 1077 1639 1110 Pier.
1662 1083 1698 1108 et

182 1126 316 1166 Heius„
342 1125 409 1158 nisi
434 1126 527 1169 (]110(1
554 1126 588 1158 in
614 1126 738 1159 Hamb.
764 1138 817 1170 pr.
852 1125 1026 1168 vulgatum
1059 1135 1134 1158 voc
1160 1137 1272 1157 curru
1306 1136 1369 1167 pro
1407 1124 1475 1157 div.
1509 1123 1591 1157 lect.
1630 1123 1699 1156 ad·-

183 1172 361 1217 scriptum,
389 1179 423 1205 et
448 1173 483 1205 in
508 1174 597 1206 Ven.
622 1173 863 1206 recentissimo
888 1173 1085 1215 legebatur,
1110 1173 1140 1204 I.
1167 1184 1195 1204 e.
1220 1179 1367 1216 genito)
1387 1184 1509 1204 curru.
1557 1170 1695 1203 Laudat

186 1231 327 1265 quoque
354 1232 467 1252 curru
493 1221 605 1252 Burm.
635 1232 675 1252 ex
700 1219 803 1253 Witt.
838 1226 874 1252 et
906 1231 969 1251 nos
1005 1231 1045 1251 ex
1071 1218 1177 1252 Goth.
1208 1230 1261 1262 pr.
1311 1220 1437 1261 (curru
1462 1217 1565 1250 etiam
1587 1216 1697 1251 Palat.

187 1273 223 1299 et
247 1268 280 1301 9.
314 1267 409 1308 Wr.)
460 1267 529 1299 Sed
554 1267 658 1299 lacile
693 1267 901 1310 intelligitur
933 1278 1080 1298 currum
1113 1277 1189 1297 esse
1223 1265 1573 1308 interpietamentum
1604 1276 1698 1304 aun,

185 1315 224 1346 h.
252 1325 282 1345 e.
309 1325 429 1346 currus
455 1314 562 1345 aurei.
611 1317 753 1347 Aurum
779 1326 844 1356 pro
871 1324 912 1345 eo
933 1312 1015 1351 dici,
1041 1312 1135 1355 quod
1161 1324 1202 1343 ex
1226 1323 1310 1344 auro
1335 1312 1464 1344 factum
1491 1318 1555 1351 est,
1578 1311 1698 1343 Heius.

187 1359 367 1405 copiosius
394 1372 493 1404 quam
519 1360 606 1393 velis
631 1361 799 1399 adstruit3
825 1360 1003 1392 desiderat
1024 1365 1140 1391 tamen
1157 1360 1271 1391 Burm.
1296 1358 1503 1412 exemplum,
1525 1369 1593 1402 quo
1611 1359 1699 1391 iun-

186 1419 278 1453 gere
304 1419 396 1439 auro
433 1414 527 1440 recte
562 1407 630 1440 dici
669 1408 850 1460 probetur.
906 1406 1006 1439 Nihil
1030 1405 1102 1438 vidi
1137 1406 1315 1445 subtilius;
1352 1406 1448 1449 quasi
1472 1406 1579 1449 ιἰιησι
1606 1416 1700 1437 auro

189 1465 268 1486 eum
295 1453 475 1486 ollendere
497 1454 646 1496 debeat,
670 1454 729 1497 qui
755 1462 827 1510 tegi
858 1465 950 1486 auro
977 1452 1318 1493 V11‚279‚n0dar1
1337 1453 1375 1484 in
1393 1465 1522 1485 aurum
1543 1453 1603 1494 IV,
1622 1451 1700 1491 138,

186 1502 326 1534 armari
347 1512 439 1533 auro
465 1502 522 1541 III,
546 1501 628 1542 517,
653 1498 805 1545 Χρυσὸν
833 1497 874 1534 δ’
895 1496 1012 1538 αὐτὸς
1034 1498 1140 1533 ἔδυνε
1171 1497 1256 1543 περὶ
1288 1497 1375 1543 χροὶ·
1399 1506 1435 1531 et
1460 1498 1586 1531 similia
1612 1508 1701 1542 pro-

185 1547 329 1580 baverit.
378 1546 472 1579 Idem
498 1547 551 1579 vir
575 1548 719 1581 doctiss.
748 1548 874 1593 Finem
907 1558 1019 1591 equos
1052 1559 1145 1579 auro
1191 1547 1301 1590 (quod
1333 1557 1400 1578 non
1431 1546 1590 1578 Latinum
1628 1551 1699 1582 est;

186 1606 266 1626 nam
301 1605 425 1638 equum
459 1594 527 1637 ting
512 1594 558 1626 ⁰it
590 1595 759 1646 migister
785 1594 959 1626 domando
996 1605 1036 1626 ac
1071 1593 1258 1636 docendo),
1291 1593 1348 1625 vel
1385 1605 1496 1637 equos
1521 1604 1635 1632 auro,
1662 1597 1700 1622 ut

188 1639 306 1674 abiete
327 1652 471 1693 puppes
499 1639 640 1683 accipit.
688 1641 757 1673 Sed
783 1647 819 1672 et
843 1641 918 1685 ipse
945 1639 1119 1680 Heinsius,
1145 1652 1220 1672 cum
1245 1652 1264 1672 a
1290 1639 1382 1672 Beda
1408 1641 1437 1671 J.
1463 1652 1492 1671 e.
1519 1640 1604 1672 auri
1619 1637 1700 1670 lau-

187 1688 306 1720 datum
332 1687 387 1729 sit,
414 1686 449 1717 in
476 1687 544 1718 hoc
573 1686 772 1725 inclinabat,
800 1693 837 1718 ut
862 1699 965 1719 auris
990 1699 1069 1731 equi
1093 1686 1360 1730 intelligeretur.
1404 1687 1517 1718 Nemo
1542 1692 1700 1718 nostrum

190 1739 257 1774 est,
285 1733 343 1777 qui
368 1744 437 1764 non
463 1732 637 1764 interdum
662 1734 697 1764 in
724 1733 809 1765 tales
835 1735 940 1765 tricas
966 1733 1115 1771 incidat,
1153 1745 1238 1777 quas
1264 1733 1331 1765 sibi
1355 1733 1430 1776 ipse
1456 1733 1578 1764 induit.
1627 1733 1698 1774 (Me

188 1779 327 1824 quidem
354 1786 389 1811 et
412 1779 524 1822 ipsum
550 1779 698 1811 offendit
711 1779 797 1811 illud
820 1792 923 1812 auro.
970 1781 1059 1812 Nam
1087 1779 1191 1811 etiam
1211 1780 1277 1812 hoc
1302 1779 1336 1811 in
1358 1791 1486 1822 genere
1505 1780 1699 1811 observan—

188 1828 252 1859 dus
274 1833 327 1859 est
352 1837 430 1857 usus
453 1825 641 1869 loquendi,
667 1827 723 1869 qui
744 1826 917 1858 interdum
946 1825 1206 1869 angustioribus
1230 1826 1508 1869 circumscriptus
1536 1832 1590 1858 est
1616 1824 1698 1856 fini-

190 1873 269 1915 bus,
294 1884 396 1916 quam
417 1883 515 1915 quos,
542 1872 660 1915 prouti
679 1872 842 1913 libuerit,
870 1873 1038 1905 excedere
1069 1872 1182 1905 liceat.
1230 1874 1275 1905 Et
1300 1885 1430 1905 aarum
1457 1884 1562 1917 saepe
1585 1872 1699 1904 deuo—

188 1927 238 1952 tat
259 1932 360 1960 vasa,
386 1919 634 1961 instrumenta,
668 1931 759 1952 arma
795 1931 919 1959 aurea,
952 1919 1149 1963 variamque
1180 1919 1429 1964 supellectilem
1457 1931 1497 1951 ex
1526 1930 1610 1951 auro
1641 1918 1699 1950 fa—

189 1973 300 2006 ctam3
334 1965 397 1998 sed
421 1977 602 1998 currum
626 1978 814 1999 aureum
839 1966 894 1998 vel
921 1965 1033 1998 simile
1062 1966 1143 2010 quid
1170 1979 1187 1998 a
1214 1967 1314 1998 bonis
1340 1966 1570 2010 scriptoribus
1596 1964 1698 1997 auri

189 2013 359 2046 vocabulo
379 2012 570 2056 appellari,
595 2024 665 2045 non
689 2012 837 2045 memini.
888 2014 1100 2056 Quamquam
1122 2020 1236 2045 autem
1260 2013 1374 2054 video,
1400 2019 1521 2045 contra
1542 2012 1698 2056 optimo-

194 2072 268 2092 rum
288 2060 444 2092 codicum
466 2060 707 2092 auctoritatem
726 2059 815 2092 nihil
844 2071 918 2092 esse
940 2059 998 2092 hic
1017 2060 1247 2092 innovandum
1261 2085 1269 2099 ‚
1303 2066 1417 2092 tamen
1435 2058 1644 2104 relinquitur
1662 2059 1698 2090 in

189 2118 228 2139 re
258 2106 364 2138 dubia
397 2105 501 2138 etiam
531 2107 757 2139 hariolationi
792 2107 901 2138 locus.
960 2107 1053 2146 Quid
1089 2107 1216 2149 igitur,
1242 2107 1270 2139 si
1294 2107 1461 2148 Virgilius
1496 2105 1696 2150 scripserit:

189 2154 318 2198 Iungit
342 2165 463 2197 equos,
489 2156 602 2185 Aura
627 2166 647 2197 g
663 2152 842 2185 enitos‘?
870 2156 915 2185 At
938 2153 1052 2185 nullos
1078 2153 1233 2186 novimus
1258 2166 1377 2198 equos,
1404 2153 1463 2197 qui
1480 2156 1603 2186 Auram
1620 2164 1694 2184 ma-

190 2207 281 2232 trem
299 2200 464 2232 reserant.
512 2203 598 2232 Sunt
626 2207 739 2233 tamen
760 2199 840 2244 equi
860 2212 878 2232 a
898 2201 1029 2241 Borea,
1063 2201 1240 2244 Zephyro,
1264 2200 1459 2245 procreati;
1492 2199 1609 2244 potuit
1626 2199 1698 2242 igi-

190 2253 246 2279 tur
269 2246 371 2278 etiam
394 2250 485 2279 Aura
507 2247 655 2279 celerum
682 2259 847 2291 equorum
868 2259 943 2278 esse
966 2258 1105 2291 parens.
1137 2247 1253 2288 Quid?
1280 2248 1372 2291 quod
1394 2248 1426 2279 in
1447 2258 1609 2290 equarum
1629 2257 1699 2278 no-

191 2292 340 2325 minibus
360 2292 463 2325 etiam
488 2297 605 2326 Aura
635 2293 948 2326 commemoratur?
975 2293 1044 2326 Sed
1074 2305 1144 2325 non
1164 2294 1307 2326 multum
1335 2295 1451 2326 tribuo
1476 2293 1554 2326 111110
1575 2292 1697 2326 conie-

192 2346 329 2379 cturae3
355 2352 418 2372 1100
437 2339 607 2372 remittam
627 2340 794 2373 lectorem
820 2340 863 2372 ad
884 2340 1003 2372 miram
1024 2340 1117 2372 illam
1137 2353 1298 2384 equarum
1331 2341 1616 2384 conceptionem,
1653 2340 1696 2371 de

192 2398 257 2430 qua
288 2387 474 2430 exponitur
503 2387 545 2419 ab
575 2388 825 2431 interpretibus
857 2387 901 2418 ad
930 2388 991 2419 Ge.
1023 2388 1080 2427 ΙΙΙ,
1106 2389 1185 2421 271.
1205 2400 1280 2431 sqq.
1312 2389 1408 2430 lVr.)
1504 2388 1572 2421 818
1608 2387 1698 2418 loris

193 2443 257 2476 pro
278 2432 375 2476 seris·
400 2434 482 2467 Exc.
508 2435 688 2466 Burmann.
738 2447 806 2479 ‹Jue
830 2434 951 2466 aberat
975 2447 994 2466 u
1018 2435 1104 2477 Reg.
1149 2434 1343 2480 perfundit
1366 2433 1526 2466 Parrhas.

193 2534 318 2575 capul
338 2540 374 2563 v.
395 2540 451 2576 sq.
500 2527 597 2564 Male
623 2530 733 2566 Serv.
757 2527 835 2565 hoc
867 2528 919 2565 ad

193 2583 388 2620 Misenum
409 2584 551 2633 refert,
582 2585 647 2635 qui
671 2599 750 2622 non
776 2587 814 2623 in
845 2600 919 2623 na-

194 2640 393 2690 vigatione
412 2642 549 2691 periit,
571 2642 639 2679 sed
663 2656 820 2680 accessu
839 2643 918 2679 iam

196 2697 247 2734 ad
269 2698 489 2735 Cumanum
513 2698 626 2736 littus
646 2700 763 2736 sacto.

253 2758 336 2796 816
356 2768 437 2804 sqq.
479 2755 558 2802 Qui
586 2757 765 2805 sequitur
794 2757 917 2805 locus,

198 2826 247 2850 ex
303 2812 559 2849 ornatissimis
608 2819 685 2862 cst,
738 2814 917 2864 exemplo

198 2869 307 2907 haud
329 2869 448 2907 dubie
467 2870 521 2907 »in
540 2870 672 2921 priore
699 2877 811 2921 parte
830 2870 918 2907 llo-

197 2927 317 2977 meri,
356 2927 467 2965 Iliad.
503 2943 539 2977 ν,
582 2930 661 2968 123
697 2941 802 2979 sqq.,
852 2928 920 2978 qui

979 2534 1109 2565 tamen
1146 2528 1234 2579 plus
1271 2528 1526 2565 sublimitatis
1563 2526 1696 2576 habet,

976 2586 1016 2622 in
1045 2586 1184 2622 ceteris
1207 2585 1368 2622 alterius
1388 2585 1522 2622 Graeci
1545 2591 1696 2636 poetae,

975 2655 1194 2693 expressus,
1254 2642 1426 2679 Omnino
1458 2641 1535 2679 lioc
1570 2642 1696 2693 poetis

976 2700 1164 2747 sollenne,
1198 2699 1290 2736 deos
1310 2700 1484 2737 marinos
1508 2700 1696 2738 inducere

976 2756 1163 2793 monstris
1226 2757 1386 2794 marinis
1432 2758 1697 2795 alludentibus

977 2813 1244 2851 circumdatos
1283 2815 1560 2865 navigantibus
1599 2828 1697 2852 con-

977 2877 1141 2921 spectos
1202 2886 1299 2909 auro
1318 2872 1410 2923 iugo
1430 2885 1561 2910 aureo.
1604 2870 1696 2923 (po—

977 2929 1074 2966 tius:
1125 2930 1309 2967 currui
1350 2943 1492 2980 aureo,
1537 2931 1698 2979 iungere
