1811 3388
385 192 789 246 AENEIDOS
828 194 966 242 ΜΒ.
998 194 1057 254 V,
1096 193 1386 244 375--393
1547 198 1644 244 777

139 330 268 376 Nate
292 323 413 384 dea,
450 322 490 369 si
516 336 680 369 nemo
702 317 861 368 audet
881 333 936 365 se
959 315 1178 365 credere
1201 330 1426 380 pugnae,

141 398 287 456 Quae
310 392 430 440 finis
452 389 658 440 standi?
697 403 804 454 quo
829 403 918 435 me
944 385 1100 434 decet
1121 402 1291 449 usque
1310 387 1515 436 teneri?

138 467 345 514 Ducere
370 460 510 508 dona
532 459 669 509 iube.
723 457 912 507 Cuncti
933 455 1088 504 simul
1112 471 1205 503 ore
1224 453 1530 503 fremebant
1551 460 1652 507 385

137 529 495 591 Dardanidae,
533 528 799 593 reddique
822 527 935 574 viro
959 525 1219 590 promissa
1246 524 1515 577 iubebant.

139 601 237 650 Hic
258 600 424 664 gravis
440 598 713 648 Entellum
738 596 887 645 dictis
913 596 1123 658 castigat
1151 598 1374 655 Acestes,

139 675 435 720 Proxumus
456 677 515 716 ut
536 667 795 716 viridante
817 675 937 714 toro
962 663 1277 713 consederat
1304 663 1527 715 herbae:

138 739 373 799 Entelle,
408 738 640 786 heroum
664 735 940 802 quondam
966 732 1253 782 fortissime
1274 732 1482 797 frustra,

143 814 380 858 Tantane
404 817 512 856 tam
534 808 738 873 patiens
760 805 911 854 nullo
936 804 1224 853 certamine
1253 803 1366 851 tolli

142 883 296 928 Dona
318 879 490 928 sines?
527 877 619 926 ubi
639 892 784 924 nunc
808 875 964 923 nobis
987 874 1117 922 deus
1138 873 1227 921 illc
1254 874 1518 937 magister,

143 947 522 1014 Nequidquam
574 954 904 995 memoratus
967 947 1101 1006 Eryx
1123 948 1145 991 Ρ
1215 942 1307 991 ubi
1365 941 1506 991 fama
1560 960 1658 1009 per

927 1028 1150 1062 omnem

148 1087 473 1134 Trinacriam
488 1126 499 1148 ,
540 1093 592 1134 et
611 1083 775 1150 spolia
801 1082 884 1131 illa
908 1083 1009 1132 tuis
1032 1081 1323 1147 pendentia
1346 1084 1495 1130 tectis
1510 1089 1531 1132 ?

216 1185 330 1230 391.
370 1193 510 1240 ILLE,
547 1191 814 1226 MAGISTER
850 1179 909 1226 N.

1555 811 1657 857 390

1026 1183 1140 1228 392.
1178 1189 1520 1238 MEMORATUS,

238 1330 308 1364 384
338 1329 453 1375 Quis.
473 1336 566 1369 tres,
599 1337 632 1362 et
655 1330 743 1371 Quis
771 1327 919 1360 totidem
948 1327 1007 1360 alii
1041 1327 1133 1372 apud
1164 1328 1276 1359 Burm.
1303 1339 1377 1359 cum
1411 1328 1481 1358 Ers.
1516 1328 1559 1359 cf.
1586 1338 1659 1370 sup.

147 1376 192 1408 ad
210 1377 250 1415 11,
276 1377 355 1410 554.
404 1378 521 1409 stanti
539 1377 682 1408 Mentel.
706 1388 758 1419 pr.
809 1374 943 1407 stando
967 1381 1047 1406 tert.
1068 1387 1085 1406 a
1108 1386 1152 1406 m.
1179 1387 1232 1418 pr.
1282 1386 1353 1418 quo
1380 1387 1433 1406 me
1457 1373 1555 1405 tedet
1574 1381 1661 1405 ante

149 1431 173 1457 t.
195 1423 302 1456 Goth.
330 1430 425 1463 tert„
451 1430 625 1466 corrupte.
676 1435 789 1466 usque
815 1422 951 1454 morari
979 1421 1112 1465 aliquot
1141 1421 1230 1453 Pier.
1262 1428 1296 1452 et
1323 1422 1422 1459 Ven„
1449 1432 1489 1452 ex
1514 1419 1659 1464 interpr.

148 1470 217 1503 385
248 1469 424 1513 serebant
462 1470 594 1502 Zulich.
689 1470 758 1503 386
784 1466 928 1500 iubebat
963 1480 1002 1499 ex
1037 1469 1172 1499 Donato
1211 1467 1254 1499 ad
1290 1468 1434 1498 Terent.
1478 1468 1660 1498 Burmann.

148 1517 215 1550 387
237 1516 432 1548 Hentellus
454 1522 490 1548 et
507 1516 681 1550 Antellzts
698 1515 755 1547 hie
777 1521 811 1546 et
834 1514 868 1545 in
893 1525 967 1557 sqq.
992 1514 1116 1546 vitiose
1137 1514 1293 1546 scribunt
1310 1513 1485 1554 Goffiani,
1510 1512 1560 1544 uti
1582 1524 1662 1545 mox

152 1564 269 1595 Ilerix
298 1574 362 1606 pro
392 1566 506 1606 Eryx.
602 1563 670 1597 388
704 1561 913 1594 considerat
939 1567 1010 1593 tres
1049 1561 1141 1604 apud
1161 1562 1274 1592 Burm-
1324 1559 1437 1592 herba
1467 1571 1551 1591 unus
1572 1560 1661 1592 Pier-

150 1621 225 1641 cum
255 1609 325 1642 Ers.
420 1609 490 1644 390
520 1610 726 1641 discrimine
758 1606 906 1639 Dorvill.
1010 1608 1074 1642 391
1110 1609 1201 1639 sinis
1232 1619 1288 1640 un.
1318 1609 1430 1639 Burm.
1463 1618 1537 1638 rum
1572 1605 1662 1638 binis

149 1655 306 1696 Heinsii,
332 1656 425 1700 quod
444 1656 522 1688 huic
542 1656 680 1699 quidem
704 1653 895 1697 elegantius
922 1653 1116 1686 videbatur.
1157 1654 1219 1697 (ita
1241 1653 1341 1685 etiam
1360 1655 1395 1687 Ξ.
1417 1653 1449 1686 5.
1476 1673 1519 1677 —
1546 1654 1662 1684 Muta—

150 1709 186 1734 ta
210 1702 276 1735 hoc
297 1709 332 1734 et
352 1702 512 1746 proximo
541 1714 640 1734 versu
665 1700 948 1744 interpunctione
976 1700 1103 1733 fortior
1135 1708 1168 1732 et
1196 1700 1414 1732 numerosior
1444 1698 1558 1731 evadit
1578 1710 1663 1731 ora-—

150 1749 224 1787 tio;
251 1761 315 1781 nec
341 1748 453 1781 locum
480 1749 538 1781 hic
564 1748 672 1780 habet
700 1746 821 1788 nobis,
846 1747 912 1778 nisi
942 1759 1017 1779 cum
1046 1759 1121 1779 voc.
1149 1748 1324 1791 magister
1351 1745 1592 1788 copulaveris3
1631 1753 1665 1778 et

151 1795 199 1828 ita
221 1796 326 1828 verba
345 1794 449 1828 nobis
476 1796 566 1828 deus
588 1796 651 1828 ille
679 1795 855 1840 magister
876 1793 989 1838 iungit
1009 1793 1113 1826 etiam
1133 1793 1283 1827 Servius.
1313 1793 1408 1837 lVr.)

211 1925 401 1974 385.sqq.
424 1924 581 1962 Primae
594 1924 721 1962 lineae
733 1923 770 1960 in
789 1922 879 1960 Ho-

153 1995 264 2020 mero
282 1995 319 2020 v-
333 1984 428 2022 676.
442 1996 524 2032 sqq.
539 1996 548 2030 3
580 1988 619 2019 at
632 1995 750 2031 quam
766 1993 879 2030 egre-

155 2041 213 2090 gie
246 2039 447 2077 coloribus
475 2040 555 2076 suis
577 2053 597 2075 a
618 2045 735 2090 poeta
758 2037 882 2074 indu-

158 2098 260 2134 ctae!
301 2096 461 2133 Acestes
490 2098 585 2137 387.
607 2098 787 2146 graviler
813 2109 882 2131 ca—

157 2155 287 2204 stigat.
349 2154 406 2190 lta
432 2154 577 2190 malini.
619 2152 761 2205 (recte,
801 2152 882 2188 vid.

158 2211 285 2249 Iacob.
309 2213 525 2261 Disqltt'sil.
553 2211 776 2259 l‘''irgz.'lian.
800 2210 838 2246 P.
857 2209 882 2246 l.

158 2283 196 2320 p.
232 2272 294 2309 10.
339 2267 452 2320 blsr.)
522 2268 602 2304 Nee
632 2268 731 2304 niale
752 2274 883 2304 tamen

157 2328 301 2377 gravis
331 2326 514 2372 omnino,
557 2326 743 2375 quoniam
763 2337 883 2361 senex

160 2390 268 2432 erat3
299 2384 445 2434 quippe
469 2396 578 2420 senes
603 2389 732 2419 aetate
753 2388 789 2418 et
809 2395 883 2418 au—

161 2442 350 2479 ctoritate
374 2453 513 2491 graves
548 2440 758 2477 habentur.
821 2439 884 2475 Si-

160 2500 263 2537 milis
284 2499 503 2549 increpatio
531 2498 703 2535 Pandari
734 2497 781 2533 ab
809 2498 887 2533 Ae-

161 2570 236 2594 nea
258 2556 366 2594 Iliad.
401 2572 429 2603 ε,
465 2559 540 2597 171
569 2570 651 2606 sqq.
713 2555 886 2592 Omnino

163 2614 456 2665 obiurgationes
493 2613 685 2651 eiusmodi
726 2613 764 2649 in
800 2613 887 2649 110-

163 2684 272 2709 niero
323 2677 542 2708 occurrunt
584 2671 737 2722 plures,
786 2684 823 2707 v.
856 2684 888 2706 c.

167 2728 370 2766 Minervae
393 2728 536 2779 Odyss'.
557 2745 589 2780 χ,
610 2729 704 2769 224.
737 2728 890 2765 Hecto-

164 2786 218 2823 ris
241 2785 347 2822 Iliad.
380 2801 421 2833 0,
452 2785 535 2827 440
566 2800 643 2835 ΜΗ
685 2799 780 2835 quas
810 2798 890 2822 non

167 2842 278 2880 facile
316 2843 496 2879 manibus
534 2843 709 2880 dimittet
761 2849 888 2892 poeta,

168 2900 257 2950 quia
280 2900 360 2937 vim
382 2905 421 2936 et
441 2895 648 2951 δεινότητα
669 2900 796 2937 oratio
816 2899 890 2936 lia-

939 1923 1018 1960 bet.
1105 1924 1199 1963 389.
1250 1924 1400 1960 frustra
1449 1921 1665 1960 fortissime

942 1980 1035 2018 011111
1062 1979 1167 2017 inter
1195 1979 1357 2027 heroes,
1399 1993 1450 2016 sc.
1481 1980 1667 2028 quando-

941 2037 1102 2087 quidem
1135 2051 1243 2074 nunc
1268 2038 1374 2074 iners
1403 2036 1580 2085 desides,
1619 2043 1667 2074 ut

941 2095 987 2142 ll,
1020 2094 1114 2136 348.
1136 2094 1230 2134 349.
1260 2094 1668 2144 Iuvenessortis-sima

929 2153 1090 2203 siu-slra
1126 2160 1377 2202 ])eCl01·a-—.
1431 2154 1525 2192 391.
1570 2153 1667 2192 392.

942 2209 1170 2260 gravissima
1202 2208 1447 2259 obiurgatio:
1479 2211 1672 2258 magister

944 2269 1053 2316 L'tjix
1082 2266 1122 2304 h.
1158 2279 1189 2303 e.
1237 2266 1359 2316 gloria
1392 2265 1511 2313 haec,
1560 2265 1670 2316 quod

943 2325 1109 2374 Erycem
1124 2323 1285 2360 heroem
1308 2322 1393 2374 (scd
1414 2323 1551 2372 maius,
1573 2324 1670 2360 cleas

944 2382 1030 2431 ille)
1075 2382 1305 2431 magistrum
1346 2381 1545 2432 pugilatus
1593 2381 1670 2418 ha-

945 2439 1075 2476 buisti.
1111 2439 1246 2490 Erycis
1271 2445 1400 2476 autem
1422 2451 1568 2476 nomen
1594 2439 1672 2476 fuit

946 2510 1133 2546 inagnum
1183 2497 1383 2548 pugilatu,
1425 2496 1570 2547 quippe
1605 2496 1672 2547 qui

946 2554 1157 2591 Herculem
1205 2554 1344 2605 ipsum
1368 2554 1606 2604 provocavit
1634 2568 1672 2592 v.

946 2611 1030 2652 412
1076 2626 1159 2661 sqq.
1213 2627 1251 2649 v.
1292 2612 1451 2649 Diodor.
1492 2611 1566 2660 IV,
1607 2614 1672 2652 83.

950 2670 1062 2706 Paus.
1096 2670 1168 2716 lv,
1212 2673 1279 2717 36,
1307 2684 1392 2720 pag.
1436 2672 1529 2710 372.
1571 2669 1673 2706 conf.

949 2733 1040 2778 post
1062 2728 1159 2764 alios
1179 2727 1396 2764 Burmann.
1417 2728 1499 2764 Sec.
1518 2726 1568 2762 ad
1588 2726 1674 2763 Nu-

949 2785 1075 2821 misni.
1112 2785 1215 2821 Sicil.
1255 2785 1294 2821 111
1337 2784 1501 2822 Dorvill.
1534 2783 1675 2820 Siculis

952 2856 986 2892 p.
1010 2845 1092 2882 399
1113 2856 1195 2891 sqq.
1260 2842 1372 2879 Adde
1398 2842 1562 2878 Excurs.
1585 2840 1617 2876 11
1638 2844 1676 2875 et

952 2899 998 2935 dc
1028 2901 1178 2936 li'nlvllo
1194 2900 1355 2937 Excurs.
1383 2899 1442 2935 111.
1478 2921 1525 2926 -—
1565 2896 1676 2933 nobis
