1779 3420
120 224 222 272 244
468 219 1078 270 EXCURSUS
1152 219 1303 267 XIII

120 366 200 389 non
223 352 304 389 nisi
332 349 404 388 sub
431 352 671 399 discessum,
704 350 826 389 modo
862 350 913 388 ad
945 357 1141 388 terrorem
1171 348 1421 397 faciendum,
1455 346 1575 385 niodo
1600 346 1648 384 ad

121 423 268 448 numen
290 410 543 458 testandum,
576 409 737 447 mortali
757 409 888 446 forma
909 416 1050 457 exuta,
1084 408 1218 446 divina
1241 407 1369 460 specie
1392 419 1540 444 numen
1560 419 1653 457 spe-

120 469 319 506 ctantium
346 469 483 507 oculos
512 468 793 520 praestringat.
854 467 995 518 Itaque
1031 465 1072 504 11.
1098 466 1123 504 l.
1162 466 1341 504 divinam
1373 464 1542 518 speciem
1572 477 1652 501 nu-

118 540 291 578 menque
315 531 448 578 arguit
476 527 617 579 pulcra
663 525 825 572 cervix,
869 539 981 563 coma
1008 524 1188 562 suaviter
1213 524 1391 576 spirans,
1424 523 1528 575 palla
1556 522 1653 559 deae

120 586 321 635 defluens,
357 599 449 623 cum
483 591 598 622 antea
631 582 849 621 venatricis
877 596 989 621 more
1017 588 1121 620 esset
1151 584 1377 632 succincta,
1407 580 1653 631 tandemque

118 645 307 682 incessus.
368 643 586 682 Videamus
606 641 655 679 de
677 641 855 692 singulis,

236 702 397 740 Scilicet
422 702 453 739 si
479 702 670 739 abeuntes
694 712 845 737 numen
873 698 1131 736 manifestum
1163 710 1210 734 ac
1238 698 1465 735 confessum
1487 696 1653 745 faciunt,

119 761 238 812 signis
266 762 348 798 sere
383 767 504 811 atque
536 759 644 796 notis
673 757 714 795 id
746 757 901 794 faciunt
933 756 1216 806 sequentibus:
1256 755 1430 793 Peractis
1456 754 1655 792 mandatis

118 820 241 858 modo
263 818 476 857 discedunt
498 817 553 855 sic
583 823 630 855 ut
655 816 708 853 ad
729 816 947 867 Olympum
966 814 1161 862 redeant,
1201 819 1249 852 ut
1278 813 1327 851 de
1356 812 1558 851 Mercurio
1588 813 1654 851 iu·-

118 878 232 916 venis
255 877 395 914 faciem
417 876 589 914 mentito
612 874 758 927 Odyss.
779 890 815 922 κ,
848 876 944 916 307.
972 876 1056 914 308
1082 875 1229 924 Νῆσον
1252 867 1322 912 a'v’
1353 868 1558 924 ὑλήεσσαν
1590 871 1655 909 ille

119 936 172 974 ad
189 936 410 987 Olympum
439 934 565 973 redit:
598 933 720 970 modo
740 932 874 970 subito
898 945 947 969 ex
975 937 1194 983 conspectu
1218 944 1380 979 eorum,
1414 929 1653 981 quibuscum

119 994 411 1045 loquebantur,
453 993 717 1039 auferuntur,
758 996 1003 1029 evanescunt
1035 990 1099 1028 vel
1128 989 1307 1029 avolant.
1369 989 1476 1026 Alias
1500 988 1654 1026 abeun-

121 1060 201 1101 tes,
238 1054 366 1090 forma
389 1051 590 1089 adscititia
612 1051 786 1098 abiecta,
821 1049 1000 1087 divinam
1033 1048 1202 1100 speciem
1235 1062 1256 1084 a
1281 1053 1388 1098 tergo
1417 1047 1653 1085 ostendunt.

119 1112 185 1148 Sic
211 1111 354 1163 Apollo
376 1111 416 1147 in
445 1110 573 1147 Butae
592 1110 762 1147 formam
789 1121 1028 1145 conversus:
1068 1107 1262 1145 Morlales
1284 1107 1415 1143 medio
1441 1106 1654 1156 aclspeelus·

118 1184 295 1207 sermone
325 1169 484 1220 reliqui!
502 1198 511 1216 ,
547 1169 600 1205 Et
625 1168 772 1218 procul
797 1169 838 1204 ιἰι
871 1175 1026 1204 tenuem
1057 1181 1105 1202 ex
1139 1165 1264 1202 oeulis
1295 1167 1461 1202 evanuit
1487 1178 1648 1201 aarum.

118 1229 361 1279 Adgnovere
379 1228 500 1264 deum
521 1241 702 1277 proceres·
724 1226 946 1276 divinaque
971 1225 1051 1261 tela
1070 1223 1359 1270 Ikzmlaniclae,
1392 1223 1653 1273 pharetram-

118 1301 194 1337 que
210 1287 329 1336 sitga
352 1299 503 1323 sensere
526 1293 750 1330 sommlem,
788 1283 887 1322 Aen.
912 1283 982 1330 IX,
1016 1283 1099 1324 657
1123 1295 1179 1332 sq.
1242 1280 1467 1333 Apollinem
1493 1280 1559 1318 hie
1589 1280 1653 1318 vi-

119 1345 188 1383 des
210 1345 250 1382 in
276 1357 406 1382 aerem
430 1343 656 1392 sublatum,
689 1355 780 1380 cum
803 1341 895 1379 alibi
916 1341 1022 1378 nube
1044 1340 1108 1378 vel
1132 1340 1304 1378 obscura
1329 1340 1494 1391 caligine
1516 1339 1653 1376 invol—

119 1410 220 1441 vant
242 1416 281 1440 se
304 1403 381 1450 dii,
416 1403 564 1454 quippe
595 1401 665 1452 qui
689 1401 876 1448 omnino,
908 1406 955 1437 ut
979 1399 1097 1437 invisi
1117 1399 1218 1446 sint,
1251 1398 1358 1436 nube
1389 1411 1428 1435 se
1458 1398 1652 1449 operiant,

119 1469 241 1513 atque
262 1474 328 1499 eos
351 1474 532 1512 quoque,
562 1474 663 1511 quos
686 1459 910 1497 subduccre
928 1458 993 1496 vel
1021 1458 1226 1495 occultare
1246 1457 1415 1505 volunt,
1451 1456 1556 1494 nube
1579 1456 1653 1494 ob—

119 1521 294 1567 ducant,
328 1526 375 1557 ut
402 1519 518 1556 toties
537 1519 647 1570 apud
672 1518 893 1556 Homerum
920 1517 975 1555 fit.
1019 1516 1097 1553 Sed
1123 1516 1208 1553 aliis
1228 1516 1325 1553 locis
1347 1516 1538 1553 abeuntes
1559 1514 1652 1553 deos

119 1579 298 1617 declarat
318 1578 495 1615 incessus
522 1578 621 1616 levis
644 1591 689 1614 ac
719 1576 843 1625 celer,
876 1582 916 1613 et
942 1575 1099 1613 volanti
1128 1574 1289 1623 similis,
1323 1581 1369 1612 ut
1388 1574 1460 1612 vix
1482 1573 1653 1626 pedibus

122 1644 271 1675 terram
311 1636 530 1687 attingant,
588 1635 718 1687 qualis
761 1635 924 1673 omnino
968 1634 1135 1671 deorum
1179 1633 1357 1670 incessus
1390 1646 1472 1669 esse
1510 1633 1652 1679 fertur,

154 1694 171 1708 .,
316 1690 324 1704 f
459 1691 468 1703 Ι
650 1691 658 1704 ,
894 1693 899 1699 .
1231 1692 1237 1699 .

121 1712 213 1736 ουτε
244 1700 381 1748 χθονα
413 1709 569 1746 μαρπτε
605 1695 824 1743 ποδεσσιν,
856 1692 968 1730 Iliad.
999 1694 1031 1740 ξ,
1064 1693 1161 1732 228.
1195 1693 1243 1729 cl.
1275 1691 1371 1731 284.
1399 1691 1498 1739 285,
1531 1690 1652 1728 modo

120 1755 257 1792 stellae
279 1754 416 1791 fatuae
441 1752 615 1801 cadenti,
636 1752 750 1790 Iliad.
781 1753 815 1800 δ,
848 1753 916 1798 75,
948 1750 1071 1788 modo
1094 1750 1315 1797 columbae,
1347 1749 1469 1787 modo
1502 1749 1651 1800 accipi-

123 1813 194 1851 tris
216 1812 373 1850 volatui
402 1817 671 1863 comparatus,
733 1811 862 1848 Notus
898 1810 1011 1847 locus
1043 1808 1154 1846 Iliad.
1189 1824 1218 1855 ε,
1250 1810 1335 1849 778
1360 1808 1416 1847 Αἱ
1448 1805 1492 1847 δὲ
1520 1804 1652 1860 βάτην

122 1867 299 1924 τρήρωσι
323 1867 531 1911 πελειάσιν
562 1864 720 1921 ἴθμαθ’
752 1868 904 1921 ὁμοῖαι.
965 1868 1127 1918 Harpae
1163 1866 1305 1914 etiam,
1339 1879 1440 1916 quae
1467 1879 1516 1903 ex
1536 1866 1651 1917 aqui-

119 1930 251 1968 larum
281 1941 425 1979 genere
455 1934 538 1976 est,
570 1927 750 1965 Minerva
783 1927 893 1964 coelo
920 1926 1166 1963 descendens
1200 1939 1241 1962 as
1249 1925 1460 1962 imulatur
1481 1924 1593 1962 Iliad.
1619 1941 1650 1973 τ,

120 1991 217 2029 350
241 1989 337 2035 351,
369 1993 410 2024 et
431 1987 644 2038 Neptunus
673 1984 902 2023 Calchantis
931 1984 1074 2022 habitu
1102 1982 1225 2021 Acllix
1220 1998 1273 2021 os
1309 1983 1360 2020 ad
1382 1997 1587 2042 pugnam
1578 1982 1651 2020 ad-

119 2045 311 2084 hortatus
341 2045 452 2086 Iliad.
490 2062 524 2093 v,
556 2047 610 2087 62
638 2058 723 2095 sqq.
753 2040 884 2091 Αὐτὸς
915 2039 969 2093 δ’,
1013 2039 1108 2090 ωςτ’
1139 2043 1230 2094 ἴρηξ
1268 2058 1506 2093 ωκυπτερος
1547 2043 1651 2093 ώοτο

119 2104 317 2144 πέτεσθαι
353 2110 428 2141 etc.
461 2109 499 2141 et
532 2103 696 2140 subiicit
728 2077 973 2140 Aiax:n01i
1002 2101 1069 2139 hic
1096 2100 1172 2139 fuit
1205 2099 1395 2137 Calchas:
1415 2098 1544 2152 ’Ίχνια
1575 2115 1650 2153 γαρ

121 2160 346 2215 μετόπισθε
374 2163 518 2202 ποδῶν
545 2157 621 2213 ἠ’δὲ
643 2157 842 2213 κνημάων
863 2159 942 2200 Ῥεῖ
965 2159 1093 2214 ἔγνων
1114 2155 1305 2207 ἀπιόντος
1327 2157 1421 2207 (levi
1443 2159 1594 2196 scilicet
1614 2163 1651 2194 et

121 2234 314 2274 suspenso
342 2218 510 2274 gressu).
545 2216 763 2272 ἀρίγνωτοι
793 2217 837 2260 δὲ
867 2219 962 2259 θεοί
997 2234 1082 2271 περ.
1157 2216 1212 2255 At
1241 2217 1280 2255 in
1319 2217 1464 2269 OdySS.
1497 2234 1534 2265 α,
1567 2219 1651 2258 320

120 2279 317 2328 Mine1va‚
354 2293 445 2317 cum
477 2278 551 2317 sub
579 2278 736 2316 Mentae
770 2291 941 2330 persona
968 2275 1194 2314 Telemachi
1235 2276 1412 2313 animum
1448 2275 1650 2322 erexisset,

121 2335 277 2391 ἐπέβη,
312 2334 456 2389 ’Όρνις
479 2334 519 2377 δ’
542 2353 597 2386 ως
627 2333 805 2377 ἀνόπαια
834 2335 1034 2383 διέπτατο,
1068 2341 1108 2372 et
1136 2334 1279 2387 OdySS.
1303 2352 1339 2388 y,
1369 2337 1463 2375 371.
1479 2336 1561 2375 372
1583 2346 1650 2369 ess-

122 2396 212 2435 dem
233 2396 342 2447 apud
363 2396 507 2434 Nestor
510 2408 571 2432 em
597 2391 730 2448 απὲβη
754 2391 874 2450 Φήνη
895 2393 1107 2446 εἰδομένη·
1140 2391 1306 2445 stocyssog
1333 2388 1375 2432 δ’
1402 2391 1462 2432 ε’λε
1493 2407 1652 2439 παντας

122 2450 299 2503 ἰδόντας.
360 2454 465 2492 Hinc
489 2460 528 2492 et
550 2453 739 2492 Mer-cmii
769 2453 927 2491 volatus
961 2466 1081 2503 supe1
1102 2464 1211 2489 mare
1237 2451 1284 2488 fit
1310 2450 1494 2488 iadendo
1528 2450 1651 2488 mari:

122 2513 200 2551 Od.
226 2528 255 2559 ε,
288 2512 355 2554 51.
416 2513 620 2563 Serpentis
638 2513 794 2564 lapsum
821 2525 866 2548 ac
887 2517 1065 2548 tractum
1098 2523 1295 2559 nusquam
1322 2524 1339 2545 a
1366 2509 1492 2560 poetis
1522 2509 1649 2546 Grae-

123 2571 178 2609 cis
204 2570 289 2608 vidi
323 2569 491 2609 deorum
523 2570 694 2608 incessui
725 2569 971 2607 assimulari:
1012 2568 1105 2606 vide
1138 2574 1274 2605 tamen
1307 2569 1448 2618 Spenc.
1473 2567 1523 2604 ad
1553 2566 1591 2603 11.
1624 2567 1649 2606 1.

122 2629 330 2681 Singulare
354 2634 414 2666 est
434 2629 507 2668 inf.
533 2629 602 2676 IX,
638 2629 702 2670 15.
737 2630 801 2676 19,
835 2627 943 2678 quod
974 2626 1047 2664 Iris
1079 2639 1177 2663 arcu
1205 2631 1242 2662 et
1271 2638 1411 2662 sereno
1435 2625 1545 2663 coelo
1569 2625 1651 2662 dis-

122 2701 276 2726 cessum
301 2701 418 2725 suum
438 2687 660 2724 mirabilem
690 2685 797 2723 facit.

239 2747 338 2783 Cum
385 2745 446 2783 dei
480 2745 655 2782 discessu
689 2744 954 2781 coniunctum
986 2741 1194 2780 interdum
1224 2741 1351 2789 illud,
1404 2747 1451 2777 ut
1490 2746 1652 2791 praeter

124 2811 314 2843 naturam
344 2803 447 2841 mira
482 2803 611 2854 aliqua
640 2802 678 2839 vi
713 2801 814 2839 affici
843 2801 990 2838 sentiat
1012 2800 1133 2838 modo
1161 2799 1340 2837 animum
1362 2799 1484 2836 modo
1505 2812 1652 2850 corpus

122 2863 175 2912 is,
209 2862 276 2914 qui
298 2875 389 2900 cum
415 2862 490 2900 deo
512 2862 554 2898 in
574 2860 786 2899 mortalem
806 2865 963 2897 mutato
984 2864 1130 2909 egerat,
1191 2858 1255 2895 Sic
1283 2871 1403 2909 supra
1432 2863 1652 2895 memorato

123 2922 212 2960 loco
240 2920 349 2959 Iliad.
372 2936 407 2968 ν,
441 2923 495 2962 62
527 2933 583 2970 sq.
615 2918 870 2970 Neptunum,
903 2917 970 2968 qui
1007 2916 1236 2955 Calchantis
1264 2929 1478 2968 personam
1506 2915 1653 2953 indue—

124 2987 206 3027 rat,
251 2979 429 3030 agnoscit
471 2977 570 3016 Aiax
598 2991 792 3016 manuum
813 2976 1044 3029 pedumque
1079 2975 1241 3014 insolito
1261 2974 1397 3026 vigore
1425 2975 1655 3024 viriumque
