1811 3388
392 199 802 251 AENEmos
838 199 982 246 ΜΒ.
1015 200 1104 260 iv,
1143 202 1433 250 597—602
1560 207 1658 252 695

159 331 334 389 Quem
360 342 539 374 secum
561 324 756 388 patrios
781 324 925 372 aiunt
945 331 1157 388 portare
1186 323 1416 372 Penatis!

159 400 332 458 Quem
372 394 589 443 subiisse
637 392 876 442 humeris
920 391 1227 441 confectum
1259 400 1426 441 aetate
1465 409 1655 457 paren-

929 467 1064 511 tem!
1101 493 1170 499 ——

152 536 274 582 Non
298 532 449 597 potui
476 531 755 596 abreptum
780 530 1033 580 divellere
1056 547 1263 596 coerS,
1292 539 1344 579 et
1363 529 1521 579 undis
1556 537 1656 582 600

155 604 452 667 Spargere?
488 616 598 649 non
625 601 818 663 sociOS,
856 616 968 649 non
991 601 1164 666 ipsum
1194 600 1474 649 absumere
1510 598 1654 650 ferro

152 672 448 732 Ascanium,
470 670 755 736 patriisque
775 669 1104 736 epulandum
1118 686 1325 737 ponere
1348 669 1545 719 mensis
1557 676 1657 720 P—

245 811 312 845 598
344 811 415 852 Qui
443 810 512 843 hoc
552 817 588 842 et
619 822 694 854 seq.
721 823 753 843 v.
777 821 843 854 pro
879 822 983 855 quem
1011 809 1093 843 olim
1118 810 1183 843 fuit
1212 809 1358 852 lectum,
1397 815 1487 843 teste
1521 809 1654 843 Servio.

146 865 319 903 portasse
339 857 466 892 Medic.
487 865 522 889 et
540 857 687 889 Dorvill.
748 858 811 901 (lta
843 856 971 900 legisse
1000 857 1103 889 etiam
1131 857 1309 899 Servium,
1340 857 1454 901 possis
1484 856 1655 889 coniicere

153 915 193 935 ex
212 903 283 935 eius
303 904 457 936 scholio:
485 905 565 948 ⁷‚qui
586 903 682 936 aiunt
702 904 836 948 patrios
860 910 1003 948 penates
1031 907 1289 949 portasse.“
1337 905 1380 936 Et
1411 914 1513 949 quum
1540 903 1655 936 adhuc

150 949 231 981 illos
253 957 373 994 portet
394 954 545 991 Aeneas,
571 970 614 975 —
640 951 683 983 cf.
704 952 728 991 Ι,
748 951 816 984 378
843 962 894 994 sq.
921 956 957 982 et
986 949 1028 983 al.
1054 970 1099 975 -—
1126 950 1237 982 videri
1263 950 1397 995 poterit
1429 957 1602 996 portasse
1635 962 1654 982 a

151 997 389 1029 Grammaticis
410 997 443 1029 in
458 1005 611 1043 portare
627 1004 805 1029 mutatum.
854 997 955 1028 Certe
978 1009 1096 1029 versus
1115 997 1291 1030 subiectus
1318 997 1467 1040 probat,
1491 996 1579 1028 haec
1607 996 1653 1028 ita

149 1042 299 1086 intelligi
319 1044 469 1076 voluisse
493 1044 700 1087 Virgilium,
724 1050 762 1075 ut
779 1043 835 1075 hic
855 1055 991 1087 quoque
1019 1056 1136 1076 versus
1168 1044 1339 1076 referatur
1371 1043 1414 1076 ad
1444 1042 1532 1075 illud
1559 1049 1653 1074 tem-

149 1101 234 1134 pus,
260 1101 327 1133 quo
363 1102 403 1122 ex
436 1090 575 1123 incensa
608 1090 717 1122 Troia
744 1090 867 1122 extulit
899 1091 1045 1123 Penates
1072 1094 1218 1123 Aeneas.
1266 1090 1332 1123 Sed
1357 1089 1538 1135 quominus
1565 1089 1654 1122 hane

149 1136 336 1168 lectionem
357 1136 603 1180 amplecterer,
628 1137 841 1180 prohibebat
858 1143 948 1176 tum,
983 1137 1076 1181 quod
1093 1146 1261 1183 portasse
1287 1137 1331 1170 ad
1360 1136 1506 1181 proximi
1532 1136 1653 1177 Verbi,

150 1181 322 1223 subiisse,
359 1191 494 1227 tempus
527 1183 570 1215 ab
608 1184 723 1227 aliquo
759 1183 1052 1216 accommodatum
1085 1196 1160 1216 esse
1198 1183 1290 1216 haud
1319 1182 1552 1226 improbabile
1582 1190 1652 1222 est3

149 1236 240 1269 tum,
266 1229 358 1273 quod
381 1229 582 1273 exquisitior
603 1230 685 1271 ille,
710 1230 753 1262 de
775 1241 842 1274 quo
863 1229 933 1261 dixi
950 1230 985 1262 in
1004 1231 1088 1263 Not.
1111 1231 1155 1263 ad
1177 1233 1262 1263 Aen.
1293 1231 1318 1270 I,
1348 1231 1424 1271 99„
1456 1229 1653 1262 Praesentis

150 1286 229 1307 usus
243 1275 356 1307 locum
383 1276 440 1308 hic
468 1276 585 1308 hahet.
630 1279 790 1308 Penates
815 1276 939 1312 Medic.
961 1296 1004 1301 —-
1037 1277 1116 1313 599.
1137 1289 1279 1309 umeras
1306 1289 1325 1309 a
1353 1289 1398 1309 m.
1426 1288 1478 1320 pr.
1507 1275 1652 1315 Medic.;

151 1322 244 1365 quod
273 1321 381 1354 taceri
409 1328 570 1366 poterat,
603 1323 669 1355 nisi
698 1323 772 1366 quis
802 1323 895 1355 forte
924 1323 1093 1356 humeros
1130 1323 1304 1367 antiquam
1330 1321 1518 1356 lectionem
1545 1322 1652 1355 fuisse

151 1368 334 1400 existimet.
363 1371 444 1402 Ils'r.
553 1370 622 1403 600
658 1378 865 1415 arreptum,
899 1379 1085 1415 areptum,
1119 1369 1332 1416 abruptum,
1366 1370 1568 1411 devellere,
1604 1369 1650 1402 li-

151 1414 340 1446 brariorum
358 1414 519 1447 ludibria.
570 1416 738 1448 avulsum
759 1416 850 1460 apud
873 1417 996 1449 Donat.
1015 1416 1049 1448 in
1074 1418 1217 1450 Terent.
1234 1417 1341 1449 Andr.
1361 1417 1422 1457 IV,
1448 1417 1480 1455 3,
1508 1417 1541 1457 3,
1575 1428 1651 1449 me-

149 1461 279 1493 moriae
310 1461 422 1504 lapsu.
481 1474 614 1507 corpus
642 1462 816 1494 divellere
848 1463 982 1506 Menag.
1016 1475 1069 1507 pr.
1164 1464 1233 1498 602
1260 1464 1453 1509 patrisque
1479 1463 1534 1496 ed.
1562 1464 1650 1496 lunt.

148 1507 293 1540 Dorvill.
315 1514 349 1539 et
368 1508 485 1540 Lutat.
507 1508 550 1540 ad
582 1512 668 1541 Stat.
690 1509 804 1541 Theb.
834 1509 877 1550 V,
910 1511 989 1543 120.
1030 1522 1171 1554 ponere
1193 1511 1405 1542 Burmannus
1432 1509 1561 1553 primus
1590 1521 1650 1542 re—

147 1554 260 1598 cepit,
285 1561 321 1586 ut
341 1554 462 1598 scripti
484 1554 558 1586 fere
580 1566 698 1587 omnes
712 1581 720 1596 ‚
747 1555 847 1588 etiarn
870 1556 937 1588 duo
958 1556 1064 1589 Goth.
1085 1556 1240 1597 habent,
1266 1556 1370 1588 etiarn
1391 1555 1516 1596 Pierii,
1544 1568 1650 1601 prae-

146 1606 202 1632 ter
227 1612 329 1632 unum
361 1600 434 1633 eius
468 1601 676 1642 Mediceum,
710 1602 769 1645 qui
794 1601 948 1634 diversus
980 1615 998 1635 a
1028 1603 1244 1646 Fogginiano
1276 1609 1340 1634 est.
1387 1603 1425 1634 In
1452 1603 1520 1635 hoe
1549 1609 1587 1635 ut
1615 1603 1650 1636 in

145 1646 259 1690 vulgg.
278 1647 363 1683 edd:
378 1647 560 1691 legebatur
582 1660 784 1693 apponere3
810 1648 873 1692 (ita
894 1648 1004 1681 Palat.
1053 1650 1122 1682 Sed
1153 1655 1247 1682 errat
1267 1649 1444 1693 Heynius,
1476 1649 1512 1681 in
1545 1649 1649 1682 Pierii

145 1693 306 1726 Medieeo
330 1706 513 1739 apponere
534 1701 670 1726 exstare
698 1695 874 1735 referens,
909 1695 943 1727 in
971 1707 1038 1739 quo
1064 1708 1204 1741 ponere
1230 1695 1301 1739 legi
1329 1702 1477 1728 testatur
1504 1695 1649 1729 Pierius.

144 1739 214 1772 Sed
239 1740 446 1772 dissentiunt
478 1741 533 1773 hic
562 1741 724 1773 Heinsius
757 1747 791 1774 et
821 1741 1030 1785 Fogginius,
1064 1753 1210 1786 quorum
1238 1742 1298 1774 ille
1327 1755 1510 1788 apponere
1539 1743 1589 1776 ait
1611 1755 1649 1776 se

144 1786 270 1819 vidisse
290 1787 324 1818 iu
346 1787 526 1828 Mediceo,
550 1788 750 1832 Aproniano
775 1787 837 1820 illo
866 1797 967 1832 puta,
1002 1788 1059 1820 hic
1079 1801 1219 1833 ponere
1246 1789 1532 1834 repraesentavit.
1576 1803 1648 1835 po-

144 1845 231 1865 nere
265 1833 431 1865 exhibent
469 1833 571 1866 etiam
609 1834 866 1877 praestantiora
910 1835 1020 1867 Servii
1063 1835 1274 1879 exemplaria
1307 1847 1382 1868 cum
1411 1835 1489 1868 cod.
1522 1837 1648 1869 Dresd.

148 1880 244 1922 Wr.)
280 1880 348 1912 duo
375 1892 431 1924 ap.
455 1881 634 1912 Burmann.
659 1894 860 1926 opponere,
895 1881 984 1915 alter
1011 1882 1137 1915 Hamb.
1164 1883 1358 1929 imponere.
1405 1883 1476 1915 Sed
1498 1896 1648 1929 ponere,

144 1937 208 1969 pro
229 1939 412 1972 apponere
426 1953 435 1968 ,
456 1927 620 1971 frequens
639 1927 766 1972 poetis.

144 2048 282 2093 aptum
320 2042 381 2080 sit.
451 2043 597 2094 Nempe
642 2044 768 2081 omnis
804 2057 867 2082 res
927 2045 1025 2097 (vid.
1057 2058 1157 2095 quae
1195 2045 1312 2082 attuli
1353 2045 1404 2083 ad
1437 2046 1506 2094 XI,
1553 2050 1643 2088 172.

144 2106 298 2149 spectat
327 2100 377 2136 ad
403 2100 520 2137 iidem
562 2101 610 2137 ab
641 2102 794 2149 Aenea,
834 2102 866 2139 si
929 2101 1046 2155 [Vr.)
1078 2102 1117 2139 h.
1141 2116 1174 2142 e.
1204 2102 1260 2139 ita
1290 2102 1409 2139 fidem
1439 2110 1573 2141 servat
1598 2104 1644 2153 is,

144 2170 225 2193 non
251 2157 381 2193 verbis
408 2157 565 2206 datam,
595 2158 712 2195 rebus
734 2164 865 2196 tamen
924 2175 1039 2210 quem
1060 2163 1175 2197 αι’ῑιηι
1191 2168 1350 2209 portare
1377 2158 1466 2211 (pro
1487 2166 1643 2210 portas-

144 2213 236 2250 olim
257 2213 542 2251 confirmatam.
602 2215 739 2264 ltaque
758 2229 865 2253 nunc
920 2216 977 2269 se)
1004 2217 1102 2269 (vid.
1121 2217 1166 2254 V.
1191 2217 1231 2254 L.
1258 2216 1375 2267 er.)
1405 2231 1537 2255 seeum
1561 2219 1642 2255 Pe-

142 2270 302 2319 quidem
324 2283 363 2307 se
384 2271 437 2308 ait
458 2271 623 2321 perfidia
640 2273 721 2310 eius
744 2272 863 2323 tangi,
920 2282 1045 2310 nates.
1109 2274 1196 2311 ,Non
1232 2274 1332 2310 male
1358 2274 1522 2312 Ursinus
1550 2275 1641 2312 lau-

143 2341 266 2377 quum
293 2340 423 2365 serum
450 2329 527 2376 sit,
583 2335 668 2366 tuin
691 2359 701 2377 ,
740 2343 862 2379 quum
921 2331 991 2368 dat
1023 2331 1132 2368 Iliad.
1159 2332 1196 2382 β,
1234 2331 1329 2372 341.
1362 2327 1428 2370 ’Ev
1459 2331 1554 2383 πυρὶ
1590 2331 1640 2384 δή

141 2385 224 2422 eius
269 2385 360 2422 fidei
409 2399 448 2422 se
479 2399 627 2435 suaque
670 2387 861 2435 crederet,
921 2389 1064 2440 βουλαί
1085 2404 1125 2427 τε
1150 2390 1331 2440 γενοίατο
1355 2384 1485 2440 μήδεά
1507 2385 1547 2428 τ’
1569 2385 1639 2429 οἷν-

141 2449 363 2492 suspeelam
401 2456 483 2479 eam
524 2442 660 2480 haberi
698 2451 860 2495 oporte-
920 2447 1052 2497 ὁρῶν,
1082 2446 1268 2485 Σπονδαὶ
1306 2441 1346 2484 τ’
1374 2443 1540 2499 ἄκρητοι
1572 2446 1638 2487 καὶ

140 2499 220 2539 bat.
247 2498 364 2552 JVr.)
425 2499 487 2537 Ad
499 2501 733 2538 sententiam
750 2516 860 2539 coni—
919 2501 1067 2552 δεξιαὶ,
1099 2497 1164 2550 αἷς
1183 2501 1415 2555 ἐπέπιθμεν-

138 2569 279 2607 parare
298 2557 391 2594 licet
410 2557 569 2595 Medeae
591 2558 858 2596 conditionem

140 2627 201 2664 ap.
224 2614 406 2665 Apollon.
426 2615 488 2664 IV,
509 2618 617 2656 1080
636 2629 720 2666 sqq.
974 2618 1227 2658 600—602.
1247 2615 1452 2666 abreptum
1472 2619 1635 2654 divelle-

913 2688 953 2710 re
984 2688 1126 2723 eorpus
1149 2702 1159 2720 ,
1217 2678 1355 2710 ornate
1382 2702 1392 2720 ,
1446 2673 1635 2712 dilaniare

196 2725 277 2767 597
290 2730 448 2769 -599-
470 2730 520 2766 Ut
540 2743 624 2780 sup.
638 2731 734 2771 307.
766 2731 857 2767 Nec
914 2744 1016 2768 eum.
1051 2732 1276 2782 patriisque
1295 2731 1542 2780 epulandum
1554 2746 1634 2782 po—

140 2790 175 2818 le
193 2792 320 2820 noster
335 2799 469 2833 amor,
493 2802 562 2823 nee
584 2795 619 2823 le
639 2786 739 2824 (lala
758 2788 856 2824 dex-
912 2802 1000 2825 nere
1030 2788 1207 2825 mensis?
1253 2787 1410 2839 respicit
1440 2788 1633 2839 Thyestae

140 2847 221 2875 tera
242 2843 625 2890 quondam—tenet.
675 2845 739 2881 En
755 2844 855 2881 ‹lex-
912 2845 976 2882 vel
997 2844 1109 2883 Terei
1130 2857 1304 2882 coenam.
1365 2843 1528 2896 (ipsum,
1551 2845 1630 2884 vid.

139 2903 199 2932 tra
232 2897 417 2948 sule-sque
457 2912 507 2937 sc.
546 2900 627 2937 eius
649 2929 659 2948 ‚
722 2915 851 2951 quem,
914 2902 962 2950 Q.
983 2902 1028 2940 V.
1049 2901 1188 2951 XVIII,
1208 2905 1247 2952 3,
1269 2915 1302 2940 a.
1338 2901 1454 2953 lVr.)
