1779 3420
159 247 260 295 944

485 241 540 290 Ρ.
588 239 949 291 VIRGILII
992 237 1370 290 MARONIS

157 368 390 420 Districti
411 368 679 434 pendent3
719 365 895 426 sedet,
935 374 1326 431 aeternumque
1351 364 1577 427 sedebit,

158 437 349 491 Infelix
373 439 643 497 Theseus;
682 435 1050 502 Phlegyasque
1076 436 1408 484 miserrimus
1430 436 1607 484 omnis

159 509 458 573 Admonet,
490 518 542 558 et
561 523 754 570 magna
776 514 999 554 testatur
1024 522 1158 554 voce
1184 522 1283 571 per
1302 506 1543 556 umbras:

255 652 325 686 617
357 650 536 684 Destricti
576 647 707 680 Medic.
753 658 829 679 cum
860 645 983 688 fragm.
1017 644 1130 678 Vatic.
1167 645 1354 689 multisque
1388 646 1479 679 aliis.
1529 647 1692 683 Temere,

163 710 235 732 non
267 698 425 743 pendent
457 695 604 740 deligati
641 695 686 727 de
721 699 823 734 rota,
867 692 930 724 sed
975 699 1076 724 rotae
1112 691 1244 736 illigati
1288 693 1447 737 adeoque
1481 693 1694 726 distinemur

162 745 327 779 membris
352 743 542 777 distractis.
593 742 767 785 (districti
794 747 911 773 tuetur
937 738 1042 771 etiam
1078 739 1222 773 VVakef.
1258 740 1302 772 ad
1335 741 1475 773 Lucret.
1510 742 1554 782 V,
1590 740 1694 775 1064.

169 792 264 835 Wr.)

359 792 428 826 618
468 792 607 823 Tereus
651 788 735 821 olim
776 787 842 819 fuit
883 786 1033 819 Brodaei
1078 786 1276 819 emendatio
1324 787 1510 819 admodum
1557 787 1696 820 inscita.

162 839 257 873 Male
284 838 408 872 habuit
433 837 527 869 viros
555 836 704 876 doctos,
738 834 833 879 quod
859 833 1020 866 Theseus
1045 833 1139 866 inter
1172 833 1301 878 impios
1336 834 1478 866 habitus
1514 834 1590 877 (sed
1625 834 1695 867 vid.

165 886 286 929 Not.);
314 892 349 918 et
374 884 470 929 quod
494 884 589 916 idem
614 895 691 926 sup.
717 894 748 915 V.
774 881 844 917 393
873 880 965 913 inter
992 892 1071 921 eos,
1099 879 1157 924 qui
1184 880 1252 913 vivi
1278 883 1404 914 Orcum
1429 881 1578 925 ingressi
1604 888 1696 920 sunt,

163 939 375 966 memoratus
403 938 488 964 erat.
538 931 614 963 Hoc
642 928 782 962 nomine
807 935 971 960 notarunt
1004 927 1118 960 locum
1151 927 1220 960 iam
1254 934 1339 961 vett.
1375 928 1601 962 Grammatici
1640 941 1697 972 ap.

165 980 258 1014 Gell.
283 981 329 1019 X,
357 980 411 1014 16.
460 977 531 1011 Sed
556 989 620 1010 nec
646 977 690 1009 de
717 988 879 1020 regressu
904 975 954 1007 ibi
980 976 1185 1008 meminerat
1209 981 1336 1020 poeta,
1376 983 1407 1008 et
1433 975 1533 1008 licuit
1568 975 1600 1008 ei
1638 975 1696 1008 hic

165 1027 269 1061 aliam
293 1026 444 1060 fabulam
470 1025 580 1068 sequi.
629 1024 681 1057 Cf.
707 1023 730 1057 l.
763 1024 788 1057 l.

165 1075 372 1120 Plzleguas,
399 1072 490 1105 male
513 1071 664 1104 librarii.

166 1181 347 1221 Ixionem
369 1194 530 1232 quoque
549 1180 629 1218 iam
652 1194 692 1219 v.
711 1181 790 1222 601
815 1191 903 1216 me-

166 1246 418 1289 moraverat5
457 1239 545 1288 (sed
585 1238 670 1278 vid.
700 1238 744 1276 V.
779 1238 820 1276 L.
850 1236 903 1274 ad

167 1312 226 1338 VS·
251 1302 347 1340 602.
386 1298 505 1350 Wr.)
538 1297 718 1347 adeoque
750 1295 903 1333 enalla—

167 1370 215 1409 ge
246 1356 422 1405 numeri,
463 1370 584 1407 quam
619 1355 801 1393 inserunt
827 1353 902 1392 viri

170 1415 302 1464 docti,
336 1428 473 1452 carere
501 1427 726 1466 possumus.
777 1413 905 1450 radiis

173 1483 350 1511 rotarum
385 1473 556 1510 districti
589 1473 791 1522 pendent,
836 1484 905 1508 or-

169 1538 287 1579 nate3
309 1538 423 1569 rotae
441 1531 598 1582 illigatis
617 1529 807 1568 membris
821 1528 906 1566 dis-

169 1591 381 1638 tinentur,
432 1588 499 1629 ἐπὶ
542 1591 689 1642 τροχοῦ
728 1586 908 1628 κατατεί-

170 1663 333 1697 νονται,
367 1647 539 1699 petitum
563 1661 584 1683 a
618 1646 810 1684 tormenti
837 1658 907 1696 ge-

171 1719 291 1753 nere,
322 1705 432 1755 quod
455 1706 583 1756 ipsum
606 1719 680 1756 pro
711 1703 907 1755 supplicio

171 1763 381 1802 interdum
412 1763 509 1812 fuit3
545 1763 595 1799 de
634 1776 714 1813 quo
750 1762 909 1812 copiose

174 1821 303 1859 Cerda
318 1850 327 1867 ,
359 1821 415 1858 sic
435 1827 571 1857 tamen
585 1850 594 1867 ‚
631 1827 678 1858 ut
700 1820 817 1871 plura
838 1832 906 1869 ge-

174 1892 274 1918 nera
321 1884 618 1916 tormentorum
657 1877 908 1925 confundat3

174 1937 254 1976 hoc
273 1936 394 1987 igitur
412 1936 569 1987 equulei
587 1949 709 1987 genus
729 1936 780 1973 ad
798 1934 909 1973 Ixio-

176 1997 236 2034 nis
257 2008 427 2046 poenam
447 1995 687 2032 translatum
711 2000 782 2032 est.

234 2053 496 2095 617—625.
528 2052 664 2090 Multis
684 2052 815 2090 modis
845 2051 909 2089 sa-

175 2111 271 2149 bula
299 2110 348 2148 de
376 2110 528 2149 Theseo
566 2111 641 2149 suit
666 2115 840 2148 tractata
869 2114 909 2146 et

179 2176 344 2218 ornata,
385 2169 478 2208 vide
523 2183 561 2207 v.
599 2182 631 2207 c.
664 2169 784 2207 Ovid.
813 2167 909 2205 Met.

176 2227 260 2274 Vll,
282 2226 365 2268 433
389 2241 469 2278 sq.;
500 2241 573 2264 nec
602 2227 770 2276 mirum,
798 2227 908 2264 suere

178 2286 282 2323 enim
305 2285 462 2336 plures,
494 2285 562 2335 qui
591 2300 673 2322 non
699 2285 820 2323 modo
845 2290 910 2321 at-

176 2345 371 2394 tigerant,
402 2343 470 2380 sed
497 2349 537 2380 et
566 2343 778 2381 Theseides
810 2357 912 2380 eon-

181 2401 381 2439 diderant.
424 2401 569 2439 Actum
594 2402 710 2438 etiam
731 2402 780 2439 de
803 2400 913 2438 'she-

180 2459 234 2496 sei
267 2466 307 2496 et
337 2458 505 2497 Pirithoi
541 2459 734 2497 descensu
762 2459 806 2496 in
834 2458 912 2496 Mi-

180 2516 324 2566 nyade.
344 2531 381 2554 v.
406 2518 573 2555 Pausan.
594 2519 645 2564 X,
670 2520 737 2564 28,
757 2517 852 2555 item
872 2517 913 2554 in

180 2574 395 2611 Heracleis.
455 2575 556 2611 Nam
602 2575 796 2613 Hercules
844 2575 918 2612 de-

182 2644 324 2669 scensu
363 2631 414 2668 ad
450 2633 667 2670 Cerberum
708 2633 918 2670 adducen-

183 2690 280 2727 dum
321 2689 362 2726 in
398 2689 546 2727 inferos
585 2690 690 2728 facto
731 2691 920 2728 liberavit

186 2747 397 2786 Theseum.
426 2761 464 2784 v.
486 2746 670 2797 Apollod.
700 2748 745 2795 ΙΙ,
775 2748 815 2795 5,
853 2752 916 2796 12,

183 2820 221 2858 p.
258 2808 346 2848 122.
391 2804 512 2855 Apud
537 2804 756 2842 Homerum
777 2805 852 2842 Od.
879 2821 916 2852 κ,

183 2866 266 2906 630
298 2877 354 2913 sq.
395 2861 570 2899 Theseus
609 2877 698 2900 cum
734 2862 915 2899 Pirithoo

182 2921 226 2958 in
268 2920 407 2958 inseris
458 2921 703 2958 substiterat.
772 2920 917 2957 Noster

183 2984 302 3030 pocta
324 2977 402 3017 hoc
424 2978 627 3029 sequitur,
659 2984 706 3016 ut
728 2977 917 3028 Theseus,

824 1023 868 1056 ab
907 1021 1029 1057 Heius.
1067 1029 1104 1055 et
1136 1023 1251 1056 Burm.
1287 1023 1493 1068 Plzlegeas,
1526 1023 1698 1069 Flegeas,

962 1177 1013 1216 ob
1034 1183 1198 1228 raptum
1226 1177 1511 1229 Proserpinae,
1544 1177 1693 1215 sedeat.

961 1235 1051 1275 Hoc
1069 1235 1213 1274 habitu
1241 1236 1508 1288 poenitentiae
1529 1241 1567 1273 et
1586 1249 1699 1274 sum-

962 1295 1017 1333 mi
1037 1294 1231 1332 moeroris
1257 1308 1414 1332 sensum
1440 1294 1560 1347 prodi
1585 1300 1698 1346 puta.

964 1354 1023 1392 lta
1041 1353 1231 1390 sedebant
1255 1352 1430 1391 Theseus
1442 1359 1482 1391 et
1495 1352 1700 1390 Pirithous

963 1412 1006 1449 in
1029 1411 1167 1449 tabula
1193 1411 1404 1463 Polygnoti
1436 1426 1497 1463 ap.
1530 1411 1697 1449 Pausan.

964 1471 1017 1517 X,
1046 1471 1114 1510 29.
1175 1470 1226 1507 Et
1254 1470 1375 1507 talem
1404 1469 1601 1507 Theseum
1635 1482 1700 1506 se-

967 1528 1129 1566 dentem
1158 1527 1198 1565 in
1219 1528 1346 1566 Sarda
1370 1540 1605 1580 expressum
1635 1528 1701 1565 vi-

966 1586 1035 1624 des
1055 1599 1116 1637 ap.
1135 1586 1454 1630 Winckelmann.
1480 1600 1519 1625 n.
1539 1586 1598 1624 Cl.
1654 1585 1700 1622 ln

965 1650 1106 1696 patera
1126 1644 1281 1692 Italica,
1309 1646 1519 1683 Etruscam
1540 1649 1701 1691 vocant,

967 1716 1068 1753 quae
1090 1702 1267 1740 Veronae
1287 1710 1494 1752 servatur,
1525 1701 1702 1739 Theseus

967 1767 1153 1812 serpente
1183 1761 1458 1799 circumdatus
1487 1761 1700 1806 retinetur,

967 1818 1141 1856 Hercule
1168 1819 1429 1866 adveniente,
1463 1833 1523 1870 ap.
1551 1819 1701 1856 Passer.

968 1877 1066 1914 Pict.
1085 1877 1243 1914 Etrusc,
1261 1877 1372 1914 Tom.
1393 1877 1440 1926 ΙΙ,
1459 1891 1497 1928 p.
1517 1877 1584 1918 49.
1619 1875 1702 1923 Qui

967 1941 1191 1972 narrantur
1217 1940 1408 1985 στρωτοῖς
1451 1935 1495 1975 ἐν
1530 1933 1702 1985 λεχέεσσι

966 1992 1165 2041 iacentes,
1198 1993 1280 2030 alto
1303 2006 1445 2044 sopore
1465 1992 1634 2044 sepulti,
1661 1992 1703 2029 in

968 2051 1140 2088 Tartaro
1167 2050 1276 2102 apud
1302 2051 1522 2089 Hesiodum
1554 2049 1703 2100 Theog.

967 2111 1064 2150 797.
1097 2111 1191 2158 798,
1222 2108 1274 2146 ad
1302 2109 1469 2161 periurii
1500 2122 1570 2161 per
1605 2111 1703 2159 Sty-

967 2180 1053 2218 gem
1078 2180 1248 2218 poenam
1271 2168 1486 2218 pertinent.
1527 2166 1605 2205 Sed
1626 2166 1703 2203 mi-

967 2226 1152 2264 raculum
1176 2226 1233 2263 rei
1260 2226 1444 2264 additum
1477 2232 1535 2263 est
1565 2225 1607 2262 in
1643 2237 1702 2272 eo,

968 2284 1078 2334 quod
1100 2283 1276 2321 Theseus
1302 2298 1399 2322 saxo
1428 2284 1598 2331 insidet,
1631 2295 1704 2320 nec

969 2342 1065 2379 inde
1090 2342 1222 2379 levare
1247 2356 1393 2391 corpus
1424 2348 1568 2394 potest.
1601 2341 1704 2378 conf.

972 2399 1104 2438 Schol.
1136 2400 1338 2452 Apollonii
1373 2400 1401 2445 I,
1443 2403 1535 2442 101.
1594 2399 1705 2436 Inter

973 2466 1157 2496 auctores
1194 2458 1315 2496 huius
1354 2457 1595 2496 narrationis
1628 2457 1706 2493 suit

971 2516 1172 2567 Panyasis„
1196 2530 1235 2554 v.
1264 2517 1428 2554 Pausan.
1458 2519 1482 2554 l.
1518 2530 1551 2555 e.
1581 2530 1705 2567 προς-

977 2574 1080 2624 φυὲς
1100 2572 1142 2614 δὲ
1166 2573 1265 2625 (scil.
1287 2569 1423 2626 χρῆμά
1445 2574 1498 2624 τι)
1528 2569 1607 2613 οἷπό
1632 2574 1707 2611 τοῦ

976 2630 1127 2684 χρωτὸς
1149 2628 1240 2671 ἀντὶ
1262 2633 1424 2680 δεσμῶν
1451 2632 1593 2679 σφίσιν
1627 2629 1705 2680 ἔφη

975 2688 1052 2740 τήν
1097 2688 1258 2741 πέτραν.
1329 2689 1535 2726 Liberatus
1571 2693 1706 2724 tamen

978 2753 1018 2784 et
1046 2746 1239 2784 reductus
1281 2759 1330 2783 ex
1366 2746 1502 2784 inseris
1532 2745 1707 2783 Theseus

977 2805 1026 2841 ab
1074 2804 1246 2841 Hercule
1270 2819 1280 2852 3
1327 2804 1509 2842 Pirithoo
1554 2803 1707 2849 relicto,

977 2875 1067 2899 cum
1088 2868 1219 2899 terrae
1238 2869 1373 2899 motus
1388 2862 1600 2900 Herculem
1615 2861 1708 2897 abs-

975 2919 1206 2957 terruisset:
1247 2920 1431 2971 Apollod.
1475 2921 1519 2967 ΙΙ,
1558 2920 1597 2967 5,
1635 2920 1710 2965 123

976 2977 1086 3016 unde
1106 2984 1241 3030 patet,
1273 2980 1314 3016 in
1338 2978 1530 3016 Heraclea
1558 2975 1711 3027 antiqui
