1811 3388
431 214 848 269 AENEIDos
886 214 1025 263 LIB.
1066 213 1155 276 lv,
1194 218 1382 263 3-—11
1569 218 1669 266 595

152 353 333 412 Quum
384 345 457 394 sic
509 341 821 393 unanimam
873 338 1181 405 adloquitur
1226 338 1368 388 male
1416 354 1540 388 sana
1582 355 1669 388 so-

566 462 577 475 ,
939 425 1153 459 rorem:

149 491 300 538 Anna
322 499 491 545 soror,
531 497 668 548 quae
695 496 786 528 me
815 495 1127 545 suspensam
1150 477 1415 526 insomnia
1441 486 1668 530 terrent!

152 557 280 618 Quis
302 570 474 603 novus
501 551 586 600 hic
613 550 806 599 nostris
827 549 1077 598 successit
1097 548 1314 598 sedibus
1334 547 1553 614 hospes!
1606 556 1669 601 10

152 629 328 689 Quem
365 639 480 673 sese
523 637 618 671 ore
662 619 869 670 ferens!
930 635 1091 686 quam
1134 617 1261 668 forti
1305 626 1551 684 pectore,
1619 627 1670 669 et

941 689 1121 739 armis!

245 813 265 846 8
297 814 387 845 Tum
406 810 541 855 aliquot
558 809 648 842 Pier.
675 808 725 852 (in
748 807 873 853 quibus
892 808 1014 849 Rom.;
1040 819 1153 853 neque
1173 806 1277 839 aliter
1294 804 1404 838 Palat.
1437 804 1531 848 th.)
1573 818 1668 838 una—

150 861 283 894 nimam
298 860 419 892 Heius.
439 857 598 901 reposuit
620 868 660 888 ex
679 855 806 888 Medic.
831 861 865 887 et
888 854 965 888 aliis
980 882 988 896 ‚
1016 855 1119 888 etiam
1140 854 1232 887 Pier.
1278 852 1336 886 alii
1357 854 1562 885 unanimem
1581 863 1669 885 sono

150 907 260 940 minus
282 913 395 950 grato.
446 904 582 949 (latinio
607 910 723 935 tamen
753 902 796 935 ad
820 903 884 943 IX,
909 901 990 937 444.
1011 904 1218 935 unanimem
1239 900 1295 933 hic
1325 899 1545 932 scribendum
1568 899 1670 932 vide-

150 961 228 995 tur,
254 960 291 985 nt
311 960 425 986 exstat
444 953 480 984 in
502 950 683 991 Palatino,
719 950 881 993 vulgares
901 949 1106 994 plerumque
1137 949 1265 981 formas
1289 953 1468 991 sequente.
1526 948 1670 979 Unani-

152 1014 239 1034 nzem
267 1007 319 1033 est
338 999 436 1044 prior
456 997 606 1031 Medicei
623 996 750 1036 lectio,
782 997 992 1029 unanimam
1019 997 1149 1035 altera3
1183 995 1279 1028 idem
1308 993 1416 1026 habet
1443 994 1567 1037 fragm.
1587 994 1670 1028 Vat.

153 1056 198 1089 et,
228 1054 265 1080 ut
286 1048 423 1079 videtur
443 1047 600 1086 Roman„
627 1044 728 1077 etiam
749 1043 819 1075 dno
842 1043 1019 1075 veterrimi
1041 1042 1187 1075 Parisini
1211 1044 1242 1076 1.
1260 1042 1294 1076 3.
1316 1047 1351 1073 et
1372 1040 1544 1084 Sangall.;
1577 1039 1670 1074 idem

152 1095 291 1128 videtur
308 1094 435 1138 legisse
455 1092 603 1126 Servius.
655 1093 771 1135 Itaque
797 1090 933 1135 pondus
952 1090 1108 1123 codicum
1130 1090 1158 1122 si
1180 1088 1424 1128 examinamus,
1450 1087 1533 1120 satis
1556 1087 1665 1120 stabi-

151 1142 213 1175 lita
232 1142 343 1174 videri
365 1141 472 1173 debet
495 1139 599 1172 lectio
620 1138 662 1170 ab
683 1136 826 1170 Heinsio
846 1144 1019 1170 revocata,
1067 1141 1177 1169 Acute
1200 1141 1314 1168 autem
1342 1134 1425 1167 vidit
1444 1133 1538 1166 idem
1557 1134 1670 1166 Hein-

153 1190 243 1231 sius,
278 1187 466 1231 Virgilium
487 1187 522 1219 in
553 1185 605 1218 his
631 1185 674 1217 ad
696 1183 773 1216 soni
799 1184 1006 1216 suavitatem
1035 1196 1072 1216 se
1100 1183 1403 1220 accommodasse3
1441 1181 1534 1225 quod
1552 1193 1670 1214 verum

156 1248 253 1278 esse,
278 1235 380 1268 facile
405 1233 469 1266 tibi
497 1231 723 1278 persuadebis
748 1230 907 1271 collatis,
934 1239 1073 1275 praeter
1093 1229 1185 1263 hunc
1204 1241 1339 1262 versum
1355 1254 1363 1269 ,
1388 1229 1464 1269 VH,
1490 1229 1569 1263 335.
1606 1228 1670 1269 IX,

153 1283 233 1318 451.
268 1283 333 1322 XI,
358 1283 414 1316 30.
436 1282 493 1315 51.
525 1292 600 1312 cnm
620 1279 677 1317 IV,
703 1279 783 1313 686.
818 1278 862 1317 V,
888 1278 967 1311 669.
1006 1279 1062 1318 Vl,
1091 1278 1169 1312 161.
1218 1277 1268 1317 X,
1294 1276 1373 1311 396.
1393 1274 1472 1310 404.
1492 1275 1572 1310 841.
1604 1275 1670 1317 XI,

154 1331 233 1366 635.
260 1330 339 1368 XH,
364 1329 444 1363 356.
468 1333 502 1359 et
521 1328 614 1365 264„
641 1325 699 1357 ubi
721 1326 904 1357 unanimis
923 1336 941 1356 e
967 1324 1130 1357 Mediceo
1159 1323 1408 1368 reponendum.
1458 1321 1529 1355 Ubi
1549 1329 1670 1354 neutra

154 1377 264 1409 forma
295 1374 523 1408 offensionem
552 1373 676 1413 habet,
713 1383 926 1405 communem
949 1370 1117 1415 praetulit
1136 1376 1264 1414 poeta,
1300 1376 1339 1402 ut
1357 1369 1405 1410 X,
1429 1367 1508 1403 496.
1538 1374 1573 1401 et
1592 1368 1670 1401 for-

154 1430 247 1456 tasse
262 1423 362 1455 etiam
375 1422 523 1461 V,481.‚
547 1431 751 1464 quamquam
770 1418 826 1450 hic
848 1418 1003 1450 crebram
1023 1418 1148 1451 literae
1169 1430 1191 1450 u
1210 1414 1456 1462 repetitionem
1475 1415 1584 1449 vitare
1603 1427 1669 1448 vo·-

158 1470 238 1503 luit.
285 1469 425 1502 Nollem
448 1475 560 1500 tamen
581 1467 623 1499 ab
643 1465 789 1497 Heinsio
810 1472 976 1497 mutatum
998 1477 1073 1497 esse
1096 1466 1301 1497 exanimum
1326 1463 1389 1503 IX,
1413 1461 1512 1496 444.:
1551 1464 1670 1503 „Tum

156 1529 261 1561 super
289 1518 492 1549 exanimum
519 1526 596 1546 sese
618 1512 767 1556 proiecit
791 1514 1001 1551 amicum;“
1033 1511 1139 1556 quod,
1165 1523 1184 1543 a
1207 1510 1385 1555 plerisque
1403 1515 1509 1554 atque
1528 1509 1669 1553 optimis

155 1564 253 1597 libris
275 1563 533 1601 confirmatum,
558 1560 677 1592 nescio
702 1559 785 1604 quid
806 1558 937 1591 habere
957 1558 1093 1591 videtur
1109 1557 1265 1601 lugubre.
1298 1556 1392 1599 IVr.)
1463 1557 1485 1590 9
1513 1568 1669 1603 suspen-

156 1624 198 1644 sa
223 1609 350 1642 Medic.
378 1622 394 1642 a
420 1621 473 1654 pr.
500 1620 544 1640 m.
571 1614 605 1639 et
632 1607 740 1639 Goth.
777 1612 859 1638 tert.
918 1617 1134 1651 suspensam
1161 1617 1215 1637 me
1241 1605 1380 1646 Menag.
1409 1614 1462 1647 pr.
1512 1611 1627 1635 terret
1650 1614 1669 1636 a

154 1657 342 1690 nonnullis·
360 1656 508 1695 lectum,
544 1666 561 1686 e
590 1653 710 1686 Servio
743 1659 777 1685 et
806 1664 824 1684 e
853 1651 968 1684 Pierio
997 1658 1117 1696 patet3
1155 1657 1190 1682 et
1220 1650 1270 1684 sic
1288 1652 1424 1690 Franc„
1459 1648 1671 1683 defendente

157 1705 259 1738 etiam
288 1703 480 1747 Pomponio
511 1701 663 1740 Sabim,
699 1707 736 1732 ut
765 1699 883 1743 vigilia
915 1699 960 1731 sit
990 1699 1140 1731 attonita
1176 1698 1279 1731 Dido.
1329 1699 1377 1730 Ex
1407 1695 1529 1728 eodem
1560 1696 1670 1737 disco,

157 1752 302 1785 alteram
334 1750 522 1782 lectionem
551 1755 692 1780 terrent
720 1759 795 1779 esse
819 1745 1030 1790 Aproniani,
1075 1755 1164 1790 qnae
1191 1744 1284 1777 haud
1315 1743 1419 1777 dubie
1449 1742 1573 1775 melior
1599 1749 1668 1775 est:

155 1798 336 1832 insomnia
362 1804 513 1829 terrent.
564 1796 652 1827 Nam
671 1793 804 1825 somnia
826 1800 973 1837 possunt
991 1800 1144 1833 terrere,
1179 1803 1249 1824 non
1271 1790 1400 1835 vigilia.
1499 1791 1543 1824 10
1571 1803 1671 1823 moe·-

156 1845 264 1879 nibus
287 1845 418 1890 hospes
444 1845 565 1876 Franc.
628 1845 672 1873 At
697 1840 822 1873 Catulli
848 1839 1077 1872 imitationem
1114 1850 1188 1872 cum
1219 1838 1345 1871 Ursino
1372 1836 1531 1880 agnoscit
1555 1838 1669 1870 Bnrm.

159 1894 198 1926 11
228 1895 340 1935 Quam
363 1902 441 1923 sese
465 1888 638 1929 Parrhas.,
664 1887 765 1919 male.
816 1899 918 1931 quem
937 1885 971 1932 f.
995 1898 1034 1932 p.
1063 1894 1098 1919 et
1122 1886 1234 1918 armis
1258 1884 1465 1917 emendabat
1491 1883 1670 1916 Marklan—

157 1940 219 1971 dus
240 1945 322 1983 post
352 1937 470 1971 vales.
498 1942 643 1968 notante
673 1936 891 1975 Burmanno,
927 1940 961 1966 et
989 1933 1038 1965 sic
1059 1945 1078 1966 a
1102 1945 1145 1965 m.
1167 1943 1220 1975 pr.
1249 1931 1316 1964 fuit
1346 1932 1380 1964 in
1399 1932 1535 1974 Fragm.
1557 1930 1669 1963 Vatic.

157 1986 251 2029 apud
278 1986 412 2017 Bottar.
441 1997 474 2028 p.
503 1984 579 2018 175.
629 1983 721 2014 Bene
758 1981 898 2025 quidem
927 1988 961 2012 et
988 1980 1055 2012 hoc
1086 1979 1213 2012 dictum
1234 1986 1343 2016 esset;
1385 1989 1505 2010 verum
1533 1977 1671 2009 videtur

156 2032 245 2065 illud
276 2031 389 2076 ipsum
418 2043 543 2076 quem,
578 2028 614 2061 h.
646 2041 675 2061 e.
704 2027 861 2072 qualem,
904 2026 1021 2071 paullo
1047 2025 1210 2059 disertius
1241 2024 1367 2069 exponi
1391 2024 1426 2056 in
1450 2023 1530 2056 illo:
1564 2036 1670 2069 quam

160 2132 274 2165 nant.
348 2128 385 2166 8.
430 2125 538 2161 male
569 2137 696 2171 sana,
738 2122 890 2170 insana,

161 2182 398 2237 μαινομένη.
431 2182 560 2219 Etiam
581 2180 890 2218 amantissimam

161 2254 339 2280 sororem
355 2239 554 2290 exquisito
574 2237 772 2276 vocabulo
784 2251 890 2274 una-

160 2302 315 2337 nimam
337 2297 451 2335 dixit.
513 2299 635 2346 9sqq.
671 2295 716 2332 In
738 2294 890 2332 oratio-

160 2370 224 2406 ne,
246 2369 346 2407 quae
366 2354 558 2405 sequitur,
590 2353 755 2390 observa
776 2365 889 2389 amo-

159 2415 216 2453 ris
237 2421 276 2452 et
300 2412 466 2466 pudoris
498 2424 693 2463 pugnam,
734 2415 773 2447 et
797 2410 887 2447 ina-

160 2486 251 2511 nem
295 2469 541 2524 pervicaciae
580 2467 888 2507 ostentationem

160 2531 387 2581 victamque
410 2527 647 2565 iamdudum
672 2525 720 2564 ab
745 2525 890 2563 affeetu

162 2594 347 2626 mentem.
390 2585 511 2634 Quod
531 2585 689 2622 Annam
711 2596 891 2622 sororem

162 2645 328 2687 Didonis
357 2643 535 2692 inducit,
567 2656 650 2680 non
678 2641 891 2690 nutricem,

164 2709 212 2740 ut
237 2704 318 2740 fere
348 2701 487 2739 Graeci
513 2701 554 2738 in
580 2700 648 2738 tali
677 2712 720 2737 re
750 2699 891 2747 solent,

165 2760 382 2798 admodum
402 2759 544 2810 placet.
604 2757 680 2795 Sed
707 2757 825 2796 debet
848 2755 892 2794 id

164 2817 348 2866 Virgilius
379 2815 587 2867 Apollonio
618 2813 792 2863 Rhodio,
824 2814 892 2865 qui

165 2872 422 2924 Chalciopae,
460 2872 619 2910 Medeae
645 2872 794 2921 sorori,
835 2871 891 2909 si-

165 2930 255 2968 mile
286 2930 460 2968 officium
493 2929 715 2978 tribuerat,
758 2942 779 2966 a
810 2942 890 2979 quo

951 2127 991 2158 et
1032 2119 1229 2158 insomnia
1273 2118 1395 2156 habet
1425 2117 1591 2155 Didonis
1631 2124 1671 2157 et

951 2178 1096 2216 amoris
1131 2176 1415 2215 confessionem
1445 2175 1573 2213 sorori
1607 2175 1670 2212 fa·-

951 2242 1068 2273 ctam.
1108 2248 1146 2272 v.
1167 2234 1348 2286 Apollon.
1376 2233 1441 2282 ΙΙΙ,
1474 2235 1556 2274 616
1585 2246 1669 2284 sqq.

950 2293 1032 2336 645
1067 2305 1149 2342 sqq.
1209 2292 1306 2329 Nam
1331 2290 1497 2329 Homeri
1527 2289 1671 2328 Nausi-

948 2364 1058 2388 caam
1089 2349 1277 2401 Virgilius
1310 2348 1381 2386 vix
1409 2353 1502 2385 ante
1535 2348 1671 2387 oculos

944 2408 1093 2446 habere
1110 2407 1264 2460 potuit,
1296 2405 1404 2456 quod
1436 2404 1563 2443 Cerda
1594 2419 1671 2444 vo-

945 2466 1062 2504 lebat.
1110 2466 1277 2502 Annam
1297 2463 1377 2501 iam
1399 2463 1570 2501 Naevius
1586 2477 1671 2501 rne-

947 2529 1200 2569 moraverat,
1231 2528 1332 2560 teste
1355 2521 1494 2559 Servio
1519 2520 1570 2559 ad
1590 2534 1627 2560 v.
1643 2524 1670 2564 9

948 2583 990 2620 in
1009 2582 1141 2629 Bello,
1173 2586 1293 2632 puta,
1326 2579 1488 2617 Punico.

1017 2642 1055 2681 9.
1094 2651 1331 2689 suspensam
1382 2642 1522 2674 ornate
1559 2635 1668 2674 adie-

952 2703 1074 2746 ctum,
1099 2696 1150 2734 ad
1172 2700 1321 2733 metum
1340 2694 1526 2745 pertinet.
1587 2692 1670 2732 Ad-

950 2755 1113 2794 umbrat
1145 2753 1264 2801 haec,
1302 2758 1350 2789 ut
1377 2751 1455 2789 iam
1484 2751 1669 2800 diximus,

951 2813 1002 2851 ad
1033 2812 1201 2850 ductum
1230 2809 1428 2861 Apollonii
1457 2808 1529 2856 ΙΙΙ,
1574 2810 1667 2849 636.

951 2868 1110 2922 (—11.
1142 2867 1477 2921 quam—armi&
1492 2864 1670 2916 sortibus

952 2940 1001 2964 ex
1025 2926 1132 2978 sorti
1170 2923 1473 2970 assumendum,
1520 2922 1567 2959 cf.
1606 2920 1668 2969 ΙΙΙ,

1265 2992 1388 3036 38*
