<?xml version="1.0" encoding="UTF-8"?>
<!DOCTYPE html PUBLIC "-//W3C//DTD XHTML 1.0 Transitional//EN"
    "http://www.w3.org/TR/xhtml1/DTD/xhtml1-transitional.dtd">
<html xmlns="http://www.w3.org/1999/xhtml" xml:lang="en" lang="en">
 <head>
  <title>
</title>
<meta http-equiv="Content-Type" content="text/html;charset=utf-8" />
  <meta name='ocr-system' content='tesseract 3.04.00' />
  <meta name='ocr-capabilities' content='ocr_page ocr_carea ocr_par ocr_line ocrx_word'/>
</head>
<body>
  <div class='ocr_page' id='page_1' title='image "./publiusvirgilius02virguoft/publiusvirgilius02virguoft_0191.png"; bbox 0 0 1827 3436; ppageno 0'>
   <div class='ocr_carea' id='block_1_1' title="bbox 398 219 1652 278">
    <p class='ocr_par' dir='ltr' id='par_1_1' title="bbox 398 219 1652 278">
     <span class='ocr_line' id='line_1_1' title="bbox 398 219 1652 278; baseline -0.004 -5"><span class='ocrx_word' id='word_1_1' title='bbox 398 220 805 273; x_wconf 85' lang='lat' dir='ltr'><strong>AENEIDOS</strong></span> <span class='ocrx_word' id='word_1_2' title='bbox 844 220 987 266; x_wconf 86' lang='lat' dir='ltr'>LIB.</span> <span class='ocrx_word' id='word_1_3' title='bbox 1027 219 1066 278; x_wconf 79' lang='grc' dir='ltr'>Ι,</span> <span class='ocrx_word' id='word_1_4' title='bbox 1102 222 1393 268; x_wconf 83' lang='lat'>595—608</span> <span class='ocrx_word' id='word_1_5' title='bbox 1557 225 1652 268; x_wconf 84' lang='lat'>183</span> 
     </span>
    </p>
   </div>
   <div class='ocr_carea' id='block_1_2' title="bbox 142 341 1653 411">
    <p class='ocr_par' dir='ltr' id='par_1_2' title="bbox 142 341 1653 411">
     <span class='ocr_line' id='line_1_2' title="bbox 142 341 1653 411; baseline -0.009 -9"><span class='ocrx_word' id='word_1_6' title='bbox 142 350 380 402; x_wconf 84' lang='lat' dir='ltr'><strong>Praemia</strong></span> <span class='ocrx_word' id='word_1_7' title='bbox 430 346 588 411; x_wconf 82' lang='lat' dir='ltr'>digna</span> <span class='ocrx_word' id='word_1_8' title='bbox 629 343 817 394; x_wconf 78' lang='lat' dir='ltr'>ferant.</span> <span class='ocrx_word' id='word_1_9' title='bbox 899 344 1049 404; x_wconf 81' lang='lat' dir='ltr'>Quae</span> <span class='ocrx_word' id='word_1_10' title='bbox 1094 350 1146 390; x_wconf 83' lang='lat' dir='ltr'>te</span> <span class='ocrx_word' id='word_1_11' title='bbox 1193 341 1474 404; x_wconf 13' lang='lat' dir='ltr'>tam-laeta</span> <span class='ocrx_word' id='word_1_12' title='bbox 1517 342 1653 390; x_wconf 81' lang='lat' dir='ltr'>tule-</span> 
     </span>
    </p>
   </div>
   <div class='ocr_carea' id='block_1_3' title="bbox 146 416 1654 551">
    <p class='ocr_par' dir='ltr' id='par_1_3' title="bbox 146 416 1654 551">
     <span class='ocr_line' id='line_1_3' title="bbox 932 416 1654 462; baseline 0.004 -3"><span class='ocrx_word' id='word_1_13' title='bbox 932 420 1058 459; x_wconf 81' lang='lat' dir='ltr'>runt</span> <span class='ocrx_word' id='word_1_14' title='bbox 1555 416 1654 462; x_wconf 87' lang='lat'>605</span> 
     </span>
     <span class='ocr_line' id='line_1_4' title="bbox 146 481 1437 551; baseline -0.008 -13"><span class='ocrx_word' id='word_1_15' title='bbox 146 487 399 539; x_wconf 74' lang='lat' dir='ltr'>Saecula?</span> <span class='ocrx_word' id='word_1_16' title='bbox 436 487 527 551; x_wconf 91' lang='lat' dir='ltr'>qui</span> <span class='ocrx_word' id='word_1_17' title='bbox 555 485 684 532; x_wconf 79' lang='lat' dir='ltr'>tanti</span> <span class='ocrx_word' id='word_1_18' title='bbox 708 481 867 531; x_wconf 83' lang='lat' dir='ltr'>talem</span> <span class='ocrx_word' id='word_1_19' title='bbox 887 495 1124 544; x_wconf 82' lang='lat' dir='ltr'>genuere</span> <span class='ocrx_word' id='word_1_20' title='bbox 1154 488 1399 544; x_wconf 81' lang='lat' dir='ltr'>parentes</span> <span class='ocrx_word' id='word_1_21' title='bbox 1415 484 1437 528; x_wconf 83' lang='lat'>?</span> 
     </span>
    </p>
   </div>
   <div class='ocr_carea' id='block_1_4' title="bbox 144 547 1654 687">
    <p class='ocr_par' dir='ltr' id='par_1_4' title="bbox 144 547 1654 687">
     <span class='ocr_line' id='line_1_5' title="bbox 144 547 1654 614; baseline -0.009 -7"><span class='ocrx_word' id='word_1_22' title='bbox 144 563 203 608; x_wconf 88' lang='lat' dir='ltr'>In</span> <span class='ocrx_word' id='word_1_23' title='bbox 229 556 365 605; x_wconf 74' lang='lat' dir='ltr'>freta</span> <span class='ocrx_word' id='word_1_24' title='bbox 390 555 520 603; x_wconf 89' lang='lat' dir='ltr'>dum</span> <span class='ocrx_word' id='word_1_25' title='bbox 544 552 689 603; x_wconf 89' lang='lat' dir='ltr'>fluvii</span> <span class='ocrx_word' id='word_1_26' title='bbox 720 559 949 614; x_wconf 76' lang='lat' dir='ltr'>current,</span> <span class='ocrx_word' id='word_1_27' title='bbox 983 550 1114 599; x_wconf 90' lang='lat' dir='ltr'>dum</span> <span class='ocrx_word' id='word_1_28' title='bbox 1143 548 1417 596; x_wconf 84' lang='lat' dir='ltr'>montibus</span> <span class='ocrx_word' id='word_1_29' title='bbox 1435 547 1654 596; x_wconf 79' lang='lat' dir='ltr'>umbrae</span> 
     </span>
     <span class='ocr_line' id='line_1_6' title="bbox 144 617 1521 687; baseline -0.007 -11"><span class='ocrx_word' id='word_1_30' title='bbox 144 625 467 677; x_wconf 82' lang='lat' dir='ltr'>Lustrabunt</span> <span class='ocrx_word' id='word_1_31' title='bbox 489 640 748 684; x_wconf 76' lang='lat' dir='ltr'>convexa,</span> <span class='ocrx_word' id='word_1_32' title='bbox 787 619 941 687; x_wconf 88' lang='lat' dir='ltr'>polus</span> <span class='ocrx_word' id='word_1_33' title='bbox 971 620 1101 669; x_wconf 87' lang='lat' dir='ltr'>dum</span> <span class='ocrx_word' id='word_1_34' title='bbox 1126 617 1299 667; x_wconf 79' lang='lat' dir='ltr'>sidera</span> <span class='ocrx_word' id='word_1_35' title='bbox 1320 625 1521 684; x_wconf 80' lang='lat' dir='ltr'>pascet:</span> 
     </span>
    </p>
   </div>
   <div class='ocr_carea' id='block_1_5' title="bbox 145 767 1678 2170">
    <p class='ocr_par' dir='ltr' id='par_1_5' title="bbox 145 767 1678 2170">
     <span class='ocr_line' id='line_1_7' title="bbox 145 767 1658 820; baseline -0.008 -9"><span class='ocrx_word' id='word_1_36' title='bbox 145 781 264 812; x_wconf 81' lang='lat' dir='ltr'>ferunt</span> <span class='ocrx_word' id='word_1_37' title='bbox 297 777 499 816; x_wconf 80' lang='lat' dir='ltr'>Gudianus,</span> <span class='ocrx_word' id='word_1_38' title='bbox 541 775 600 820; x_wconf 86' lang='lat' dir='ltr'>qui</span> <span class='ocrx_word' id='word_1_39' title='bbox 633 775 724 807; x_wconf 82' lang='lat' dir='ltr'>inter</span> <span class='ocrx_word' id='word_1_40' title='bbox 757 771 1076 818; x_wconf 71' lang='lat' dir='ltr'>praestantissimos</span> <span class='ocrx_word' id='word_1_41' title='bbox 1104 778 1174 811; x_wconf 80' lang='lat' dir='ltr'>est,</span> <span class='ocrx_word' id='word_1_42' title='bbox 1210 782 1285 803; x_wconf 87' lang='lat' dir='ltr'>curn</span> <span class='ocrx_word' id='word_1_43' title='bbox 1314 770 1370 802; x_wconf 89' lang='lat' dir='ltr'>ed.</span> <span class='ocrx_word' id='word_1_44' title='bbox 1405 769 1491 801; x_wconf 82' lang='lat' dir='ltr'>Dan.</span> <span class='ocrx_word' id='word_1_45' title='bbox 1525 767 1658 806; x_wconf 83' lang='lat' dir='ltr'>Hcins.3</span> 
     </span>
     <span class='ocr_line' id='line_1_8' title="bbox 147 816 1659 870; baseline -0.009 -12"><span class='ocrx_word' id='word_1_46' title='bbox 147 826 265 870; x_wconf 86' lang='lat' dir='ltr'>sicque</span> <span class='ocrx_word' id='word_1_47' title='bbox 291 824 382 858; x_wconf 86' lang='lat' dir='ltr'>coni.</span> <span class='ocrx_word' id='word_1_48' title='bbox 409 825 453 856; x_wconf 91' lang='lat' dir='ltr'>H.</span> <span class='ocrx_word' id='word_1_49' title='bbox 479 823 699 867; x_wconf 77' lang='lat' dir='ltr'>Stephanus,</span> <span class='ocrx_word' id='word_1_50' title='bbox 745 820 803 864; x_wconf 89' lang='lat' dir='ltr'>qui</span> <span class='ocrx_word' id='word_1_51' title='bbox 837 826 952 852; x_wconf 82' lang='lat' dir='ltr'>tamen</span> <span class='ocrx_word' id='word_1_52' title='bbox 984 818 1156 850; x_wconf 83' lang='lat' dir='ltr'>rationem</span> <span class='ocrx_word' id='word_1_53' title='bbox 1190 816 1443 850; x_wconf 74' lang='lat' dir='ltr'>emendationis</span> <span class='ocrx_word' id='word_1_54' title='bbox 1476 826 1545 846; x_wconf 82' lang='lat' dir='ltr'>non</span> <span class='ocrx_word' id='word_1_55' title='bbox 1576 826 1659 858; x_wconf 89' lang='lat' dir='ltr'>per—</span> 
     </span>
     <span class='ocr_line' id='line_1_9' title="bbox 146 860 1660 918; baseline -0.01 -12"><span class='ocrx_word' id='word_1_56' title='bbox 146 872 274 918; x_wconf 77' lang='lat' dir='ltr'>spexit.</span> <span class='ocrx_word' id='word_1_57' title='bbox 324 871 441 903; x_wconf 86' lang='lat' dir='ltr'>Habet</span> <span class='ocrx_word' id='word_1_58' title='bbox 465 869 601 903; x_wconf 83' lang='lat' dir='ltr'>scilicet</span> <span class='ocrx_word' id='word_1_59' title='bbox 625 867 792 901; x_wconf 75' lang='lat' dir='ltr'>maiorem</span> <span class='ocrx_word' id='word_1_60' title='bbox 818 864 1018 909; x_wconf 77' lang='grc' dir='ltr'><em>δεινότητα</em></span> <span class='ocrx_word' id='word_1_61' title='bbox 1040 865 1166 905; x_wconf 80' lang='lat' dir='ltr'>oratio,</span> <span class='ocrx_word' id='word_1_62' title='bbox 1192 864 1220 896; x_wconf 86' lang='lat' dir='ltr'>si</span> <span class='ocrx_word' id='word_1_63' title='bbox 1246 864 1294 896; x_wconf 87' lang='lat' dir='ltr'>sie</span> <span class='ocrx_word' id='word_1_64' title='bbox 1319 863 1506 907; x_wconf 86' lang='lat' dir='ltr'>procedat:</span> <span class='ocrx_word' id='word_1_65' title='bbox 1533 861 1561 893; x_wconf 87' lang='lat' dir='ltr'>si</span> <span class='ocrx_word' id='word_1_66' title='bbox 1581 860 1660 905; x_wconf 77' lang='lat' dir='ltr'>pie—</span> 
     </span>
     <span class='ocr_line' id='line_1_10' title="bbox 145 907 1660 960; baseline -0.009 -8"><span class='ocrx_word' id='word_1_67' title='bbox 145 919 254 958; x_wconf 77' lang='lat' dir='ltr'>tatis,</span> <span class='ocrx_word' id='word_1_68' title='bbox 279 918 314 951; x_wconf 90' lang='lat' dir='ltr'>h.</span> <span class='ocrx_word' id='word_1_69' title='bbox 341 930 370 950; x_wconf 88' lang='lat' dir='ltr'>e.</span> <span class='ocrx_word' id='word_1_70' title='bbox 397 917 487 949; x_wconf 84' lang='lat' dir='ltr'>recti</span> <span class='ocrx_word' id='word_1_71' title='bbox 510 916 661 960; x_wconf 78' lang='lat' dir='ltr'>iustique</span> <span class='ocrx_word' id='word_1_72' title='bbox 689 927 729 947; x_wconf 56' lang='lat' dir='ltr'>ex</span> <span class='ocrx_word' id='word_1_73' title='bbox 754 920 849 946; x_wconf 87' lang='lat' dir='ltr'>metu</span> <span class='ocrx_word' id='word_1_74' title='bbox 884 913 1048 952; x_wconf 88' lang='lat' dir='ltr'>deorum,</span> <span class='ocrx_word' id='word_1_75' title='bbox 1081 917 1260 956; x_wconf 85' lang='lat' dir='ltr'>respectus</span> <span class='ocrx_word' id='word_1_76' title='bbox 1295 916 1349 942; x_wconf 81' lang='lat' dir='ltr'>est</span> <span class='ocrx_word' id='word_1_77' title='bbox 1374 909 1466 953; x_wconf 84' lang='lat' dir='ltr'>apud</span> <span class='ocrx_word' id='word_1_78' title='bbox 1489 908 1594 947; x_wconf 71' lang='lat' dir='ltr'>deos3</span> <span class='ocrx_word' id='word_1_79' title='bbox 1633 907 1660 939; x_wconf 80' lang='lat' dir='ltr'>si</span> 
     </span>
     <span class='ocr_line' id='line_1_11' title="bbox 146 954 1660 1008; baseline -0.009 -10"><span class='ocrx_word' id='word_1_80' title='bbox 146 964 283 999; x_wconf 87' lang='lat' dir='ltr'>iustitia</span> <span class='ocrx_word' id='word_1_81' title='bbox 318 964 476 1008; x_wconf 86' lang='lat' dir='ltr'>rectique</span> <span class='ocrx_word' id='word_1_82' title='bbox 514 961 728 996; x_wconf 77' lang='lat' dir='ltr'>conscientia</span> <span class='ocrx_word' id='word_1_83' title='bbox 760 972 829 992; x_wconf 87' lang='lat' dir='ltr'>uon</span> <span class='ocrx_word' id='word_1_84' title='bbox 863 959 966 992; x_wconf 85' lang='lat' dir='ltr'>inane</span> <span class='ocrx_word' id='word_1_85' title='bbox 999 970 1125 990; x_wconf 85' lang='lat' dir='ltr'>nomen</span> <span class='ocrx_word' id='word_1_86' title='bbox 1150 965 1228 990; x_wconf 87' lang='lat' dir='ltr'>sunt</span> <span class='ocrx_word' id='word_1_87' title='bbox 1251 956 1453 995; x_wconf 79' lang='lat' dir='ltr'>habendae3</span> <span class='ocrx_word' id='word_1_88' title='bbox 1487 954 1535 987; x_wconf 88' lang='lat' dir='ltr'>dii</span> <span class='ocrx_word' id='word_1_89' title='bbox 1567 961 1660 986; x_wconf 85' lang='lat' dir='ltr'>tuam</span> 
     </span>
     <span class='ocr_line' id='line_1_12' title="bbox 148 1002 1661 1049; baseline -0.009 -4"><span class='ocrx_word' id='word_1_90' title='bbox 148 1011 401 1046; x_wconf 82' lang='lat' dir='ltr'>humanitatem</span> <span class='ocrx_word' id='word_1_91' title='bbox 425 1010 750 1042; x_wconf 81' lang='lat' dir='ltr'>remunerabuntur.</span> <span class='ocrx_word' id='word_1_92' title='bbox 787 1007 931 1049; x_wconf 78' lang='lat' dir='ltr'>(Firmat</span> <span class='ocrx_word' id='word_1_93' title='bbox 966 1006 1053 1038; x_wconf 82' lang='lat' dir='ltr'>hanc</span> <span class='ocrx_word' id='word_1_94' title='bbox 1085 1005 1274 1038; x_wconf 85' lang='lat' dir='ltr'>lectionem</span> <span class='ocrx_word' id='word_1_95' title='bbox 1299 1003 1341 1036; x_wconf 80' lang='lat' dir='ltr'>ab</span> <span class='ocrx_word' id='word_1_96' title='bbox 1366 1002 1568 1035; x_wconf 86' lang='lat' dir='ltr'>Editoribus</span> <span class='ocrx_word' id='word_1_97' title='bbox 1595 1012 1661 1032; x_wconf 86' lang='lat' dir='ltr'>nou</span> 
     </span>
     <span class='ocr_line' id='line_1_13' title="bbox 148 1048 1663 1100; baseline -0.009 -7"><span class='ocrx_word' id='word_1_98' title='bbox 148 1059 328 1093; x_wconf 83' lang='lat' dir='ltr'>consultus</span> <span class='ocrx_word' id='word_1_99' title='bbox 353 1057 552 1097; x_wconf 83' lang='lat' dir='ltr'>Mediceus,</span> <span class='ocrx_word' id='word_1_100' title='bbox 588 1057 682 1089; x_wconf 84' lang='lat' dir='ltr'>cuins</span> <span class='ocrx_word' id='word_1_101' title='bbox 708 1054 806 1100; x_wconf 84' lang='lat' dir='ltr'>prior</span> <span class='ocrx_word' id='word_1_102' title='bbox 831 1060 885 1086; x_wconf 84' lang='lat' dir='ltr'>est</span> <span class='ocrx_word' id='word_1_103' title='bbox 909 1053 1015 1085; x_wconf 80' lang='lat' dir='ltr'>lectio</span> <span class='ocrx_word' id='word_1_104' title='bbox 1040 1053 1204 1092; x_wconf 69' lang='lat' dir='ltr'>iustitia,</span> <span class='ocrx_word' id='word_1_105' title='bbox 1241 1051 1348 1083; x_wconf 81' lang='lat' dir='ltr'>altera</span> <span class='ocrx_word' id='word_1_106' title='bbox 1381 1050 1518 1082; x_wconf 86' lang='lat' dir='ltr'>demum</span> <span class='ocrx_word' id='word_1_107' title='bbox 1554 1048 1663 1080; x_wconf 77' lang='lat' dir='ltr'>iusti-</span> 
     </span>
     <span class='ocr_line' id='line_1_14' title="bbox 150 1095 1663 1148; baseline -0.01 -8"><span class='ocrx_word' id='word_1_108' title='bbox 150 1116 235 1140; x_wconf 62' lang='lat' dir='ltr'>tzae.</span> <span class='ocrx_word' id='word_1_109' title='bbox 284 1105 421 1138; x_wconf 71' lang='lat' dir='ltr'>Iahnius</span> <span class='ocrx_word' id='word_1_110' title='bbox 448 1106 614 1137; x_wconf 61' lang='lat' dir='ltr'>iastztiae</span> <span class='ocrx_word' id='word_1_111' title='bbox 639 1101 764 1148; x_wconf 73' lang='lat' dir='ltr'>reponi</span> <span class='ocrx_word' id='word_1_112' title='bbox 789 1101 905 1139; x_wconf 82' lang='lat' dir='ltr'>iubet3</span> <span class='ocrx_word' id='word_1_113' title='bbox 933 1107 967 1132; x_wconf 83' lang='lat' dir='ltr'>at</span> <span class='ocrx_word' id='word_1_114' title='bbox 991 1099 1191 1143; x_wconf 74' lang='lat' dir='ltr'>priusquam</span> <span class='ocrx_word' id='word_1_115' title='bbox 1217 1098 1284 1130; x_wconf 89' lang='lat' dir='ltr'>hoc</span> <span class='ocrx_word' id='word_1_116' title='bbox 1309 1096 1490 1135; x_wconf 70' lang='lat' dir='ltr'>faciamus,</span> <span class='ocrx_word' id='word_1_117' title='bbox 1516 1095 1663 1126; x_wconf 81' lang='lat' dir='ltr'>demon-—</span> 
     </span>
     <span class='ocr_line' id='line_1_15' title="bbox 151 1141 1665 1194; baseline -0.009 -9"><span class='ocrx_word' id='word_1_118' title='bbox 151 1152 329 1187; x_wconf 86' lang='lat' dir='ltr'>strandum</span> <span class='ocrx_word' id='word_1_119' title='bbox 356 1153 445 1190; x_wconf 83' lang='lat' dir='ltr'>erit,</span> <span class='ocrx_word' id='word_1_120' title='bbox 471 1163 572 1194; x_wconf 77' lang='lat' dir='ltr'>quam</span> <span class='ocrx_word' id='word_1_121' title='bbox 596 1158 690 1182; x_wconf 79' lang='lat' dir='ltr'>recte</span> <span class='ocrx_word' id='word_1_122' title='bbox 718 1156 753 1181; x_wconf 87' lang='lat' dir='ltr'>et</span> <span class='ocrx_word' id='word_1_123' title='bbox 778 1156 931 1180; x_wconf 72' lang='lat' dir='ltr'>veterum</span> <span class='ocrx_word' id='word_1_124' title='bbox 956 1145 1130 1179; x_wconf 79' lang='lat' dir='ltr'>sentiendi</span> <span class='ocrx_word' id='word_1_125' title='bbox 1166 1143 1401 1188; x_wconf 78' lang='lat' dir='ltr'>loquendique</span> <span class='ocrx_word' id='word_1_126' title='bbox 1426 1141 1553 1174; x_wconf 83' lang='lat' dir='ltr'>rationi</span> <span class='ocrx_word' id='word_1_127' title='bbox 1578 1152 1665 1172; x_wconf 90' lang='lat' dir='ltr'>con-</span> 
     </span>
     <span class='ocr_line' id='line_1_16' title="bbox 150 1187 1665 1238; baseline -0.009 -6"><span class='ocrx_word' id='word_1_128' title='bbox 150 1200 333 1233; x_wconf 85' lang='lat' dir='ltr'>venienter</span> <span class='ocrx_word' id='word_1_129' title='bbox 357 1197 571 1231; x_wconf 78' lang='lat' dir='ltr'>conscientia</span> <span class='ocrx_word' id='word_1_130' title='bbox 596 1198 686 1229; x_wconf 83' lang='lat' dir='ltr'>bene</span> <span class='ocrx_word' id='word_1_131' title='bbox 721 1197 890 1228; x_wconf 67' lang='lat' dir='ltr'>factorum</span> <span class='ocrx_word' id='word_1_132' title='bbox 917 1193 1079 1238; x_wconf 77' lang='lat' dir='ltr'>praemiis</span> <span class='ocrx_word' id='word_1_133' title='bbox 1105 1204 1230 1224; x_wconf 77' lang='lat' dir='ltr'>ornare</span> <span class='ocrx_word' id='word_1_134' title='bbox 1265 1191 1397 1236; x_wconf 76' lang='lat' dir='ltr'>probos</span> <span class='ocrx_word' id='word_1_135' title='bbox 1422 1188 1581 1221; x_wconf 84' lang='lat' dir='ltr'>homines</span> <span class='ocrx_word' id='word_1_136' title='bbox 1608 1187 1665 1219; x_wconf 82' lang='lat' dir='ltr'>di-</span> 
     </span>
     <span class='ocr_line' id='line_1_17' title="bbox 152 1234 1664 1290; baseline -0.01 -11"><span class='ocrx_word' id='word_1_137' title='bbox 152 1254 272 1288; x_wconf 85' lang='lat' dir='ltr'>catur,</span> <span class='ocrx_word' id='word_1_138' title='bbox 297 1245 403 1290; x_wconf 89' lang='lat' dir='ltr'>idque</span> <span class='ocrx_word' id='word_1_139' title='bbox 429 1257 495 1277; x_wconf 79' lang='lat' dir='ltr'>una</span> <span class='ocrx_word' id='word_1_140' title='bbox 525 1257 602 1276; x_wconf 88' lang='lat' dir='ltr'>cum</span> <span class='ocrx_word' id='word_1_141' title='bbox 627 1244 712 1275; x_wconf 86' lang='lat' dir='ltr'>Diis.</span> <span class='ocrx_word' id='word_1_142' title='bbox 744 1241 840 1283; x_wconf 78' lang='lat' dir='ltr'>Wr.)</span> <span class='ocrx_word' id='word_1_143' title='bbox 890 1241 982 1273; x_wconf 77' lang='lat' dir='ltr'>recti</span> <span class='ocrx_word' id='word_1_144' title='bbox 997 1248 1053 1272; x_wconf 76' lang='lat' dir='ltr'>est</span> <span class='ocrx_word' id='word_1_145' title='bbox 1073 1240 1192 1282; x_wconf 81' lang='lat' dir='ltr'>Puget.</span> <span class='ocrx_word' id='word_1_146' title='bbox 1287 1238 1355 1272; x_wconf 88' lang='lat'>605</span> <span class='ocrx_word' id='word_1_147' title='bbox 1372 1235 1504 1282; x_wconf 73' lang='lat' dir='ltr'>serent</span> <span class='ocrx_word' id='word_1_148' title='bbox 1528 1234 1579 1266; x_wconf 83' lang='lat' dir='ltr'>vir</span> <span class='ocrx_word' id='word_1_149' title='bbox 1597 1234 1664 1265; x_wconf 93' lang='lat' dir='ltr'>do—</span> 
     </span>
     <span class='ocr_line' id='line_1_18' title="bbox 152 1279 1667 1337; baseline -0.01 -11"><span class='ocrx_word' id='word_1_150' title='bbox 152 1301 228 1327; x_wconf 89' lang='lat' dir='ltr'>ctus</span> <span class='ocrx_word' id='word_1_151' title='bbox 265 1295 327 1337; x_wconf 44' lang='lat' dir='ltr'>(Io.</span> <span class='ocrx_word' id='word_1_152' title='bbox 353 1291 477 1333; x_wconf 71' lang='lat' dir='ltr'>lortiu)</span> <span class='ocrx_word' id='word_1_153' title='bbox 504 1292 539 1323; x_wconf 87' lang='lat' dir='ltr'>in</span> <span class='ocrx_word' id='word_1_154' title='bbox 575 1292 673 1323; x_wconf 84' lang='lat' dir='ltr'>Obss.</span> <span class='ocrx_word' id='word_1_155' title='bbox 702 1289 799 1321; x_wconf 77' lang='lat' dir='ltr'>Misc.</span> <span class='ocrx_word' id='word_1_156' title='bbox 825 1289 851 1327; x_wconf 89' lang='lat' dir='ltr'>I,</span> <span class='ocrx_word' id='word_1_157' title='bbox 875 1298 910 1331; x_wconf 88' lang='lat' dir='ltr'>p.</span> <span class='ocrx_word' id='word_1_158' title='bbox 936 1288 970 1328; x_wconf 77' lang='lat'>7,</span> <span class='ocrx_word' id='word_1_159' title='bbox 996 1294 1031 1318; x_wconf 89' lang='lat' dir='ltr'>ut</span> <span class='ocrx_word' id='word_1_160' title='bbox 1057 1287 1120 1326; x_wconf 88' lang='lat' dir='ltr'>1X,</span> <span class='ocrx_word' id='word_1_161' title='bbox 1146 1285 1215 1320; x_wconf 69' lang='lat'>254</span> <span class='ocrx_word' id='word_1_162' title='bbox 1241 1285 1294 1317; x_wconf 81' lang='lat' dir='ltr'>dii</span> <span class='ocrx_word' id='word_1_163' title='bbox 1317 1295 1504 1327; x_wconf 70' lang='lat' dir='ltr'>moresque</span> <span class='ocrx_word' id='word_1_164' title='bbox 1528 1279 1667 1313; x_wconf 62' lang='lat' dir='ltr'>dabunt</span> 
     </span>
     <span class='ocr_line' id='line_1_19' title="bbox 154 1327 1668 1377; baseline -0.01 -4"><span class='ocrx_word' id='word_1_165' title='bbox 154 1343 278 1373; x_wconf 68' lang='lat' dir='ltr'>vestri.</span> <span class='ocrx_word' id='word_1_166' title='bbox 329 1343 413 1371; x_wconf 80' lang='lat' dir='ltr'>Stat.</span> <span class='ocrx_word' id='word_1_167' title='bbox 452 1338 568 1373; x_wconf 72' lang='lat' dir='ltr'>Theb.</span> <span class='ocrx_word' id='word_1_168' title='bbox 604 1339 679 1375; x_wconf 75' lang='lat' dir='ltr'>VII,</span> <span class='ocrx_word' id='word_1_169' title='bbox 716 1337 785 1371; x_wconf 84' lang='grc'>379</span> <span class='ocrx_word' id='word_1_170' title='bbox 811 1335 889 1367; x_wconf 73' lang='lat' dir='ltr'>Nec</span> <span class='ocrx_word' id='word_1_171' title='bbox 913 1333 1070 1366; x_wconf 75' lang='lat' dir='ltr'>laudare</span> <span class='ocrx_word' id='word_1_172' title='bbox 1105 1333 1197 1365; x_wconf 73' lang='lat' dir='ltr'>satis</span> <span class='ocrx_word' id='word_1_173' title='bbox 1231 1332 1435 1377; x_wconf 79' lang='lat' dir='ltr'>dignasque</span> <span class='ocrx_word' id='word_1_174' title='bbox 1469 1327 1668 1374; x_wconf 79' lang='lat' dir='ltr'>rependere</span> 
     </span>
     <span class='ocr_line' id='line_1_20' title="bbox 152 1374 1666 1434; baseline -0.009 -16"><span class='ocrx_word' id='word_1_175' title='bbox 152 1396 280 1434; x_wconf 75' lang='lat' dir='ltr'>grates</span> <span class='ocrx_word' id='word_1_176' title='bbox 314 1385 524 1431; x_wconf 64' lang='lat' dir='ltr'>Suffs&#39;C1&#39;a1n3</span> <span class='ocrx_word' id='word_1_177' title='bbox 575 1383 739 1428; x_wconf 77' lang='lat' dir='ltr'>referent</span> <span class='ocrx_word' id='word_1_178' title='bbox 775 1385 906 1428; x_wconf 68' lang='lat' dir='ltr'>Sapen</span> <span class='ocrx_word' id='word_1_179' title='bbox 943 1387 1009 1412; x_wconf 88' lang='lat' dir='ltr'>etc.</span> <span class='ocrx_word' id='word_1_180' title='bbox 1069 1379 1138 1412; x_wconf 81' lang='lat' dir='ltr'>Sed</span> <span class='ocrx_word' id='word_1_181' title='bbox 1172 1390 1236 1410; x_wconf 86' lang='lat' dir='ltr'>nec</span> <span class='ocrx_word' id='word_1_182' title='bbox 1259 1377 1391 1423; x_wconf 66' lang='lat' dir='ltr'>serant</span> <span class='ocrx_word' id='word_1_183' title='bbox 1427 1374 1666 1411; x_wconf 80' lang='lat' dir='ltr'>damnandum,</span> 
     </span>
     <span class='ocr_line' id='line_1_21' title="bbox 155 1420 1667 1478; baseline -0.01 -12"><span class='ocrx_word' id='word_1_184' title='bbox 155 1434 249 1478; x_wconf 86' lang='lat' dir='ltr'>quod</span> <span class='ocrx_word' id='word_1_185' title='bbox 288 1444 407 1465; x_wconf 84' lang='lat' dir='ltr'>omnes</span> <span class='ocrx_word' id='word_1_186' title='bbox 439 1431 522 1464; x_wconf 83' lang='lat' dir='ltr'>libri</span> <span class='ocrx_word' id='word_1_187' title='bbox 556 1430 710 1470; x_wconf 72' lang='lat' dir='ltr'>habent,</span> <span class='ocrx_word' id='word_1_188' title='bbox 749 1428 853 1461; x_wconf 83' lang='lat' dir='ltr'>etiam</span> <span class='ocrx_word' id='word_1_189' title='bbox 890 1427 1006 1460; x_wconf 84' lang='lat' dir='ltr'>Vatic.</span> <span class='ocrx_word' id='word_1_190' title='bbox 1036 1427 1159 1469; x_wconf 81' lang='lat' dir='ltr'><strong>fragm.</strong></span> <span class='ocrx_word' id='word_1_191' title='bbox 1209 1437 1301 1470; x_wconf 80' lang='lat' dir='ltr'>quae</span> <span class='ocrx_word' id='word_1_192' title='bbox 1327 1432 1362 1456; x_wconf 83' lang='lat' dir='ltr'>te</span> <span class='ocrx_word' id='word_1_193' title='bbox 1386 1424 1456 1455; x_wconf 80' lang='lat' dir='ltr'>iam</span> <span class='ocrx_word' id='word_1_194' title='bbox 1482 1420 1589 1453; x_wconf 86' lang='lat' dir='ltr'>Goth.</span> <span class='ocrx_word' id='word_1_195' title='bbox 1615 1431 1667 1463; x_wconf 90' lang='lat' dir='ltr'>pr.</span> 
     </span>
     <span class='ocr_line' id='line_1_22' title="bbox 157 1465 1669 1518; baseline -0.011 -5"><span class='ocrx_word' id='word_1_196' title='bbox 157 1481 275 1513; x_wconf 75' lang='lat' dir='ltr'>tulere</span> <span class='ocrx_word' id='word_1_197' title='bbox 299 1480 367 1512; x_wconf 88' lang='lat' dir='ltr'>duo</span> <span class='ocrx_word' id='word_1_198' title='bbox 394 1481 506 1511; x_wconf 76' lang='lat' dir='ltr'>Bmm.</span> <span class='ocrx_word' id='word_1_199' title='bbox 534 1484 571 1509; x_wconf 81' lang='lat' dir='ltr'>ut</span> <span class='ocrx_word' id='word_1_200' title='bbox 597 1476 804 1509; x_wconf 79' lang='lat' dir='ltr'>emendabat</span> <span class='ocrx_word' id='word_1_201' title='bbox 838 1473 1104 1518; x_wconf 77' lang='lat' dir='ltr'>Cuniughamus.</span> <span class='ocrx_word' id='word_1_202' title='bbox 1152 1473 1207 1515; x_wconf 76' lang='lat' dir='ltr'>(Et</span> <span class='ocrx_word' id='word_1_203' title='bbox 1230 1471 1278 1504; x_wconf 80' lang='lat' dir='ltr'>ita</span> <span class='ocrx_word' id='word_1_204' title='bbox 1305 1468 1524 1502; x_wconf 82' lang='lat' dir='ltr'>scribendum</span> <span class='ocrx_word' id='word_1_205' title='bbox 1548 1465 1669 1505; x_wconf 83' lang='lat' dir='ltr'>videri,</span> 
     </span>
     <span class='ocr_line' id='line_1_23' title="bbox 155 1513 1669 1567; baseline -0.011 -8"><span class='ocrx_word' id='word_1_206' title='bbox 155 1527 308 1560; x_wconf 70' lang='lat' dir='ltr'>dixeram</span> <span class='ocrx_word' id='word_1_207' title='bbox 335 1528 377 1566; x_wconf 83' lang='lat' dir='ltr'>Q.</span> <span class='ocrx_word' id='word_1_208' title='bbox 404 1527 446 1558; x_wconf 89' lang='lat' dir='ltr'>V.</span> <span class='ocrx_word' id='word_1_209' title='bbox 482 1526 526 1557; x_wconf 92' lang='lat' dir='ltr'>V.</span> <span class='ocrx_word' id='word_1_210' title='bbox 575 1525 642 1556; x_wconf 82' lang='lat' dir='ltr'>Sed</span> <span class='ocrx_word' id='word_1_211' title='bbox 678 1522 818 1567; x_wconf 82' lang='lat' dir='ltr'>plenior</span> <span class='ocrx_word' id='word_1_212' title='bbox 848 1522 960 1553; x_wconf 81' lang='lat' dir='ltr'>forma</span> <span class='ocrx_word' id='word_1_213' title='bbox 998 1519 1174 1553; x_wconf 73' lang='lat' dir='ltr'>incitatius</span> <span class='ocrx_word' id='word_1_214' title='bbox 1209 1515 1366 1561; x_wconf 84' lang='lat' dir='ltr'>loquenti</span> <span class='ocrx_word' id='word_1_215' title='bbox 1400 1513 1669 1547; x_wconf 70' lang='lat' dir='ltr'>convenientior.</span> 
     </span>
     <span class='ocr_line' id='line_1_24' title="bbox 162 1561 1670 1616; baseline -0.011 -9"><span class='ocrx_word' id='word_1_216' title='bbox 162 1574 255 1616; x_wconf 80' lang='lat' dir='ltr'>lVr.)</span> <span class='ocrx_word' id='word_1_217' title='bbox 329 1574 398 1607; x_wconf 84' lang='lat'>606</span> <span class='ocrx_word' id='word_1_218' title='bbox 432 1572 540 1604; x_wconf 78' lang='lat' dir='ltr'>talem</span> <span class='ocrx_word' id='word_1_219' title='bbox 574 1571 673 1603; x_wconf 73' lang='lat' dir='ltr'>tanti</span> <span class='ocrx_word' id='word_1_220' title='bbox 697 1569 856 1601; x_wconf 82' lang='lat' dir='ltr'>Parrhas.</span> <span class='ocrx_word' id='word_1_221' title='bbox 941 1568 1009 1602; x_wconf 88' lang='lat'>608</span> <span class='ocrx_word' id='word_1_222' title='bbox 1037 1570 1206 1598; x_wconf 70' lang='lat' dir='ltr'>Conz&#39;exa</span> <span class='ocrx_word' id='word_1_223' title='bbox 1230 1572 1364 1596; x_wconf 68' lang='lat' dir='ltr'>veteres</span> <span class='ocrx_word' id='word_1_224' title='bbox 1389 1561 1524 1594; x_wconf 86' lang='lat' dir='ltr'>librarii</span> <span class='ocrx_word' id='word_1_225' title='bbox 1550 1562 1670 1603; x_wconf 54' lang='lat' dir='ltr'>(prae-</span> 
     </span>
     <span class='ocr_line' id='line_1_25' title="bbox 157 1605 1671 1663; baseline -0.011 -10"><span class='ocrx_word' id='word_1_226' title='bbox 157 1629 210 1658; x_wconf 84' lang='lat' dir='ltr'>ter</span> <span class='ocrx_word' id='word_1_227' title='bbox 234 1621 357 1663; x_wconf 76' lang='lat' dir='ltr'>fragm.</span> <span class='ocrx_word' id='word_1_228' title='bbox 385 1618 498 1651; x_wconf 68' lang='lat' dir='ltr'>Vatic.</span> <span class='ocrx_word' id='word_1_229' title='bbox 526 1617 700 1661; x_wconf 83' lang='lat' dir='ltr'>Pieriique</span> <span class='ocrx_word' id='word_1_230' title='bbox 727 1615 937 1658; x_wconf 81' lang='lat' dir='ltr'>oblongum,</span> <span class='ocrx_word' id='word_1_231' title='bbox 970 1613 1004 1645; x_wconf 88' lang='lat' dir='ltr'>in</span> <span class='ocrx_word' id='word_1_232' title='bbox 1040 1613 1163 1657; x_wconf 81' lang='lat' dir='ltr'>quibus</span> <span class='ocrx_word' id='word_1_233' title='bbox 1190 1617 1285 1643; x_wconf 82' lang='lat' dir='ltr'>recte</span> <span class='ocrx_word' id='word_1_234' title='bbox 1321 1615 1404 1652; x_wconf 83' lang='lat' dir='ltr'>post</span> <span class='ocrx_word' id='word_1_235' title='bbox 1428 1618 1591 1640; x_wconf 74' lang='lat' dir='ltr'>convexa</span> <span class='ocrx_word' id='word_1_236' title='bbox 1614 1605 1671 1636; x_wconf 89' lang='lat' dir='ltr'>in-</span> 
     </span>
     <span class='ocr_line' id='line_1_26' title="bbox 157 1651 1672 1712; baseline -0.011 -13"><span class='ocrx_word' id='word_1_237' title='bbox 157 1666 358 1712; x_wconf 83' lang='lat' dir='ltr'>terpunctio</span> <span class='ocrx_word' id='word_1_238' title='bbox 392 1665 523 1708; x_wconf 76' lang='lat' dir='ltr'>positu)</span> <span class='ocrx_word' id='word_1_239' title='bbox 562 1671 598 1696; x_wconf 82' lang='lat' dir='ltr'>et</span> <span class='ocrx_word' id='word_1_240' title='bbox 632 1663 845 1696; x_wconf 79' lang='lat' dir='ltr'>scholiastae</span> <span class='ocrx_word' id='word_1_241' title='bbox 878 1662 952 1693; x_wconf 80' lang='lat' dir='ltr'>fere</span> <span class='ocrx_word' id='word_1_242' title='bbox 984 1672 1058 1692; x_wconf 89' lang='lat' dir='ltr'>cum</span> <span class='ocrx_word' id='word_1_243' title='bbox 1085 1659 1207 1692; x_wconf 69' lang='lat' dir='ltr'>sidera</span> <span class='ocrx_word' id='word_1_244' title='bbox 1232 1656 1460 1699; x_wconf 77' lang='lat' dir='ltr'>coniungunt3</span> <span class='ocrx_word' id='word_1_245' title='bbox 1486 1653 1575 1686; x_wconf 81' lang='lat' dir='ltr'>male</span> <span class='ocrx_word' id='word_1_246' title='bbox 1601 1651 1672 1683; x_wconf 87' lang='lat' dir='ltr'>uti-</span> 
     </span>
     <span class='ocr_line' id='line_1_27' title="bbox 158 1698 1672 1759; baseline -0.012 -12"><span class='ocrx_word' id='word_1_247' title='bbox 158 1726 236 1759; x_wconf 89' lang='lat' dir='ltr'>que.</span> <span class='ocrx_word' id='word_1_248' title='bbox 270 1726 348 1745; x_wconf 78' lang='lat' dir='ltr'>nam</span> <span class='ocrx_word' id='word_1_249' title='bbox 385 1712 521 1744; x_wconf 85' lang='lat' dir='ltr'>coelum</span> <span class='ocrx_word' id='word_1_250' title='bbox 557 1718 610 1743; x_wconf 85' lang='lat' dir='ltr'>est</span> <span class='ocrx_word' id='word_1_251' title='bbox 644 1721 856 1749; x_wconf 78' lang='lat' dir='ltr'>convexum,</span> <span class='ocrx_word' id='word_1_252' title='bbox 892 1719 959 1740; x_wconf 91' lang='lat' dir='ltr'>nou</span> <span class='ocrx_word' id='word_1_253' title='bbox 997 1713 1097 1739; x_wconf 85' lang='lat' dir='ltr'>astra.</span> <span class='ocrx_word' id='word_1_254' title='bbox 1149 1706 1223 1737; x_wconf 88' lang='lat' dir='ltr'>Hoc</span> <span class='ocrx_word' id='word_1_255' title='bbox 1256 1710 1372 1735; x_wconf 89' lang='lat' dir='ltr'>tamen</span> <span class='ocrx_word' id='word_1_256' title='bbox 1408 1700 1526 1745; x_wconf 86' lang='lat' dir='ltr'>posito</span> <span class='ocrx_word' id='word_1_257' title='bbox 1555 1698 1672 1731; x_wconf 88' lang='lat' dir='ltr'>Heius.</span> 
     </span>
     <span class='ocr_line' id='line_1_28' title="bbox 159 1745 1675 1794; baseline -0.011 0"><span class='ocrx_word' id='word_1_258' title='bbox 159 1760 384 1794; x_wconf 70' lang='lat' dir='ltr'>conficiebat:</span> <span class='ocrx_word' id='word_1_259' title='bbox 436 1759 520 1791; x_wconf 78' lang='lat' dir='ltr'>dnm</span> <span class='ocrx_word' id='word_1_260' title='bbox 553 1756 736 1790; x_wconf 66' lang='lat' dir='ltr'>montibus</span> <span class='ocrx_word' id='word_1_261' title='bbox 771 1753 918 1787; x_wconf 50' lang='lat' dir='ltr'>umbrae</span> <span class='ocrx_word' id='word_1_262' title='bbox 955 1756 1096 1785; x_wconf 64' lang='lat' dir='ltr'>Lustra</span> <span class='ocrx_word' id='word_1_263' title='bbox 1127 1751 1277 1784; x_wconf 75' lang='lat' dir='ltr'>dabunt.</span> <span class='ocrx_word' id='word_1_264' title='bbox 1323 1748 1420 1793; x_wconf 72' lang='lat' dir='ltr'>(item</span> <span class='ocrx_word' id='word_1_265' title='bbox 1454 1746 1596 1780; x_wconf 71' lang='lat' dir='ltr'>Wakef.</span> <span class='ocrx_word' id='word_1_266' title='bbox 1631 1745 1675 1778; x_wconf 80' lang='lat' dir='ltr'>ad</span> 
     </span>
     <span class='ocr_line' id='line_1_29' title="bbox 159 1791 1675 1848; baseline -0.011 -8"><span class='ocrx_word' id='word_1_267' title='bbox 159 1809 299 1840; x_wconf 85' lang='lat' dir='ltr'>Lucret.</span> <span class='ocrx_word' id='word_1_268' title='bbox 337 1808 362 1847; x_wconf 87' lang='lat' dir='ltr'>I,</span> <span class='ocrx_word' id='word_1_269' title='bbox 399 1807 479 1840; x_wconf 64' lang='lat'>232.</span> <span class='ocrx_word' id='word_1_270' title='bbox 519 1803 614 1848; x_wconf 72' lang='grc' dir='ltr'>ΠΤ.)</span> <span class='ocrx_word' id='word_1_271' title='bbox 651 1802 849 1846; x_wconf 61' lang='lat' dir='ltr'>iugeniose3</span> <span class='ocrx_word' id='word_1_272' title='bbox 892 1800 958 1833; x_wconf 88' lang='lat' dir='ltr'>nisi</span> <span class='ocrx_word' id='word_1_273' title='bbox 990 1812 1151 1832; x_wconf 71' lang='lat' dir='ltr'>convexa</span> <span class='ocrx_word' id='word_1_274' title='bbox 1184 1798 1342 1835; x_wconf 86' lang='lat' dir='ltr'>obesset,</span> <span class='ocrx_word' id='word_1_275' title='bbox 1379 1802 1414 1827; x_wconf 83' lang='lat' dir='ltr'>et</span> <span class='ocrx_word' id='word_1_276' title='bbox 1445 1791 1675 1826; x_wconf 55' lang='lat' dir='ltr'>Las-trabunt</span> 
     </span>
     <span class='ocr_line' id='line_1_30' title="bbox 160 1838 1674 1896; baseline -0.011 -9"><span class='ocrx_word' id='word_1_277' title='bbox 160 1854 269 1888; x_wconf 76' lang='lat' dir='ltr'>multo</span> <span class='ocrx_word' id='word_1_278' title='bbox 296 1853 401 1886; x_wconf 79' lang='lat' dir='ltr'>etiam</span> <span class='ocrx_word' id='word_1_279' title='bbox 426 1851 534 1896; x_wconf 80' lang='lat' dir='ltr'>magis</span> <span class='ocrx_word' id='word_1_280' title='bbox 571 1858 662 1883; x_wconf 78' lang='lat' dir='ltr'>esset</span> <span class='ocrx_word' id='word_1_281' title='bbox 688 1848 916 1892; x_wconf 79' lang='lat' dir='ltr'>ingeniosum.</span> <span class='ocrx_word' id='word_1_282' title='bbox 966 1847 1034 1878; x_wconf 87' lang='lat' dir='ltr'>Pro</span> <span class='ocrx_word' id='word_1_283' title='bbox 1072 1843 1304 1884; x_wconf 66' lang='lat' dir='ltr'>lustrabunt,</span> <span class='ocrx_word' id='word_1_284' title='bbox 1335 1840 1527 1875; x_wconf 63' lang='lat' dir='ltr'>instabunt</span> <span class='ocrx_word' id='word_1_285' title='bbox 1562 1838 1674 1882; x_wconf 79' lang='lat' dir='ltr'>Bigot.</span> 
     </span>
     <span class='ocr_line' id='line_1_31' title="bbox 161 1884 1671 1946; baseline -0.012 -12"><span class='ocrx_word' id='word_1_286' title='bbox 161 1910 193 1935; x_wconf 82' lang='lat' dir='ltr'>et</span> <span class='ocrx_word' id='word_1_287' title='bbox 213 1900 468 1946; x_wconf 81' lang='lat' dir='ltr'>pr.Hamburg.</span> <span class='ocrx_word' id='word_1_288' title='bbox 493 1910 556 1940; x_wconf 86' lang='lat' dir='ltr'>pro</span> <span class='ocrx_word' id='word_1_289' title='bbox 576 1910 647 1930; x_wconf 77' lang='lat' dir='ltr'>var.</span> <span class='ocrx_word' id='word_1_290' title='bbox 671 1897 770 1929; x_wconf 81' lang='lat' dir='ltr'>lect.:</span> <span class='ocrx_word' id='word_1_291' title='bbox 795 1895 886 1927; x_wconf 86' lang='lat' dir='ltr'>unde</span> <span class='ocrx_word' id='word_1_292' title='bbox 908 1896 1020 1926; x_wconf 71' lang='lat' dir='ltr'>Burni.</span> <span class='ocrx_word' id='word_1_293' title='bbox 1045 1891 1136 1924; x_wconf 84' lang='lat' dir='ltr'>coni.</span> <span class='ocrx_word' id='word_1_294' title='bbox 1151 1889 1390 1929; x_wconf 75' lang='lat' dir='ltr'>constabunt,</span> <span class='ocrx_word' id='word_1_295' title='bbox 1413 1898 1531 1932; x_wconf 85' lang='lat' dir='ltr'>parum</span> <span class='ocrx_word' id='word_1_296' title='bbox 1552 1884 1671 1918; x_wconf 77' lang='lat' dir='ltr'>felici-</span> 
     </span>
     <span class='ocr_line' id='line_1_32' title="bbox 161 1937 1676 1985; baseline -0.013 -3"><span class='ocrx_word' id='word_1_297' title='bbox 161 1955 226 1982; x_wconf 85' lang='lat' dir='ltr'>ter.</span> <span class='ocrx_word' id='word_1_298' title='bbox 262 1947 374 1980; x_wconf 82' lang='lat' dir='ltr'>Etiam</span> <span class='ocrx_word' id='word_1_299' title='bbox 394 1945 598 1979; x_wconf 82' lang='lat' dir='ltr'>Marklaudo</span> <span class='ocrx_word' id='word_1_300' title='bbox 625 1944 669 1977; x_wconf 80' lang='lat' dir='ltr'>ad</span> <span class='ocrx_word' id='word_1_301' title='bbox 692 1947 778 1976; x_wconf 80' lang='lat' dir='ltr'>Stat.</span> <span class='ocrx_word' id='word_1_302' title='bbox 804 1941 889 1975; x_wconf 84' lang='lat' dir='ltr'>Silv.</span> <span class='ocrx_word' id='word_1_303' title='bbox 912 1954 945 1985; x_wconf 89' lang='lat' dir='ltr'>p.</span> <span class='ocrx_word' id='word_1_304' title='bbox 964 1941 1030 1975; x_wconf 70' lang='lat'>102</span> <span class='ocrx_word' id='word_1_305' title='bbox 1055 1939 1152 1971; x_wconf 82' lang='lat' dir='ltr'>locus</span> <span class='ocrx_word' id='word_1_306' title='bbox 1179 1937 1271 1969; x_wconf 84' lang='lat' dir='ltr'>visus</span> <span class='ocrx_word' id='word_1_307' title='bbox 1297 1942 1350 1968; x_wconf 87' lang='lat' dir='ltr'>est</span> <span class='ocrx_word' id='word_1_308' title='bbox 1374 1940 1576 1978; x_wconf 80' lang='lat' dir='ltr'>corruptus3</span> <span class='ocrx_word' id='word_1_309' title='bbox 1599 1943 1676 1964; x_wconf 78' lang='lat' dir='ltr'>nam</span> 
     </span>
     <span class='ocr_line' id='line_1_33' title="bbox 161 1981 1677 2039; baseline -0.012 -11"><span class='ocrx_word' id='word_1_310' title='bbox 161 1994 434 2039; x_wconf 80' lang='lat' dir='ltr'>interpungebat</span> <span class='ocrx_word' id='word_1_311' title='bbox 460 1999 495 2025; x_wconf 83' lang='lat' dir='ltr'>et</span> <span class='ocrx_word' id='word_1_312' title='bbox 520 1992 596 2037; x_wconf 80' lang='lat' dir='ltr'>ipse</span> <span class='ocrx_word' id='word_1_313' title='bbox 625 1997 706 2036; x_wconf 85' lang='lat' dir='ltr'>post</span> <span class='ocrx_word' id='word_1_314' title='bbox 731 1987 956 2022; x_wconf 72' lang='lat' dir='ltr'>lustrabunt.</span> <span class='ocrx_word' id='word_1_315' title='bbox 983 1993 1019 2019; x_wconf 87' lang='lat' dir='ltr'>at</span> <span class='ocrx_word' id='word_1_316' title='bbox 1043 1998 1074 2018; x_wconf 90' lang='lat' dir='ltr'>v.</span> <span class='ocrx_word' id='word_1_317' title='bbox 1102 1986 1193 2017; x_wconf 84' lang='lat' dir='ltr'>infra</span> <span class='ocrx_word' id='word_1_318' title='bbox 1217 1990 1346 2016; x_wconf 81' lang='lat' dir='ltr'>notam.</span> <span class='ocrx_word' id='word_1_319' title='bbox 1379 1981 1531 2026; x_wconf 69' lang='lat' dir='ltr'>(Iahnius</span> <span class='ocrx_word' id='word_1_320' title='bbox 1556 1990 1677 2012; x_wconf 81' lang='lat' dir='ltr'>assen—</span> 
     </span>
     <span class='ocr_line' id='line_1_34' title="bbox 162 2024 1678 2078; baseline -0.013 -3"><span class='ocrx_word' id='word_1_321' title='bbox 162 2042 247 2076; x_wconf 80' lang='lat' dir='ltr'>titur</span> <span class='ocrx_word' id='word_1_322' title='bbox 273 2041 410 2074; x_wconf 87' lang='lat' dir='ltr'>Handio</span> <span class='ocrx_word' id='word_1_323' title='bbox 437 2040 481 2072; x_wconf 86' lang='lat' dir='ltr'>ad</span> <span class='ocrx_word' id='word_1_324' title='bbox 508 2041 661 2072; x_wconf 89' lang='lat' dir='ltr'>Gronov.</span> <span class='ocrx_word' id='word_1_325' title='bbox 690 2036 800 2069; x_wconf 83' lang='lat' dir='ltr'>Diatr.</span> <span class='ocrx_word' id='word_1_326' title='bbox 827 2037 869 2067; x_wconf 91' lang='lat' dir='ltr'>T.</span> <span class='ocrx_word' id='word_1_327' title='bbox 896 2036 919 2067; x_wconf 89' lang='grc' dir='ltr'>Ι.</span> <span class='ocrx_word' id='word_1_328' title='bbox 950 2046 1025 2078; x_wconf 79' lang='lat' dir='ltr'>pag.</span> <span class='ocrx_word' id='word_1_329' title='bbox 1051 2033 1130 2067; x_wconf 68' lang='lat'>326.</span> <span class='ocrx_word' id='word_1_330' title='bbox 1165 2042 1329 2064; x_wconf 80' lang='lat' dir='ltr'>convexa</span> <span class='ocrx_word' id='word_1_331' title='bbox 1365 2029 1487 2062; x_wconf 74' lang='lat' dir='ltr'>sidera</span> <span class='ocrx_word' id='word_1_332' title='bbox 1510 2024 1678 2069; x_wconf 86' lang='lat' dir='ltr'>iungenti,</span> 
     </span>
     <span class='ocr_line' id='line_1_35' title="bbox 162 2075 1678 2131; baseline -0.013 -9"><span class='ocrx_word' id='word_1_333' title='bbox 162 2089 186 2122; x_wconf 88' lang='lat' dir='ltr'>i.</span> <span class='ocrx_word' id='word_1_334' title='bbox 215 2101 244 2121; x_wconf 93' lang='lat' dir='ltr'>e.</span> <span class='ocrx_word' id='word_1_335' title='bbox 271 2087 417 2122; x_wconf 74' lang='lat' dir='ltr'>convexi</span> <span class='ocrx_word' id='word_1_336' title='bbox 443 2086 516 2131; x_wconf 84' lang='lat' dir='ltr'>poli</span> <span class='ocrx_word' id='word_1_337' title='bbox 544 2086 680 2125; x_wconf 83' lang='lat' dir='ltr'>sidera,</span> <span class='ocrx_word' id='word_1_338' title='bbox 707 2083 787 2116; x_wconf 88' lang='lat' dir='ltr'>coll.</span> <span class='ocrx_word' id='word_1_339' title='bbox 815 2081 912 2114; x_wconf 80' lang='lat' dir='ltr'>Ovid.</span> <span class='ocrx_word' id='word_1_340' title='bbox 938 2082 1002 2124; x_wconf 87' lang='lat' dir='ltr'>Ep.</span> <span class='ocrx_word' id='word_1_341' title='bbox 1030 2092 1069 2112; x_wconf 77' lang='lat' dir='ltr'>ex</span> <span class='ocrx_word' id='word_1_342' title='bbox 1095 2081 1132 2112; x_wconf 89' lang='lat' dir='ltr'>P.</span> <span class='ocrx_word' id='word_1_343' title='bbox 1160 2079 1219 2116; x_wconf 85' lang='lat' dir='ltr'>IV,</span> <span class='ocrx_word' id='word_1_344' title='bbox 1244 2079 1276 2117; x_wconf 82' lang='grc'>9,</span> <span class='ocrx_word' id='word_1_345' title='bbox 1305 2077 1403 2111; x_wconf 71' lang='lat'>129.:</span> <span class='ocrx_word' id='word_1_346' title='bbox 1440 2075 1518 2116; x_wconf 85' lang='lat' dir='ltr'>„Tu</span> <span class='ocrx_word' id='word_1_347' title='bbox 1540 2078 1678 2105; x_wconf 84' lang='lat' dir='ltr'>nostras</span> 
     </span>
     <span class='ocr_line' id='line_1_36' title="bbox 163 2120 1678 2170; baseline -0.013 0"><span class='ocrx_word' id='word_1_348' title='bbox 163 2136 261 2170; x_wconf 79' lang='lat' dir='ltr'>audis</span> <span class='ocrx_word' id='word_1_349' title='bbox 285 2135 377 2168; x_wconf 84' lang='lat' dir='ltr'>inter</span> <span class='ocrx_word' id='word_1_350' title='bbox 403 2136 608 2167; x_wconf 81' lang='lat' dir='ltr'>convexa</span> <span class='ocrx_word' id='word_1_351' title='bbox 632 2132 769 2165; x_wconf 86' lang='lat' dir='ltr'>locatus</span> <span class='ocrx_word' id='word_1_352' title='bbox 795 2128 1006 2163; x_wconf 75' lang='lat' dir='ltr'>Sidera.“</span> <span class='ocrx_word' id='word_1_353' title='bbox 1054 2128 1106 2160; x_wconf 83' lang='lat' dir='ltr'>Ita</span> <span class='ocrx_word' id='word_1_354' title='bbox 1132 2125 1234 2159; x_wconf 81' lang='lat' dir='ltr'>etiam</span> <span class='ocrx_word' id='word_1_355' title='bbox 1258 2122 1399 2158; x_wconf 81' lang='lat' dir='ltr'>Wakef.</span> <span class='ocrx_word' id='word_1_356' title='bbox 1425 2121 1448 2154; x_wconf 94' lang='lat' dir='ltr'>l.</span> <span class='ocrx_word' id='word_1_357' title='bbox 1474 2120 1497 2153; x_wconf 94' lang='lat' dir='ltr'>l.</span> <span class='ocrx_word' id='word_1_358' title='bbox 1545 2121 1678 2152; x_wconf 85' lang='lat' dir='ltr'>Hacte-</span> 
     </span>
    </p>
   </div>
   <div class='ocr_carea' id='block_1_6' title="bbox 569 2225 586 2232">
    <p class='ocr_par' dir='ltr' id='par_1_6' title="bbox 569 2225 586 2232">
     <span class='ocr_line' id='line_1_37' title="bbox 569 2225 586 2232; baseline 0 0"><span class='ocrx_word' id='word_1_359' title='bbox 569 2225 586 2232; x_wconf 48' lang='lat' dir='ltr'>s</span> 
     </span>
    </p>
   </div>
   <div class='ocr_carea' id='block_1_7' title="bbox 165 2237 1679 2304">
    <p class='ocr_par' dir='ltr' id='par_1_7' title="bbox 165 2237 1679 2304">
     <span class='ocr_line' id='line_1_38' title="bbox 165 2237 1679 2304; baseline -0.014 -11"><span class='ocrx_word' id='word_1_360' title='bbox 165 2255 223 2292; x_wconf 91' lang='lat' dir='ltr'>los</span> <span class='ocrx_word' id='word_1_361' title='bbox 263 2253 341 2292; x_wconf 82' lang='lat' dir='ltr'>suit</span> <span class='ocrx_word' id='word_1_362' title='bbox 382 2252 531 2304; x_wconf 80' lang='lat' dir='ltr'>Ulyssis</span> <span class='ocrx_word' id='word_1_363' title='bbox 572 2250 624 2288; x_wconf 85' lang='lat' dir='ltr'>ad</span> <span class='ocrx_word' id='word_1_364' title='bbox 663 2248 896 2287; x_wconf 62' lang='lat' dir='ltr'>Nausicaan,</span> <span class='ocrx_word' id='word_1_365' title='bbox 957 2245 994 2287; x_wconf 80' lang='lat'>4.</span> <span class='ocrx_word' id='word_1_366' title='bbox 1028 2245 1082 2287; x_wconf 85' lang='lat'>65</span> <span class='ocrx_word' id='word_1_367' title='bbox 1112 2243 1237 2282; x_wconf 85' lang='lat' dir='ltr'>nude:</span> <span class='ocrx_word' id='word_1_368' title='bbox 1279 2241 1375 2278; x_wconf 81' lang='lat' dir='ltr'>dum</span> <span class='ocrx_word' id='word_1_369' title='bbox 1398 2238 1536 2277; x_wconf 81' lang='lat' dir='ltr'>robora</span> <span class='ocrx_word' id='word_1_370' title='bbox 1565 2237 1679 2274; x_wconf 71' lang='lat' dir='ltr'>lellus</span> 
     </span>
    </p>
   </div>
   <div class='ocr_carea' id='block_1_8' title="bbox 166 2306 905 2993">
    <p class='ocr_par' dir='ltr' id='par_1_8' title="bbox 166 2306 899 2541">
     <span class='ocr_line' id='line_1_39' title="bbox 166 2306 897 2363; baseline -0.011 -13"><span class='ocrx_word' id='word_1_371' title='bbox 166 2311 293 2350; x_wconf 77' lang='lat' dir='ltr'>oratio</span> <span class='ocrx_word' id='word_1_372' title='bbox 332 2311 565 2363; x_wconf 83' lang='lat' dir='ltr'>pulcrarum</span> <span class='ocrx_word' id='word_1_373' title='bbox 606 2306 897 2345; x_wconf 83' lang='lat' dir='ltr'>sententiarum</span> 
     </span>
     <span class='ocr_line' id='line_1_40' title="bbox 166 2362 898 2422; baseline -0.01 -14"><span class='ocrx_word' id='word_1_374' title='bbox 166 2371 305 2422; x_wconf 87' lang='lat' dir='ltr'>plena,</span> <span class='ocrx_word' id='word_1_375' title='bbox 343 2368 413 2406; x_wconf 85' lang='lat' dir='ltr'>ubi</span> <span class='ocrx_word' id='word_1_376' title='bbox 452 2367 596 2419; x_wconf 70' lang='lat' dir='ltr'>Odyss.</span> <span class='ocrx_word' id='word_1_377' title='bbox 625 2368 664 2414; x_wconf 85' lang='grc' dir='ltr'>ζ,</span> <span class='ocrx_word' id='word_1_378' title='bbox 699 2366 780 2406; x_wconf 82' lang='grc'>180</span> <span class='ocrx_word' id='word_1_379' title='bbox 821 2362 898 2403; x_wconf 81' lang='grc' dir='ltr'>Σοὶ</span> 
     </span>
     <span class='ocr_line' id='line_1_41' title="bbox 167 2418 899 2473; baseline -0.011 -5"><span class='ocrx_word' id='word_1_380' title='bbox 167 2426 210 2468; x_wconf 79' lang='grc' dir='ltr'>δὲ</span> <span class='ocrx_word' id='word_1_381' title='bbox 238 2426 332 2467; x_wconf 83' lang='grc' dir='ltr'><em>θεοὶ</em></span> <span class='ocrx_word' id='word_1_382' title='bbox 369 2421 468 2467; x_wconf 85' lang='grc' dir='ltr'><em>τόσα</em></span> <span class='ocrx_word' id='word_1_383' title='bbox 500 2426 631 2472; x_wconf 79' lang='grc' dir='ltr'><em>δοῖεν,</em></span> <span class='ocrx_word' id='word_1_384' title='bbox 669 2418 743 2463; x_wconf 69' lang='grc' dir='ltr'>ὅσα</span> <span class='ocrx_word' id='word_1_385' title='bbox 779 2420 899 2473; x_wconf 79' lang='grc' dir='ltr'>φρεσὶ</span> 
     </span>
     <span class='ocr_line' id='line_1_42' title="bbox 169 2487 573 2541; baseline -0.007 -16"><span class='ocrx_word' id='word_1_386' title='bbox 169 2488 262 2541; x_wconf 72' lang='grc' dir='ltr'>σῇσι</span> <span class='ocrx_word' id='word_1_387' title='bbox 286 2487 480 2539; x_wconf 74' lang='grc' dir='ltr'><em>μενοινᾷς</em></span> <span class='ocrx_word' id='word_1_388' title='bbox 499 2489 573 2522; x_wconf 83' lang='lat' dir='ltr'>etc.</span> 
     </span>
    </p>

    <p class='ocr_par' dir='ltr' id='par_1_9' title="bbox 171 2539 905 2938">
     <span class='ocr_line' id='line_1_43' title="bbox 226 2539 898 2586; baseline -0.018 -1"><span class='ocrx_word' id='word_1_389' title='bbox 226 2543 324 2585; x_wconf 87' lang='lat'>605.</span> <span class='ocrx_word' id='word_1_390' title='bbox 378 2542 492 2579; x_wconf 76' lang='lat' dir='ltr'>Felix</span> <span class='ocrx_word' id='word_1_391' title='bbox 527 2539 740 2578; x_wconf 86' lang='lat' dir='ltr'>hominum</span> <span class='ocrx_word' id='word_1_392' title='bbox 777 2544 898 2586; x_wconf 62' lang='lat' dir='ltr'>aetem,</span> 
     </span>
     <span class='ocr_line' id='line_1_44' title="bbox 171 2596 902 2651; baseline -0.008 -13"><span class='ocrx_word' id='word_1_393' title='bbox 171 2600 209 2638; x_wconf 87' lang='lat' dir='ltr'>in</span> <span class='ocrx_word' id='word_1_394' title='bbox 237 2614 315 2651; x_wconf 85' lang='lat' dir='ltr'>qua</span> <span class='ocrx_word' id='word_1_395' title='bbox 346 2605 382 2637; x_wconf 81' lang='lat' dir='ltr'>te</span> <span class='ocrx_word' id='word_1_396' title='bbox 414 2606 492 2636; x_wconf 83' lang='lat' dir='ltr'>tam</span> <span class='ocrx_word' id='word_1_397' title='bbox 521 2611 754 2649; x_wconf 76' lang='lat' dir='ltr'>generosam</span> <span class='ocrx_word' id='word_1_398' title='bbox 786 2596 902 2634; x_wconf 82' lang='lat' dir='ltr'>semi-</span> 
     </span>
     <span class='ocr_line' id='line_1_45' title="bbox 171 2655 903 2708; baseline -0.007 -13"><span class='ocrx_word' id='word_1_399' title='bbox 171 2671 262 2696; x_wconf 86' lang='lat' dir='ltr'>nam</span> <span class='ocrx_word' id='word_1_400' title='bbox 296 2658 404 2696; x_wconf 79' lang='lat' dir='ltr'>nasci</span> <span class='ocrx_word' id='word_1_401' title='bbox 435 2657 619 2708; x_wconf 76' lang='lat' dir='ltr'>contigit!</span> <span class='ocrx_word' id='word_1_402' title='bbox 662 2655 772 2692; x_wconf 75' lang='lat' dir='ltr'>laeta</span> <span class='ocrx_word' id='word_1_403' title='bbox 807 2659 903 2691; x_wconf 88' lang='lat' dir='ltr'>sunt</span> 
     </span>
     <span class='ocr_line' id='line_1_46' title="bbox 172 2712 902 2765; baseline -0.004 -12"><span class='ocrx_word' id='word_1_404' title='bbox 172 2716 319 2763; x_wconf 81' lang='lat' dir='ltr'>fausta,</span> <span class='ocrx_word' id='word_1_405' title='bbox 357 2715 484 2754; x_wconf 84' lang='lat' dir='ltr'>felicia</span> <span class='ocrx_word' id='word_1_406' title='bbox 518 2730 547 2753; x_wconf 86' lang='lat' dir='ltr'>s.</span> <span class='ocrx_word' id='word_1_407' title='bbox 584 2715 779 2765; x_wconf 77' lang='lat' dir='ltr'>Compara</span> <span class='ocrx_word' id='word_1_408' title='bbox 808 2712 833 2750; x_wconf 94' lang='lat' dir='ltr'>l.</span> <span class='ocrx_word' id='word_1_409' title='bbox 869 2725 902 2750; x_wconf 87' lang='lat' dir='ltr'>e.</span> 
     </span>
     <span class='ocr_line' id='line_1_47' title="bbox 174 2771 905 2824; baseline -0.005 -15"><span class='ocrx_word' id='word_1_410' title='bbox 174 2772 316 2824; x_wconf 86' lang='lat' dir='ltr'>Odyss.</span> <span class='ocrx_word' id='word_1_411' title='bbox 340 2776 369 2820; x_wconf 86' lang='grc' dir='ltr'>ζ,</span> <span class='ocrx_word' id='word_1_412' title='bbox 393 2771 538 2815; x_wconf 79' lang='lat'>154—</span> <span class='ocrx_word' id='word_1_413' title='bbox 553 2771 644 2812; x_wconf 88' lang='lat'>157.</span> <span class='ocrx_word' id='word_1_414' title='bbox 701 2771 753 2807; x_wconf 85' lang='lat' dir='ltr'>De</span> <span class='ocrx_word' id='word_1_415' title='bbox 776 2771 905 2808; x_wconf 82' lang='lat' dir='ltr'>forma</span> 
     </span>
     <span class='ocr_line' id='line_1_48' title="bbox 178 2827 903 2868; baseline 0 -2"><span class='ocrx_word' id='word_1_416' title='bbox 178 2830 364 2868; x_wconf 71' lang='lat' dir='ltr'>laudandi</span> <span class='ocrx_word' id='word_1_417' title='bbox 398 2830 475 2868; x_wconf 81' lang='lat' dir='ltr'>hac</span> <span class='ocrx_word' id='word_1_418' title='bbox 509 2844 545 2867; x_wconf 87' lang='lat' dir='ltr'>v.</span> <span class='ocrx_word' id='word_1_419' title='bbox 574 2829 692 2867; x_wconf 81' lang='lat' dir='ltr'>Ovid.</span> <span class='ocrx_word' id='word_1_420' title='bbox 720 2828 773 2867; x_wconf 92' lang='lat' dir='ltr'>IV</span> <span class='ocrx_word' id='word_1_421' title='bbox 807 2827 903 2866; x_wconf 77' lang='lat' dir='ltr'>Met.</span> 
     </span>
     <span class='ocr_line' id='line_1_49' title="bbox 177 2888 630 2938; baseline -0.004 -12"><span class='ocrx_word' id='word_1_422' title='bbox 177 2889 259 2928; x_wconf 79' lang='lat'>322</span> <span class='ocrx_word' id='word_1_423' title='bbox 280 2901 336 2938; x_wconf 86' lang='lat' dir='ltr'>sq.</span> <span class='ocrx_word' id='word_1_424' title='bbox 359 2894 397 2926; x_wconf 87' lang='lat' dir='ltr'>et</span> <span class='ocrx_word' id='word_1_425' title='bbox 419 2888 472 2926; x_wconf 88' lang='lat' dir='ltr'>ibi</span> <span class='ocrx_word' id='word_1_426' title='bbox 495 2889 630 2925; x_wconf 75' lang='lat' dir='ltr'>Burm.</span> 
     </span>
    </p>

    <p class='ocr_par' dir='ltr' id='par_1_10' title="bbox 237 2942 905 2993">
     <span class='ocr_line' id='line_1_50' title="bbox 237 2942 905 2993; baseline -0.01 -6"><span class='ocrx_word' id='word_1_427' title='bbox 237 2946 494 2988; x_wconf 86' lang='lat'>607—-610.</span> <span class='ocrx_word' id='word_1_428' title='bbox 524 2945 647 2993; x_wconf 83' lang='lat' dir='ltr'>Quod</span> <span class='ocrx_word' id='word_1_429' title='bbox 671 2943 854 2983; x_wconf 76' lang='lat' dir='ltr'>Tibullus</span> <span class='ocrx_word' id='word_1_430' title='bbox 875 2942 905 2992; x_wconf 81' lang='grc' dir='ltr'>Ι,</span> 
     </span>
    </p>
   </div>
   <div class='ocr_carea' id='block_1_9' title="bbox 956 2294 1684 2985">
    <p class='ocr_par' dir='ltr' id='par_1_11' title="bbox 956 2294 1684 2985">
     <span class='ocr_line' id='line_1_51' title="bbox 956 2294 1681 2350; baseline -0.015 -9"><span class='ocrx_word' id='word_1_431' title='bbox 956 2327 1010 2332; x_wconf 85' lang='lat'>—-</span> <span class='ocrx_word' id='word_1_432' title='bbox 1044 2302 1178 2350; x_wconf 63' lang='lat' dir='ltr'>vellet,</span> <span class='ocrx_word' id='word_1_433' title='bbox 1212 2300 1290 2337; x_wconf 87' lang='lat' dir='ltr'>hoc</span> <span class='ocrx_word' id='word_1_434' title='bbox 1321 2297 1502 2336; x_wconf 80' lang='lat' dir='ltr'>ornatius</span> <span class='ocrx_word' id='word_1_435' title='bbox 1533 2294 1681 2332; x_wconf 72' lang='lat' dir='ltr'>extulit</span> 
     </span>
     <span class='ocr_line' id='line_1_52' title="bbox 957 2352 1682 2411; baseline -0.015 -12"><span class='ocrx_word' id='word_1_436' title='bbox 957 2360 1164 2411; x_wconf 80' lang='lat' dir='ltr'>Virgilius:</span> <span class='ocrx_word' id='word_1_437' title='bbox 1214 2358 1342 2395; x_wconf 84' lang='lat' dir='ltr'>donec</span> <span class='ocrx_word' id='word_1_438' title='bbox 1387 2355 1427 2392; x_wconf 88' lang='lat' dir='ltr'>in</span> <span class='ocrx_word' id='word_1_439' title='bbox 1479 2352 1682 2391; x_wconf 79' lang='lat' dir='ltr'>montibus</span> 
     </span>
     <span class='ocr_line' id='line_1_53' title="bbox 957 2417 1682 2458; baseline -0.017 -1"><span class='ocrx_word' id='word_1_440' title='bbox 957 2419 1122 2458; x_wconf 86' lang='lat' dir='ltr'>umbrae</span> <span class='ocrx_word' id='word_1_441' title='bbox 1145 2417 1337 2454; x_wconf 85' lang='lat' dir='ltr'>silvarum</span> <span class='ocrx_word' id='word_1_442' title='bbox 1365 2425 1543 2450; x_wconf 66' lang='lat' dir='ltr'>convexa</span> <span class='ocrx_word' id='word_1_443' title='bbox 1566 2423 1682 2447; x_wconf 85' lang='lat' dir='ltr'>mon-</span> 
     </span>
     <span class='ocr_line' id='line_1_54' title="bbox 959 2467 1682 2524; baseline -0.018 -8"><span class='ocrx_word' id='word_1_444' title='bbox 959 2478 1086 2524; x_wconf 77' lang='lat' dir='ltr'>tium,</span> <span class='ocrx_word' id='word_1_445' title='bbox 1115 2474 1156 2512; x_wconf 87' lang='lat' dir='ltr'>h.</span> <span class='ocrx_word' id='word_1_446' title='bbox 1190 2487 1222 2514; x_wconf 89' lang='lat' dir='ltr'>e.</span> <span class='ocrx_word' id='word_1_447' title='bbox 1259 2473 1385 2510; x_wconf 81' lang='lat' dir='ltr'>latera</span> <span class='ocrx_word' id='word_1_448' title='bbox 1426 2475 1466 2506; x_wconf 87' lang='lat' dir='ltr'>et</span> <span class='ocrx_word' id='word_1_449' title='bbox 1497 2467 1682 2515; x_wconf 82' lang='lat' dir='ltr'>ambitus,</span> 
     </span>
     <span class='ocr_line' id='line_1_55' title="bbox 960 2525 1683 2579; baseline -0.017 -6"><span class='ocrx_word' id='word_1_450' title='bbox 960 2533 1254 2579; x_wconf 54' lang='lat' dir='ltr'>obscurabunt.</span> <span class='ocrx_word' id='word_1_451' title='bbox 1298 2536 1339 2567; x_wconf 86' lang='lat' dir='ltr'>et</span> <span class='ocrx_word' id='word_1_452' title='bbox 1383 2526 1588 2574; x_wconf 83' lang='lat' dir='ltr'>ornatius,</span> <span class='ocrx_word' id='word_1_453' title='bbox 1618 2525 1683 2562; x_wconf 75' lang='lat' dir='ltr'>lu-</span> 
     </span>
     <span class='ocr_line' id='line_1_56' title="bbox 961 2581 1683 2638; baseline -0.019 -7"><span class='ocrx_word' id='word_1_454' title='bbox 961 2592 1140 2631; x_wconf 74' lang='lat' dir='ltr'>strabunt</span> <span class='ocrx_word' id='word_1_455' title='bbox 1155 2621 1164 2638; x_wconf 86' lang='lat'>,</span> <span class='ocrx_word' id='word_1_456' title='bbox 1198 2589 1341 2628; x_wconf 81' lang='lat' dir='ltr'>umbra</span> <span class='ocrx_word' id='word_1_457' title='bbox 1364 2600 1437 2638; x_wconf 88' lang='lat' dir='ltr'>pro</span> <span class='ocrx_word' id='word_1_458' title='bbox 1462 2585 1572 2622; x_wconf 75' lang='lat' dir='ltr'>flexu</span> <span class='ocrx_word' id='word_1_459' title='bbox 1592 2581 1683 2619; x_wconf 85' lang='lat' dir='ltr'>solis</span> 
     </span>
     <span class='ocr_line' id='line_1_57' title="bbox 961 2646 1682 2704; baseline -0.019 -15"><span class='ocrx_word' id='word_1_460' title='bbox 961 2649 1204 2704; x_wconf 85' lang='lat' dir='ltr'>procedente</span> <span class='ocrx_word' id='word_1_461' title='bbox 1233 2652 1272 2684; x_wconf 83' lang='lat' dir='ltr'>et</span> <span class='ocrx_word' id='word_1_462' title='bbox 1308 2646 1598 2693; x_wconf 76' lang='lat' dir='ltr'>circumagente</span> <span class='ocrx_word' id='word_1_463' title='bbox 1631 2651 1682 2676; x_wconf 88' lang='lat' dir='ltr'>se.</span> 
     </span>
     <span class='ocr_line' id='line_1_58' title="bbox 964 2701 1680 2758; baseline -0.022 -10"><span class='ocrx_word' id='word_1_464' title='bbox 964 2711 1058 2751; x_wconf 83' lang='lat'>608.</span> <span class='ocrx_word' id='word_1_465' title='bbox 1086 2708 1208 2758; x_wconf 76' lang='lat' dir='ltr'>polus</span> <span class='ocrx_word' id='word_1_466' title='bbox 1242 2705 1338 2741; x_wconf 72' lang='lat' dir='ltr'>(lum</span> <span class='ocrx_word' id='word_1_467' title='bbox 1369 2701 1499 2738; x_wconf 67' lang='lat' dir='ltr'>sidera</span> <span class='ocrx_word' id='word_1_468' title='bbox 1525 2704 1680 2749; x_wconf 73' lang='lat' dir='ltr'>pas-eet,</span> 
     </span>
     <span class='ocr_line' id='line_1_59' title="bbox 965 2758 1683 2819; baseline -0.022 -14"><span class='ocrx_word' id='word_1_469' title='bbox 965 2780 1040 2819; x_wconf 85' lang='lat' dir='ltr'>pro</span> <span class='ocrx_word' id='word_1_470' title='bbox 1067 2764 1199 2802; x_wconf 74' lang='lat' dir='ltr'>tenui:</span> <span class='ocrx_word' id='word_1_471' title='bbox 1232 2760 1407 2800; x_wconf 84' lang='lat' dir='ltr'>habebit.</span> <span class='ocrx_word' id='word_1_472' title='bbox 1462 2758 1581 2808; x_wconf 74' lang='lat' dir='ltr'>polus</span> <span class='ocrx_word' id='word_1_473' title='bbox 1600 2768 1683 2805; x_wconf 73' lang='lat' dir='ltr'>pa-</span> 
     </span>
     <span class='ocr_line' id='line_1_60' title="bbox 964 2812 1684 2870; baseline -0.019 -9"><span class='ocrx_word' id='word_1_474' title='bbox 964 2838 1067 2861; x_wconf 73' lang='lat' dir='ltr'>scere</span> <span class='ocrx_word' id='word_1_475' title='bbox 1080 2823 1210 2860; x_wconf 73' lang='lat' dir='ltr'>sidera</span> <span class='ocrx_word' id='word_1_476' title='bbox 1234 2820 1308 2858; x_wconf 80' lang='lat' dir='ltr'>dici</span> <span class='ocrx_word' id='word_1_477' title='bbox 1329 2822 1473 2870; x_wconf 76' lang='lat' dir='ltr'>potest,</span> <span class='ocrx_word' id='word_1_478' title='bbox 1487 2829 1560 2866; x_wconf 88' lang='lat' dir='ltr'>pro</span> <span class='ocrx_word' id='word_1_479' title='bbox 1579 2812 1684 2849; x_wconf 81' lang='lat' dir='ltr'>side-</span> 
     </span>
     <span class='ocr_line' id='line_1_61' title="bbox 964 2868 1682 2933; baseline -0.022 -13"><span class='ocrx_word' id='word_1_480' title='bbox 964 2897 1008 2920; x_wconf 82' lang='lat' dir='ltr'>ra</span> <span class='ocrx_word' id='word_1_481' title='bbox 1030 2880 1136 2933; x_wconf 84' lang='lat' dir='ltr'>pasci</span> <span class='ocrx_word' id='word_1_482' title='bbox 1169 2880 1204 2917; x_wconf 85' lang='lat' dir='ltr'>in</span> <span class='ocrx_word' id='word_1_483' title='bbox 1232 2878 1337 2930; x_wconf 85' lang='lat' dir='ltr'>polo,</span> <span class='ocrx_word' id='word_1_484' title='bbox 1368 2880 1562 2925; x_wconf 84' lang='lat' dir='ltr'>quatenus</span> <span class='ocrx_word' id='word_1_485' title='bbox 1587 2868 1682 2906; x_wconf 76' lang='lat' dir='ltr'>stol—</span> 
     </span>
     <span class='ocr_line' id='line_1_62' title="bbox 964 2927 1683 2985; baseline -0.025 -6"><span class='ocrx_word' id='word_1_486' title='bbox 964 2941 1023 2978; x_wconf 81' lang='lat' dir='ltr'>lae</span> <span class='ocrx_word' id='word_1_487' title='bbox 1052 2951 1185 2977; x_wconf 80' lang='lat' dir='ltr'>errare</span> <span class='ocrx_word' id='word_1_488' title='bbox 1211 2942 1251 2974; x_wconf 82' lang='lat' dir='ltr'>et</span> <span class='ocrx_word' id='word_1_489' title='bbox 1284 2932 1415 2985; x_wconf 81' lang='lat' dir='ltr'>vagari</span> <span class='ocrx_word' id='word_1_490' title='bbox 1439 2944 1508 2983; x_wconf 87' lang='lat' dir='ltr'>per</span> <span class='ocrx_word' id='word_1_491' title='bbox 1533 2927 1683 2966; x_wconf 76' lang='lat' dir='ltr'>coelum</span> 
     </span>
    </p>
   </div>
  </div>
 </body>
</html>
