1827 3436
419 204 824 257 AENEIDOS
862 205 1007 254 LIB.
1046 206 1110 268 II,
1150 209 1435 260 335—346
1579 218 1679 263 317

171 339 237 385 Et
261 335 409 384 lateri
431 331 801 396 adglomerant
821 340 1032 394 nostro,
1057 332 1369 398 iuvenisque
1394 334 1689 399 Coroebus,

171 402 537 469 Mygdonides.
611 400 717 450 Illis
740 401 807 450 ad
838 402 1057 450 Troiam
1078 399 1219 451 sorte
1242 402 1430 451 diebus

171 479 425 534 Venerat,
464 472 650 521 insano
677 471 1002 521 Cassandrae
1024 472 1273 520 incensus
1296 488 1496 534 amore,

168 547 232 593 Et
255 559 420 607 gener
443 541 692 590 auxilium
713 542 925 590 Priamo
946 540 1352 608 Phrygibusque
1373 541 1595 605 ferebat,

167 611 376 672 Infelix,
419 612 508 678 qui
530 628 641 660 non
661 628 889 678 sponsae
913 620 1198 678 praecepta
1220 610 1445 661 furentis
1586 616 1688 665 345

167 682 418 733 Audierit.

236 759 350 806 341.
391 753 676 803 COROEBus
713 754 782 802 M.
927 756 1041 804 344.
1079 766 1331 801 FEREBAT.

256 882 322 917 341
349 883 558 927 glomerant
584 883 669 926 Reg.
698 879 879 914 Coroebus
902 880 1001 914 unice
1027 893 1128 921 vere3
1168 881 1211 914 ab
1242 879 1386 913 Heinsio
1414 880 1615 915 restitutum
1643 895 1683 915 ex

164 925 363 974 Κόροιβος.
414 929 530 973 Vulgo
556 930 630 962 fere
656 927 884 968 Οίιονοεόιιδ,
911 928 1105 970 CliorebaS,
1132 927 1299 961 Corebus.
1332 929 1454 971 Puget.
1485 929 1685 962 leorebus.

166 977 324 1018 (iuvenis
349 979 429 1009 Cor.
455 989 498 1008 an
525 978 600 1009 ιἰιυ.
626 976 876 1021 JlIygdonideS
894 974 1106 1019 iungendum
1131 976 1197 1015 sit,
1225 974 1254 1008 si
1279 975 1480 1019 quaeritur,
1502 983 1685 1021 utrumque

164 1022 266 1062 licet;
294 1023 336 1055 cf.
362 1024 426 1064 IX,
451 1024 530 1058 335.
559 1031 593 1056 et
617 1025 659 1062 V,
687 1023 765 1056 503.
792 1023 855 1063 IX,
880 1023 936 1056 23.
986 1023 1052 1056 Hic
1077 1022 1215 1067 quidem
1236 1022 1422 1055 verborum
1441 1022 1578 1066 positus
1602 1035 1686 1056 sua-

164 1070 236 1110 det,
261 1076 299 1101 ut
323 1071 592 1115 IlIygdonides,
618 1076 793 1108 tamquam
822 1068 1043 1113 appositum,
1077 1075 1250 1103 commate
1275 1081 1293 1101 a
1318 1069 1536 1114 praegressis
1562 1070 1683 1103 seiun-

164 1128 282 1160 gamus
298 1142 306 1155 ,
333 1124 371 1149 ut
395 1118 474 1157 ΧΙΙ,
500 1118 579 1152 517.
605 1117 774 1153 Arcadem
802 1123 924 1148 contra
948 1117 1025 1157 VII,
1051 1117 1130 1151 532.
1155 1116 1263 1150 Almo
1285 1115 1467 1149 commatis
1494 1117 1683 1149 secluden-

164 1164 245 1195 dum
269 1163 419 1196 videtur.
449 1164 543 1206 er.)
638 1165 710 1198 342
736 1164 944 1196 Mis-dormis
965 1164 1073 1196 Goth.
1100 1170 1180 1196 tert.
1216 1163 1252 1195 in
1277 1162 1393 1196 litura.
1442 1164 1504 1196 Est
1531 1164 1682 1208 Μυγδο-

163 1208 282 1253 νίδης.
328 1210 405 1243 illis
441 1212 504 1255 qui
537 1217 617 1243 ante
657 1210 790 1250 Heius,
826 1209 883 1253 qui
914 1210 1066 1244 Medicei
1092 1217 1126 1242 et
1152 1216 1278 1243 vetust.
1313 1209 1400 1242 libb.
1428 1210 1532 1252 (adde
1557 1211 1682 1254 Servii)

163 1257 372 1290 auctoritate
398 1259 460 1302 qai
482 1258 639 1297 sustulit3
678 1263 715 1289 ut
740 1257 809 1289 iam
834 1256 966 1289 Pierius
1000 1269 1018 1289 e
1044 1257 1113 1290 suis
1148 1256 1247 1290 libris
1274 1263 1395 1289 auctor
1418 1257 1545 1291 fuerat.
1593 1261 1683 1291 Sua-

163 1304 223 1336 det
248 1304 339 1336 idem
366 1303 497 1348 poetici
520 1304 690 1337 sermonis
716 1303 849 1348 genius,
886 1304 929 1336 cf.
957 1316 1033 1349 sup.
1059 1304 1103 1337 ad
1130 1305 1154 1344 I,
1180 1305 1259 1340 378.
1309 1303 1465 1348 (Minime
1491 1304 1578 1338 haec
1605 1317 1682 1338 cum

162 1351 188 1389 Ι,
214 1351 293 1385 378.
320 1351 552 1395 comparanda
580 1357 688 1384 erant.
739 1351 809 1384 Sed
833 1362 877 1382 ne
902 1363 1004 1395 quem
1037 1351 1127 1383 male
1153 1350 1303 1392 habeat,
1338 1357 1377 1383 ut
1410 1350 1514 1384 facile
1549 1358 1681 1396 potest,

163 1397 317 1430 defectus
345 1397 583 1442 pronominis,
608 1398 799 1430 tenendum
825 1397 911 1439 erit,
938 1410 1026 1441 quae
1052 1411 1069 1430 a
1096 1410 1143 1430 vs-
1168 1397 1386 1433 342—346.
1406 1397 1581 1442 legantur,
1605 1410 1681 1431 esse.

161 1441 396 1487 παρένθετα.
446 1445 676 1477 Parentbeses
711 1451 827 1477 autem
860 1456 967 1488 saepe
1003 1444 1173 1477 eiusmodi
1209 1444 1335 1487 copula
1368 1444 1562 1478 destitutae
1588 1452 1680 1487 sunt,

162 1497 199 1522 ut
225 1502 329 1534 supra
354 1493 379 1532 Ι,
403 1492 501 1532 268.;
531 1492 600 1525 vid.
627 1493 782 1524 Gronov.
809 1491 852 1524 ad
877 1491 950 1524 Liv.
977 1493 1020 1532 V,
1045 1493 1102 1527 32.
1123 1491 1298 1524 Drakenb.
1324 1491 1369 1523 ad
1389 1492 1490 1525 eund.
1514 1493 1679 1534 XXXX,

161 1539 218 1572 57.
246 1544 281 1570 et
307 1537 475 1582 quaedam
501 1538 568 1572 huc
593 1538 786 1583 spectantia
814 1538 908 1583 apud
936 1538 1056 1571 Heius.
1081 1539 1126 1571 ad
1155 1539 1256 1571 Ovitl.
1277 1539 1372 1571 Fast.
1389 1539 1446 1578 ΙΙΙ,
1471 1539 1552 1573 387.
1584 1540 1678 1583 Wr.)

161 1584 218 1616 illi
241 1585 304 1629 qai
330 1586 475 1617 Troiam
501 1585 661 1618 Parrhas.
766 1584 835 1620 343
875 1586 1086 1618 Casandrae
1118 1585 1153 1618 in
1187 1585 1306 1618 multis
1333 1585 1517 1624 scribitur3
1565 1593 1597 1618 et
1628 1586 1679 1619 sic

160 1631 236 1662 fere
261 1630 295 1662 in
322 1631 528 1674 geminanda
552 1632 670 1666 littera
697 1644 835 1676 semper
860 1632 995 1665 variant
1019 1639 1166 1665 veteres.
1210 1633 1253 1665 cf.
1277 1632 1397 1665 Heius.
1444 1644 1558 1677 neque
1578 1632 1614 1665 in
1636 1645 1677 1666 eo

160 1678 395 1717 haerendum,
420 1679 525 1711 modo
550 1686 669 1712 teneas
685 1706 693 1720 ,
719 1678 934 1723 antiquiores
970 1691 1072 1711 unam
1095 1679 1251 1712 litteram
1283 1678 1460 1723 pinxisse,
1498 1680 1678 1724 sequiores

161 1724 330 1757 adiecisse
366 1725 521 1758 alteram.
572 1739 748 1759 accensus
785 1733 933 1770 quatuor
958 1738 1013 1770 ap.
1042 1727 1157 1759 Burm.
1206 1735 1339 1772 captus
1376 1739 1500 1759 amore
1525 1727 1678 1771 quinque

160 1770 246 1804 ibid.
316 1771 385 1806 346
414 1773 577 1805 audierit
600 1772 800 1806 concinnius
824 1772 945 1805 Heins.
972 1785 990 1805 e
1015 1773 1143 1806 Medic.
1174 1780 1208 1805 et
1233 1772 1457 1812 melioribus3
1491 1774 1582 1807 adde
1606 1774 1678 1806 Co-

159 1817 224 1851 lot.
252 1818 381 1851 Ursini.
439 1819 555 1863 Vulgo
581 1820 764 1853 audierat.
802 1819 865 1863 (sic
890 1819 1001 1852 Palat.
1038 1820 1115 1853 Alb.
1143 1826 1178 1852 et
1203 1826 1278 1865 ntq.
1311 1819 1406 1864 Lips.
1448 1820 1544 1863 lVr.)
1602 1821 1678 1853 Etsi

160 1864 237 1897 aliis
261 1865 296 1897 in
314 1865 400 1898 locis
420 1865 631 1899 contrarium
660 1874 850 1910 sequuntur
875 1866 997 1906 critici,
1024 1873 1059 1899 et
1082 1867 1307 1900 indicativum
1333 1866 1512 1900 vindicant
1536 1874 1676 1912 poetae,

159 1912 218 1944 ubi
243 1912 450 1956 exquisitior
475 1913 652 1945 Ciceronis
679 1914 792 1946 oratio
818 1913 1075 1946 subiunctivum
1100 1926 1233 1959 ponere
1267 1914 1370 1947 solet.
1421 1915 1509 1946 Tam
1542 1915 1676 1948 incerta

160 1966 238 1991 sunt
262 1959 409 2003 plurima
434 1959 468 1991 in
495 1961 679 1992 verborum
707 1961 836 1994 critica.
888 1962 946 2004 (At
979 1973 1049 1993 non
1076 1968 1156 1993 sunt
1191 1961 1280 1994 adeo
1314 1960 1458 1993 incerta.
1506 1962 1545 1993 In
1580 1961 1675 1994 eius-

159 2005 254 2038 modi
281 2006 439 2038 oratione
466 2007 802 2040 coniunctivus
827 2007 1036 2052 requiritur,
1061 2008 1121 2040 ubi
1145 2007 1399 2051 significamus,
1433 2007 1515 2052 quid
1538 2008 1675 2041 facien—

162 2052 240 2084 dnm
263 2052 410 2097 cuipiam
437 2053 683 2098 patiendumve
709 2054 828 2096 fuerit,
852 2055 908 2087 vel
929 2066 998 2087 non
1020 2055 1147 2095 fuerit3
1172 2054 1488 2096 indicativus,
1512 2055 1571 2087 ubi
1588 2055 1675 2088 sim—

160 2098 300 2142 pliciter
324 2099 536 2141 indicamus,
562 2100 645 2145 quid
671 2100 746 2145 quis
774 2102 899 2135 fecerit
923 2114 1087 2146 passusve
1112 2101 1234 2141 fuerit,
1263 2101 1319 2133 vel
1343 2113 1412 2134 non
1438 2101 1553 2134 fuerit.
1600 2104 1674 2135 Ita—

159 2157 225 2188 que
251 2145 400 2191 infelix,
428 2148 491 2191 qui
512 2148 758 2180 audierit:
787 2156 824 2181 at
849 2149 1021 2181 debuerat
1045 2149 1177 2182 audire.
1225 2149 1318 2180 Infra
1343 2150 1386 2188 V,
1404 2149 1506 2182 623:
1534 2152 1584 2189 „O
1605 2150 1674 2181 mi-

161 2204 281 2232 serae,
307 2204 391 2236 quas
416 2204 485 2225 non
510 2205 649 2235 manus,
675 2193 806 2238 inquit,
840 2194 992 2229 Achaica
1017 2195 1112 2228 bello
1139 2194 1360 2228 Traxerit
1394 2195 1438 2226 ad
1471 2194 1580 2227 letum
1606 2208 1674 2240 pa-

159 2238 247 2271 triae
274 2240 336 2271 sub
371 2240 604 2272 moenibus!“
665 2240 687 2273 i.
715 2253 744 2273 e.
780 2243 910 2275 utinam
943 2241 977 2274 in
1010 2242 1122 2286 patria
1150 2241 1424 2274 occubuissetis!
1481 2242 1546 2283 IX,
1571 2243 1671 2277 723:

160 2286 332 2326 „Demens
354 2312 362 2327 ,
408 2286 465 2330 qui
511 2287 672 2319 Rutulum
718 2287 753 2320 in
794 2289 911 2321 medio
957 2299 1027 2320 non
1060 2289 1196 2333 agmine
1229 2300 1348 2332 regem
1390 2287 1582 2321 Viderit
1619 2288 1672 2321 ir-

159 2339 393 2377 rumpentem,
428 2333 590 2378 ultroque
624 2333 878 2368 incluserit
914 2335 1035 2367 urbi.“
1095 2336 1145 2368 De
1179 2336 1249 2376 VI,
1275 2336 1354 2370 591.
1388 2334 1458 2367 vid.
1484 2336 1528 2368 V.
1554 2336 1592 2368 L.
1628 2336 1673 2368 ad

159 2391 235 2411 eum
260 2379 384 2412 locum.
433 2380 562 2413 Contra
587 2381 652 2413 Ge.
680 2381 730 2421 II,
763 2382 844 2416 490.
871 2394 969 2426 sqq.:
1014 2382 1154 2423 „Felix,
1190 2382 1249 2426 qui
1274 2381 1434 2426 potuit
1467 2393 1581 2414 rerum
1607 2395 1671 2415 co-

158 2437 326 2469 gnoscere
360 2438 501 2468 causas,
527 2447 571 2451 —
595 2447 641 2452 —-
676 2428 887 2462 Fortunatus
915 2436 950 2461 et
972 2428 1053 2469 ille,
1078 2429 1165 2462 deos
1199 2429 1259 2473 qui
1291 2428 1423 2461 novit
1461 2430 1669 2472 agrestes!“

161 2517 258 2571 (vid.
280 2521 324 2559 V.
345 2521 386 2559 L.
417 2521 531 2573 PVr.)
561 2535 647 2574 sup.
667 2523 763 2565 315.
791 2524 886 2574 glo-

159 2591 306 2615 merare
345 2593 511 2616 manum
546 2580 760 2631 adiungere
799 2595 885 2618 ma—

160 2647 259 2683 nus,
302 2638 463 2674 sociare.
534 2638 721 2676 Suaviter
747 2651 884 2676 rerum

160 2691 386 2731 miserabilis
399 2695 516 2733 facies
529 2695 787 2746 distinguitur
798 2697 885 2748 epi-

160 2748 270 2786 sodio
295 2749 408 2789 brevi
440 2753 488 2791 de
509 2753 689 2791 Coroebo
708 2754 882 2806 Mygdo-

161 2804 219 2842 nis
245 2805 346 2855 filio,
388 2809 437 2846 de
467 2824 546 2861 quo
571 2825 610 2850 v.
641 2812 735 2850 Exc.
758 2812 797 2849 X
831 2811 883 2850 ad

160 2859 199 2898 h.
227 2875 265 2899 v.
336 2864 429 2906 344.
465 2882 590 2917 gener
618 2876 754 2906 autem
783 2868 826 2909 h.
856 2870 881 2908 l.

159 2930 239 2968 spe.
270 2917 369 2970 (vid.
388 2923 491 2975 Eleg.
510 2926 562 2964 ad
578 2925 731 2965 Messal.
754 2940 794 2979 p.
814 2926 881 2970 47.

950 2521 1060 2575 er.)
1121 2522 1216 2566 345.
1228 2531 1451 2575 praeempta
1471 2522 1511 2561 h.
1532 2524 1556 2562 l.
1576 2530 1672 2562 sunt

943 2581 1094 2618 monita
1123 2582 1228 2620 vatis
1261 2595 1283 2618 a
1316 2580 1390 2618 deo
1416 2587 1548 2632 actae,
1587 2582 1669 2621 scil.

943 2651 993 2676 ne
1027 2639 1229 2678 communi
1262 2640 1528 2677 Troianorum
1567 2640 1670 2678 cladi

941 2696 1025 2747 ipse
1066 2703 1270 2748 tamquam
1307 2711 1400 2749 pars
1451 2698 1669 2746 accederet,

942 2767 1015 2792 nec
1041 2768 1131 2792 suas
1151 2755 1312 2808 nuptias
1345 2761 1534 2807 speraret.
1594 2756 1668 2792 In-

927 2812 1041 2862 filix
1071 2813 1271 2862 suaviter,
1312 2818 1359 2851 ut
1388 2825 1504 2864 saepe
1527 2818 1669 2864 poetae

939 2883 1013 2920 per
1048 2870 1321 2922 epiphonema.
1401 2870 1465 2907 Sic
1508 2866 1667 2922 νήπιος,

940 2932 988 2965 ut
1013 2928 1148 2966 statim
1172 2928 1280 2967 Iliad.
1302 2928 1341 2981 β,
1372 2929 1441 2970 38.
