1779 3420
206 179 306 228 590
552 173 840 224 EXCURS.
865 173 1009 224 XVII
1033 174 1122 222 AD
1150 173 1272 222 LIB.
1295 172 1370 221 III

204 303 435 344 historicam
462 303 693 343 tribuerunt
711 303 935 342 incautius:
967 317 1070 352 cum,
1101 302 1329 353 ubicunque
1350 300 1484 339 herois
1509 303 1617 353 σῆμα
1648 300 1722 339 ali-

206 363 316 415 quod
344 369 525 411 extaret,
562 362 728 411 ibidem,
769 363 974 413 vulgarem
1010 362 1156 399 samam
1185 360 1364 411 sequuti,
1407 373 1498 397 eum
1523 359 1722 410 sepultum

207 434 288 459 esse
310 421 622 471 contenderent,
663 420 888 469 enimvero,
920 418 994 457 nisi
1028 419 1188 457 aliunde
1215 432 1257 455 ea
1284 419 1332 456 de
1359 431 1402 457 re
1436 423 1651 467 constaret,
1681 417 1723 455 in

207 479 440 518 memoriam
465 478 599 517 herois
623 479 690 517 vel
718 478 795 517 viri
822 478 920 516 clari
950 478 1102 515 factum
1134 490 1216 515 esse
1242 476 1344 515 illud
1370 476 1527 527 potuit,
1558 489 1632 514 nec
1658 481 1724 513 ta-

207 551 298 577 men
322 551 469 589 corpus
493 537 574 575 eius
604 536 814 575 conditum
836 542 979 586 tegere.
1041 536 1086 573 In
1120 535 1272 573 Italiam
1305 534 1505 572 Anchisen
1538 533 1724 572 adduxe-

208 601 303 635 rant
337 596 417 645 alii,
450 602 489 633 et
516 595 598 647 ipse
628 596 747 642 Cato,
779 600 826 632 ut
845 596 956 632 Serv.
984 593 1036 630 ad
1058 594 1155 631 Aen.
1181 594 1208 641 Ι,
1241 594 1324 634 570
1359 599 1398 630 et
1421 592 1524 631 alibi.
1586 592 1725 630 Victor

211 654 259 693 de
281 654 390 705 Orig.
407 654 453 692 G.
472 655 519 692 R.
544 667 576 691 o.
603 657 652 695 10
675 659 712 690 et
733 652 787 690 ibi
807 652 997 690 Arntzen.
1018 665 1109 689 cum
1121 651 1329 689 Muncker.
1347 651 1398 688 ad
1418 650 1563 702 Hygin.
1584 650 1610 688 f.
1629 651 1724 692 260.

210 712 408 752 Meziriac.
436 711 487 749 ad
517 711 636 749 Ovid.
671 709 838 748 Heroid.
871 710 983 749 Tom.
1019 709 1075 757 ΙΙ,
1106 723 1144 760 p.
1174 711 1271 757 221,
1312 709 1379 759 qui
1406 709 1523 760 plura
1556 708 1725 746 dabunt.

210 771 311 820 Nos,
343 777 389 808 ut
411 783 525 821 saepe
554 769 748 817 diximus,
780 781 882 816 non,
913 773 960 804 ut
987 781 1133 804 vanam
1164 766 1432 804 eruditionem
1470 773 1726 814 ostentemus,

211 842 285 868 nec
312 835 378 876 ut,
411 828 507 878 quid
527 828 614 866 veri
634 827 748 874 insit,
783 839 892 863 nunc
912 826 1201 876 disquiramus,
1234 824 1302 862 sed
1334 838 1377 862 ea
1398 825 1446 862 de
1472 838 1609 863 caussa
1629 823 1728 862 haec

213 899 594 935 commemoramus,
625 891 692 934 ut,
725 898 844 935 quam
880 884 1054 933 felicem,
1086 883 1263 930 facilem,
1304 897 1350 920 ac
1376 884 1574 936 copiosam
1599 888 1728 921 mate-

213 945 312 984 riam
333 951 453 997 poeta
472 943 727 983 tractandam
748 942 822 980 sibi
846 942 1044 991 sumserit,
1078 946 1277 995 appareat.
