1827 3436
384 160 474 208 DE
516 158 829 207 CAssMlNE
869 157 1081 206 EPICO
1124 158 1374 209 VIRGlL.
1613 169 1642 212 7

114 291 205 344 sis,
255 303 316 335 ex
360 284 730 351 superioribus
773 282 928 333 facile
980 282 1304 347 intelligitur.
1387 286 1468 334 Ne
1511 285 1641 336 illud

113 373 393 417 moneam,
442 355 579 421 epici
613 355 861 403 carminis
892 354 1114 403 virtutes
1142 353 1339 402 multas
1376 370 1437 402 ex
1472 371 1646 406 narra-

113 428 272 477 tionis
305 427 483 475 bonae
528 424 712 474 indole
755 434 808 474 et
839 434 1027 474 natura
1075 440 1191 474 esse
1229 423 1514 490 petendas,
1579 426 1645 476 ad

112 515 276 564 quam
309 498 498 564 utique
531 513 655 545 cum
689 496 878 545 ceteris
912 504 965 545 et
997 495 1103 544 hoc
1132 502 1367 561 spectat,
1405 503 1465 544 ut
1495 504 1645 545 tanto

111 569 324 619 dulcior
355 569 420 617 sit
452 568 630 616 omnis
664 567 921 629 narratio,
986 574 1188 633 quanto
1219 566 1385 630 magis
1421 564 1504 614 illa
1537 567 1646 615 ani-

111 657 265 689 mum
305 648 517 689 terrore
564 637 650 687 vel
696 637 1043 686 miseratione
1091 637 1335 700 exagitat3
1397 644 1456 685 ut
1500 654 1647 691 vero,

112 710 263 778 quod
287 711 367 759 vir
403 708 825 773 elegantissimus
859 707 1237 766 arbitrabatur,
1276 706 1442 756 sutilis
1472 707 1645 773 aliqua

113 782 430 846 tragicamm
465 780 737 829 actionum
771 794 1059 845 compages
1098 778 1308 827 bonum
1348 794 1479 843 epos
1526 776 1645 826 effi-

110 853 236 915 ciat,
273 851 426 900 valde
452 867 658 901 vereor.
732 849 844 899 Alia
874 867 959 898 res
980 858 1073 911 est,
1111 849 1152 897 si
1175 849 1292 915 quis
1313 846 1646 914 profiteatur,

111 940 173 973 ex
208 923 341 989 epici
387 922 636 971 carminis
684 920 923 987 partibus
964 920 1136 969 bonas
1180 918 1481 983 tragoedias
1530 918 1645 967 fieri

111 1011 293 1060 posse.
336 993 402 1041 de
431 1009 540 1059 quo
563 993 667 1040 iam
690 991 1005 1041 Aristoteles
1033 991 1139 1054 egit
1161 994 1306 1040 Poet.
1331 1006 1370 1037 c.
1392 997 1458 1041 23
1487 998 1539 1037 et
1565 996 1646 1042 26,

250 1064 386 1114 Illud
420 1064 621 1112 interea
653 1063 832 1127 negari
854 1063 1066 1128 nequit„
1109 1078 1232 1110 cum
1260 1059 1338 1120 id,
1378 1060 1527 1127 quod
1554 1060 1647 1108 ad-

110 1135 407 1184 mirationis
452 1134 668 1182 maioris
703 1134 810 1182 vim
845 1142 898 1181 et
931 1149 1168 1181 caussam
1206 1131 1393 1193 habet,
1438 1130 1502 1179 ad
1537 1131 1646 1179 ani-

111 1224 230 1256 mos
262 1215 475 1255 nostros
508 1204 813 1253 movendos
843 1212 992 1252 tanto
1023 1204 1088 1252 sit
1119 1203 1416 1269 potentius,
1446 1206 1649 1251 heroic-a

110 1287 415 1343 argumenta
448 1292 618 1340 genus
649 1276 784 1341 epici
818 1275 1066 1323 carminis
1094 1272 1491 1323 nobilissimum
1518 1289 1648 1321 con-

111 1349 360 1405 stituere3
398 1347 640 1412 inprimis
670 1347 710 1394 si
742 1366 803 1396 ex
836 1350 1052 1395 heroicis
1084 1348 1385 1410 temporibus
1416 1344 1646 1409 petitum

110 1417 297 1479 fuerit,
338 1417 530 1484 quibus
554 1423 763 1466 deorum
794 1421 1072 1465 interventu
1101 1432 1187 1464 res
1211 1423 1299 1464 aut
1322 1423 1500 1478 gestae
1524 1423 1649 1463 sunt

110 1499 200 1538 aut
232 1489 342 1553 geri
394 1487 654 1547 creditae;
697 1488 791 1535 etsi
823 1488 1002 1535 minus
1036 1486 1174 1535 bene
1223 1504 1249 1534 a
1282 1485 1551 1534 Batteusio
1596 1493 1647 1532 et

111 1559 222 1608 aliis
249 1568 358 1608 tota
385 1558 519 1625 epici
543 1558 790 1606 carminis
815 1559 890 1606 vis
923 1558 987 1606 ab
1021 1556 1102 1605 his
1140 1556 1372 1605 deorum
1406 1556 1648 1604 ministe-

108 1630 196 1678 riis
220 1629 414 1678 deduci
445 1629 636 1695 coepit.
710 1632 821 1678 Nec
844 1629 1131 1695 quicquam
1164 1626 1429 1675 infelicius
1453 1625 1647 1675 cedere

108 1709 311 1768 potest,
352 1718 514 1766 quam
551 1700 641 1748 ubi
676 1699 909 1748 deorum
938 1708 1025 1748 aut
1057 1699 1345 1762 geniorum
1381 1714 1545 1763 opera
1569 1696 1646 1746 uti

109 1770 333 1820 voluere
368 1779 562 1836 poetae
598 1771 657 1819 iis
694 1771 743 1818 in
778 1770 940 1819 rebus
976 1768 1334 1836 exponendis,
1376 1785 1505 1834 quas
1534 1784 1645 1816 non

109 1842 208 1890 nisi
251 1842 539 1890 hominum
588 1840 810 1891 consilio
845 1850 897 1891 et
937 1858 1104 1889 mauu
1147 1848 1319 1905 gestas
1367 1855 1481 1888 esse
1525 1839 1646 1886 satis

109 1912 397 1962 constabat.

248 1986 307 2034 V.
345 1981 597 2048 Reliqua,
650 1999 787 2048 quae
831 1982 900 2031 (le
945 1981 1181 2030 carmine
1217 1980 1371 2046 epico
1412 1978 1645 2045 praecipi

107 2053 312 2115 solent,
352 2054 548 2119 partim
570 2073 631 2103 ex
652 2057 968 2103 narrationis
999 2056 1158 2102 bonae
1180 2056 1377 2101 ratione
1399 2070 1462 2099 ae
1486 2069 1643 2115 prae-

109 2130 285 2190 ceptis,
324 2124 518 2190 partim
555 2144 616 2173 ex
636 2129 867 2190 poeticae
890 2128 1134 2174 orationis
1163 2127 1341 2187 genio,
1381 2129 1646 2186 quatenus

111 2196 164 2244 in
188 2204 422 2261 utroque
448 2212 656 2243 summa
686 2194 1035 2261 perfectaque
1066 2194 1199 2242 ratio
1234 2192 1521 2259 quaeritur,
1561 2207 1644 2239 re—

107 2266 271 2332 petita
304 2274 428 2314 sunt
462 2274 514 2314 et
553 2264 705 2314 facile
738 2267 909 2332 repeti
947 2272 1197 2331 possunt:
1247 2281 1290 2314 v.
1328 2280 1368 2313 c,
1402 2278 1539 2328 quae
1576 2260 1644 2310 de

109 2336 362 2402 episodiis
393 2345 574 2400 argute
610 2338 777 2400 magis
811 2354 973 2403 quam
1014 2352 1139 2384 vere
1173 2334 1536 2400 disputantur;
1592 2340 1645 2380 et

109 2424 245 2473 quae
299 2406 367 2455 de
412 2407 626 2455 unitatis
669 2406 787 2472 lege
831 2407 1247 2473 praecipiuntur.
1331 2406 1446 2453 Una
1480 2402 1645 2451 debet

108 2493 222 2526 esse
247 2478 467 2526 actionis
496 2494 723 2541 summa,
763 2479 803 2527 si
822 2477 1047 2545 quidem
1072 2492 1316 2524 summus
1339 2474 1392 2522 in
1415 2473 1521 2523 hoc
1550 2472 1642 2521 ad-

104 2548 403 2596 mirationis
441 2547 760 2597 iniiciendae
802 2564 1003 2613 genere
1059 2544 1288 2596 effectus
1332 2544 1643 2610 propositus

108 2627 187 2666 est
208 2627 428 2684 poetae3
468 2636 537 2667 ne
573 2618 896 2669 distrahatur
930 2617 1193 2667 audientis
1225 2616 1433 2665 animus
1458 2613 1643 2663 infrin-

104 2697 367 2755 gaturque
398 2688 535 2738 adeo
563 2705 749 2740 sensus
771 2688 1106 2755 affectusque
1131 2687 1206 2735 vis
1235 2695 1287 2735 et
1308 2686 1562 2747 intentio,
1599 2684 1640 2732 si

106 2757 173 2807 ad
204 2758 355 2825 plura
387 2769 652 2810 avocetur.
724 2765 918 2828 Neque
955 2760 1008 2807 in
1047 2758 1124 2807 his
1164 2758 1373 2806 animos
1409 2772 1640 2820 genero-

106 2828 273 2878 siores
299 2829 390 2879 diu
426 2830 657 2880 detineri
684 2831 862 2883 velim.
934 2829 1202 2895 Pleraque
1234 2827 1377 2876 enim
1410 2834 1534 2875 sunt
1564 2833 1641 2873 ta-

107 2896 200 2961 lia,
237 2909 323 2964 ut,
362 2900 460 2950 nisi
497 2901 615 2967 quis
642 2901 931 2953 tardissimi
966 2901 1032 2950 sit
1066 2899 1288 2964 ingenii,
1329 2897 1506 2965 primo
1535 2903 1639 2943 sta-
