1811 3388
404 167 816 218 AENEIDOS
853 169 996 219 LIB.
1035 172 1095 233 v,
1134 175 1425 226 738—752
1579 185 1675 232 819

163 295 230 343 Et
250 292 388 342 Iovis
409 292 697 358 imperium
724 301 776 341 et
798 294 900 342 cari
920 303 1204 360 praecepta
1222 299 1454 361 parentis

162 362 394 423 Edocet,
434 370 486 409 et
512 378 648 427 quae
667 379 810 411 nunc
832 364 1010 412 animo
1043 366 1303 415 sententia
1328 377 1545 422 constet.

162 431 317 480 Haud
337 447 488 480 mora
511 431 767 496 consiliis,
804 449 904 482 nec
925 433 1059 482 iussa
1085 444 1292 484 recusat
1316 439 1542 491 Acestes,

163 499 571 550 Transscribunt
609 501 729 551 urbi
781 512 977 553 matres
1002 544 1014 565 ,
1062 503 1437 573 populumque
1488 509 1674 559 volen-

942 582 1055 622 tem

158 641 476 704 Deponunt,
516 640 720 689 animos
745 641 821 689 nil
846 658 1069 707 magnae
1086 642 1253 692 laudis
1277 654 1505 708 egentes,
1573 584 1674 633 750

158 709 264 774 Ipsi
288 717 510 758 transtra
533 719 756 775 novant,
794 709 1132 779 flammisque
1161 713 1373 764 ambesa
1401 727 1674 783 reponunt

249 837 319 874 747
347 837 441 871 clari
462 837 580 881 Bigot.
631 838 725 882 (cari
747 847 782 871 et
806 851 861 884 p.,
899 840 948 874 sic
972 840 1106 886 posita,
1139 841 1175 874 in
1200 841 1386 876 veterrimo
1413 844 1479 877 Ms.
1505 845 1666 880 Gudiano

157 884 292 917 invenit
317 891 422 928 atque
445 884 494 917 ita
519 885 590 928 legi
613 884 712 918 iubet
736 886 831 919 Cort.
856 887 900 920 ad
934 888 1060 922 Lucan.
1094 890 1154 930 1V,
1188 890 1292 930 281.;
1327 901 1397 922 non
1431 899 1536 925 recte.
1576 893 1671 937 IVr.)

157 932 225 966 748
252 943 279 964 s.
306 939 438 976 surgat
463 944 516 976 pr.
542 933 689 974 Morem,
715 939 751 964 ut
777 934 840 973 IX,
870 936 948 968 191.
974 937 999 974 1,
1025 936 1103 971 582.
1137 935 1198 968 sed
1231 948 1262 969 v.
1296 936 1418 970 Heius.
1458 950 1534 983 sup.
1568 940 1614 972 ad
1638 952 1671 974 v.

156 978 239 1020 486,
263 978 322 1010 ubi
347 985 484 1023 poetam
511 977 546 1010 in
572 978 625 1011 his
651 979 838 1013 variandae
864 980 1033 1014 orationis
1059 982 1251 1015 studiosum
1274 983 1382 1016 fuisse
1410 984 1525 1018 docet.
1573 985 1669 1019 Alibi

158 1032 227 1057 est:
254 1037 348 1070 quae
372 1026 421 1057 sit
445 1027 629 1058 sententia
653 1027 777 1059 menti.
827 1027 938 1060 Sedet
961 1030 1145 1062 sententia
1169 1030 1245 1071 VH,
1277 1031 1356 1064 611.
1391 1031 1456 1073 IX,
1490 1033 1569 1066 220.
1603 1034 1670 1075 XI,

156 1072 236 1107 551.
285 1071 470 1115 (Nimirum
494 1071 589 1104 aliud
614 1071 674 1104 alii
700 1073 779 1106 loco
805 1073 934 1118 aptius,
973 1075 1051 1108 huic
1090 1075 1229 1120 quidem
1262 1076 1407 1109 maxime
1440 1079 1671 1113 conveniebat

156 1127 299 1151 constet
327 1126 473 1163 propter
496 1119 704 1163 particulam
736 1132 853 1161 nunc,
889 1121 912 1153 i.
948 1132 977 1154 e.
1012 1129 1198 1166 postquam
1231 1122 1289 1155 diu
1326 1123 1450 1156 dubius
1485 1123 1668 1167 haeserat3

156 1166 200 1198 cs.
227 1177 276 1197 vs.
302 1166 381 1199 701.
410 1171 445 1197 et
469 1166 547 1199 720.
580 1167 673 1209 JVr.)
760 1167 829 1202 749
853 1168 931 1200 Nec
955 1181 998 1201 m.
1027 1181 1124 1202 cons.
1150 1182 1185 1202 n.
1214 1170 1298 1202 iura
1322 1170 1432 1203 Wall.
1511 1172 1577 1208 751
1599 1185 1665 1206 nec

156 1224 311 1257 magnae
336 1211 482 1245 Dorvill.
531 1221 684 1257 agentes
707 1213 866 1246 Parrhas.
902 1215 1071 1258 probante
1097 1216 1320 1255 Heumanno5
1354 1215 1452 1261 atqui
1485 1216 1555 1252 hoc
1588 1218 1667 1251 vul-

155 1271 239 1303 gare
264 1258 346 1291 satis
373 1265 475 1290 esset.
523 1260 647 1303 Neque
673 1260 757 1292 lans
782 1260 816 1293 h.
842 1261 865 1294 l.
892 1261 1000 1294 virtus
1028 1269 1101 1302 est3
1140 1262 1202 1294 sed
1227 1262 1340 1306 gloria
1366 1275 1407 1295 ex
1438 1275 1561 1307 magua
1592 1266 1666 1298 vir-

154 1312 229 1337 tute
256 1312 290 1337 et
315 1306 420 1338 rebus
446 1305 566 1349 gestis.
592 1306 635 1340 cf.
662 1308 774 1339 Burm.
800 1304 843 1341 τὸ
871 1307 996 1347 κῦδος.
1090 1309 1160 1344 752
1184 1311 1214 1341 Ι.
1250 1317 1274 1341 ι.
1310 1318 1443 1342 vocant
1474 1311 1580 1344 Goth.
1612 1325 1665 1357 pr.

155 1351 320 1385 ambe-ssa
351 1352 449 1384 multi
485 1352 576 1385 I'ier.
627 1352 793 1386 ambusta
829 1355 992 1388 Rottend.
1026 1361 1108 1389 tert.
1141 1367 1182 1387 ex
1223 1355 1329 1399 gloss.
1378 1369 1446 1402 que
1487 1357 1589 1391 abest
1629 1359 1664 1392 in

153 1400 257 1431 Voss.
284 1399 344 1432 alt.
371 1406 407 1431 et
431 1399 539 1432 Wall,
591 1400 787 1446 (reponant
810 1400 937 1434 Medic.
963 1413 983 1434 a
1008 1414 1051 1434 m.
1077 1414 1130 1446 pr.
1159 1402 1255 1447 Wr.)

153 1494 307 1542 obstat,
340 1493 448 1544 quod
474 1496 744 1545 Pergamenm
765 1494 878 1534 dixit.
936 1509 1054 1534 usum
1087 1495 1256 1534 heroicis
1296 1497 1545 1549 temporibus
1586 1499 1664 1536 tri-

151 1551 227 1591 Alii
264 1552 389 1603 ipsam
426 1552 586 1590 Vestam
627 1553 878 1604 intelligunt,

152 1609 262 1659 quod
296 1610 444 1647 durum
478 1615 553 1658 est,
607 1623 680 1648 nec
716 1611 876 1649 Vestam

150 1680 223 1718 per
253 1667 395 1715 Larem
427 1668 620 1705 declarari
654 1674 726 1706 aut
767 1668 875 1706 inter

150 1725 269 1762 Lares
308 1725 449 1763 referri
489 1726 585 1764 vidi.
651 1726 788 1763 Malim
824 1726 874 1763 de

150 1782 376 1820 Penatibus
426 1784 603 1835 accipere
625 1813 635 1832 ,
696 1785 764 1834 qui
801 1797 877 1835 pro

149 1841 247 1878 Lare
267 1841 408 1879 Troiae
433 1841 595 1879 omnino
624 1840 782 1890 haberi,
815 1847 878 1879 at-

150 1911 227 1949 que
263 1899 319 1936 ita
355 1905 495 1949 poetae
535 1900 725 1951 appellari
758 1906 877 1951 pote-

149 1962 255 1994 rant.
295 1956 399 1993 conf.
432 1957 597 1994 similem
628 1957 762 1994 locum
790 1971 877 2008 sup.

150 2013 214 2062 ΙΙΙ,
243 2012 322 2055 148
342 2027 398 2063 sq.
422 2017 514 2056 176.
544 2017 635 2057 177.
684 2014 798 2052 Adde
827 2015 874 2063 II,

149 2073 232 2112 293
256 2084 311 2121 sq.
344 2077 381 2108 et
398 2071 451 2108 ibi
476 2073 640 2109 Exeurs.
661 2072 777 2109 Lares
799 2086 874 2109 au-

149 2134 230 2165 tem
260 2134 299 2166 et
325 2129 490 2166 Penates
528 2130 750 2180 permutari
791 2130 873 2167 sol-

149 2185 265 2222 lenne
284 2192 353 2224 est.
388 2188 613 2236 penetralia
633 2189 780 2225 Veslcce
796 2201 872 2238 pro

151 2243 266 2281 Vesta
288 2243 412 2292 dixit,
435 2258 535 2294 quae
556 2245 694 2282 intima
714 2245 872 2282 aedium

147 2307 285 2352 parte,
331 2302 463 2340 velata
505 2308 545 2340 et
582 2302 630 2339 ab
662 2301 870 2340 hominum

148 2358 341 2410 adspectu
384 2359 562 2409 intacta,
622 2360 870 2398 servabatur.

147 2415 320 2454 Aeneam
361 2417 495 2468 itaque
538 2418 664 2469 cogita
701 2417 751 2455 ad
794 2417 872 2455 hoc

147 2474 302 2513 aedium
326 2475 528 2526 penetrale
546 2488 783 2513 conversum
804 2489 871 2512 sa-

147 2546 213 2570 cra
251 2533 398 2570 fecisse.
458 2547 563 2571 cana
601 2535 752 2581 Vesta,
805 2533 870 2572 vel

146 2596 313 2641 propter
332 2590 536 2641 antiquam
552 2591 791 2641 religionem,
822 2597 869 2628 ut

147 2648 184 2696 1,
209 2651 293 2689 292
324 2662 429 2686 cana
446 2649 593 2697 Fides,
626 2649 690 2687 vel
712 2647 821 2698 quod
850 2661 869 2685 e

146 2705 365 2743 senioribus
386 2705 478 2755 diis,
510 2706 578 2756 qui
596 2706 672 2743 iam
691 2712 780 2743 ante
801 2706 868 2743 Ιο-

146 2761 204 2800 vis
223 2762 335 2813 pueri
353 2776 519 2814 regnum
543 2764 695 2802 caelum
724 2769 868 2801 tenue-

143 2826 263 2868 runt,
293 2833 372 2857 una
392 2827 463 2858 est.
521 2822 598 2858 Res
624 2835 674 2858 ex
701 2820 869 2872 theogo-

143 2877 218 2914 niis
261 2883 368 2915 nota.
442 2878 563 2924 Quod
608 2884 724 2930 poeta
770 2880 869 2916 turis

935 1553 1044 1603 buit,
1075 1554 1118 1591 in
1135 1568 1180 1592 eo
1207 1554 1287 1593 suis
1318 1555 1438 1606 magis
1467 1556 1664 1607 tempori-

933 1611 1007 1649 bus
1032 1625 1150 1662 quam
1176 1612 1233 1650 rei
1258 1612 1418 1650 veritati
1454 1613 1663 1665 obtempe-

931 1675 1009 1707 rat.
1067 1671 1210 1707 Iliacis
1229 1670 1484 1720 temporibus,
1518 1678 1663 1709 notum

935 1733 996 1765 est
1014 1740 1064 1764 ex
1085 1727 1231 1775 Plinio,
1261 1742 1332 1764 nee
1351 1736 1434 1765 tare
1450 1729 1662 1778 supplica—

935 1784 1064 1822 batur.
1128 1785 1182 1822 De
1201 1798 1279 1835 quo
1300 1785 1402 1822 conf.
1424 1785 1563 1823 cerda.

993 1843 1089 1884 750.
1117 1844 1212 1885 751.
1253 1842 1395 1880 Ornati
1426 1855 1564 1880 versus
1597 1842 1661 1881 di-

934 1899 1043 1937 lectu
1074 1900 1302 1938 verborum.
1370 1899 1660 1937 Transscribere

933 1959 1116 1994 Romam·
1137 1987 1148 2006 ,
1201 1957 1257 1995 ait
1296 1957 1487 2005 Servius,
1537 1959 1660 1994 moris

933 2014 1093 2052 verbnm
1111 2022 1167 2052 est
1180 2031 1191 2051 .·
1224 2016 1473 2064 transscrzpti
1491 2016 1596 2051 enim
1615 2016 1658 2051 in

930 2072 1108 2109 colonias
1133 2071 1387 2109 ducebantur.
1450 2071 1586 2109 Potius
1600 2070 1656 2108 ita

932 2129 1162 2166 dicendum:
1203 2129 1271 2179 qui
1307 2128 1552 2177 deducendi,
1605 2141 1655 2166 ex

929 2192 1062 2225 vetere
1082 2186 1123 2223 in
1145 2200 1290 2224 novam
1304 2185 1505 2223 civitatem
1517 2192 1654 2223 trans-

930 2244 1174 2282 scribuntur.
1235 2243 1358 2281 Iidem
1384 2245 1427 2280 in
1454 2244 1652 2281 coloniam

930 2301 1106 2340 adscribi
1140 2301 1237 2339 dieti
1268 2307 1373 2339 sunt.
1433 2301 1654 2351 Deponunt

929 2359 1098 2410 signate,
1148 2364 1194 2396 ut
1230 2358 1372 2396 inutile
1410 2371 1521 2396 onus.
1581 2357 1651 2395 Illa

928 2430 1024 2455 vero
1052 2416 1200 2467 egregia
1232 2416 1368 2468 plane:
1408 2417 1564 2453 animos
1591 2416 1652 2453 m‘l

927 2489 1104 2525 magnae
1123 2474 1258 2511 landis
1279 2482 1449 2524 egentes,
1472 2486 1555 2510 non
1576 2472 1649 2510 de-

926 2532 1144 2569 siderantes
1172 2538 1241 2569 aut
1271 2531 1524 2583 adpetentes,
1566 2544 1647 2568 non

923 2589 1070 2641 gloriae
1099 2589 1286 2640 cupidos,
1324 2588 1394 2626 sed
1414 2587 1580 2638 ingloria
1607 2593 1647 2625 et

927 2647 1093 2685 obscura
1131 2646 1239 2696 vita,
1279 2646 1399 2684 modo
1432 2658 1643 2683 aerumna—

925 2718 1016 2744 rum
1039 2711 1079 2742 et
1108 2704 1291 2742 laborum
1319 2708 1503 2756 experte,
1544 2716 1642 2740 con-

923 2769 1069 2801 tentos.

982 2822 1137 2863 752-—
1158 2817 1253 2861 754.
1299 2818 1391 2868 Ipsi
1428 2815 1522 2853 socii
1545 2814 1640 2852 refi-

924 2877 1036 2915 ciunt
1071 2877 1244 2915 classem.
1311 2881 1500 2924 reponunt
1535 2871 1573 2910 h.
1612 2871 1637 2910 l.

1250 2942 1366 2987 52*
