1827 3436
285 231 811 285 TRACTATARUM
847 230 918 277 IN
926 229 1098 277 VEN]
1112 227 1279 276 IONE
1465 235 1529 279 45

24 378 119 420 hae
157 372 265 432 ipsa
294 364 536 411 varietate
569 355 914 405 declaremus.
976 355 1111 402 Sunt
1142 361 1318 401 autem
1352 353 1531 411 multa,

25 453 174 506 quae,
205 433 298 483 etsi
331 430 393 479 31)
430 429 537 477 aliis
571 426 665 475 alia
695 425 900 473 ratione
938 423 1213 471 tradantur
1249 430 1301 470 et
1335 437 1532 470 ornen-

22 519 134 564 tur,
180 500 412 551 fundum
449 508 630 546 tamen
678 509 1029 543 communem
1072 492 1273 557 priscae
1319 490 1533 540 alicuius

26 585 77 625 et
99 593 124 623 a
153 570 442 621 maioribus
466 575 710 632 acceptae
731 562 1043 612 narrationis
1071 570 1251 626 aperte
1280 560 1534 625 prodant:

24 652 145 694 sunt
181 641 300 701 alia,
349 639 401 687 in
443 636 635 703 quibus
677 650 867 682 omnes
909 631 1023 681 fere
1064 631 1412 691 conveniunt,
1458 631 1533 678 uti

27 713 370 770 CallistratuS‚
423 710 634 769 Satyrus
672 712 724 752 et
753 702 1021 762 Amnum,
1069 700 1154 747 hic
1192 699 1412 765 quidem
1446 717 1536 747 an-

26 781 372 848 tiquissimus,
419 778 471 825 in
519 775 648 830 hoc„
700 772 849 839 quod
892 776 1096 820 Aeneas
1136 772 1362 818 Penates
1415 785 1534 817 cum

25 849 258 901 Palladio
308 846 580 896 abstulerit
623 843 766 905 (vide
806 843 871 892 il).
919 858 957 891 e.
1004 846 1082 892 68.
1125 845 1214 897 69,
1267 838 1404 887 adde
1437 842 1535 902 Ly-

27 921 206 986 cophr.
244 923 372 970 1261
408 933 520 981 sqq.
571 912 816 977 Xenoph.
858 911 925 960 de
954 913 1136 960 Venat.
1173 926 1285 956 non
1323 908 1482 972 longe
1511 926 1536 957 3

26 1000 152 1057 pr.);
211 986 359 1053 quod
401 992 607 1050 patrem
651 991 703 1029 et
737 981 907 1030 filium
947 996 1129 1028 secum
1166 978 1371 1027 (luxerit
1413 978 1536 1040 (vid.

28 1059 220 1126 partim
254 1055 376 1106 ibid.
415 1053 606 1120 partim
633 1055 776 1101 Auct.
821 1050 888 1099 de
912 1050 1053 1113 Orig.
1085 1051 1144 1098 G.
1164 1050 1320 1098 Rom.
1354 1065 1391 1098 6.
1423 1054 1452 1099 9
1488 1057 1539 1096 et

33 1136 91 1180 11
106 1137 158 1177 et
176 1125 414 1192 inprimis
437 1123 675 1187 egregius
697 1138 757 1170 ex
777 1119 1057 1186 Sophoclis
1068 1122 1375 1167 Laocoonte
1391 1117 1539 1166 locus

32 1216 110 1264 ap.
138 1197 349 1258 Dionys.
386 1196 423 1252 Ι,
463 1198 526 1244 48
560 1197 666 1244 Νῦν
703 1194 748 1242 δ’
786 1199 834 1242 ἐν
865 1190 1093 1240 πύλαισιν
1126 1192 1353 1250 Αἰνείας,
1393 1190 1420 1238 ὁ
1457 1193 1540 1252 τῆς

30 1271 178 1323 θεοῦ,
224 1265 461 1330 Παρεστ’,
499 1264 575 1313 ἐπ’
614 1264 756 1325 ὤμων
780 1261 955 1325 πατέρ’
993 1263 1112 1321 ἔχων
1134 1262 1391 1322 κεραυνίου
1419 1257 1540 1308 Νώ-

30 1360 119 1388 'lov
158 1333 524 1392 καταστάζοντα
562 1330 794 1395 βύσσινον
839 1329 1008 1394 φάρος.
1076 1334 1261 1379 Κυκλεῐ
1293 1332 1343 1378 δὲ
1377 1331 1539 1377 πᾶσαν

33 1409 231 1456 οἰκετῶν
283 1405 635 1468 παμπληθίαν,
691 1398 1033 1457 Συνοποέζὲται
1086 1401 1135 1448 δὲ
1177 1401 1390 1463 πλῆθος,
1452 1397 1539 1456 οὐχ

34 1477 150 1526 ὅσον
197 1479 370 1528 domic,
439 1478 507 1521 Οἵ
541 1470 673 1535 ‘tryga'
710 1471 851 1534 ἐρῶσι
901 1471 984 1532 τῆς
1033 1470 1237 1532 Φρυγῶν
1291 1467 1542 1525 ἀποικίας,-

33 1543 101 1591 ita
148 1541 290 1590 enim
333 1539 453 1602 lego
496 1554 595 1604 pro
645 1539 731 1600 οὐχ
768 1539 884 1587 ὅσον
935 1542 1069 1586 δοκεῖ
1108 1542 1234 1595 Σοι,
1281 1543 1381 1589 τοῖς
1417 1536 1464 1584 δ’
1506 1544 1540 1584 ε’.

35 1614 233 1678 confluit
265 1613 524 1657 multitudo
555 1611 715 1656 maior
743 1625 890 1670 quam
919 1615 970 1653 tn
986 1615 1137 1669 putas
1160 1608 1414 1666 (eorum),
1453 1602 1541 1667 qui

34 1686 145 1730 huic·
178 1684 444 1744 Phrygum
483 1681 750 1726 discesssui
786 1679 1021 1724 interesse
1061 1678 1336 1738 cupiwzt*).
1403 1669 1542 1721 conf.

35 1749 126 1801 inf.
162 1751 368 1798 Excurs.
399 1749 543 1797 XVII
573 1746 638 1794 ad
660 1748 760 1809 ΙΙ,).
832 1748 875 1793 Α
917 1743 1178 1792 Strabone
1204 1745 1339 1803 ΧΙΙΙ,
1372 1760 1416 1807 p.
1443 1747 1539 1794 607

36 1821 173 1867 inter
204 1817 582 1884 πολυθρύλλητα
616 1823 950 1863 memoratur
988 1822 1039 1862 et
1069 1813 1195 1874 hoc,
1237 1821 1288 1861 et
1322 1811 1432 1873 3113,
1476 1812 1542 1860 de

37 1888 226 1954 quibus
258 1886 518 1950 sigillatim
549 1886 653 1934 suis
679 1884 807 1933 locis
838 1883 1154 1942 videbimus,
1193 1882 1543 1947 inprimisque

38 1957 183 2023 quod
216 1957 267 2004 in
306 1956 513 2004 Latium
560 1954 855 2004 discesserit
882 1956 1112 2013 Aeneas,
1163 1960 1215 2000 et
1245 1951 1544 2000 secundum

39 2025 311 2075 oraculum
349 2041 413 2073 eo
443 2024 562 2073 loco
599 2023 923 2080 consederit,
960 2022 1052 2071 ubi
1086 2038 1328 2070 mensam
1365 2037 1545 2069 come—

41 2096 239 2145 derant.
311 2095 600 2158 Vulgarem
638 2093 774 2142 hanc
811 2093 950 2141 inter
990 2090 1151 2140 Italos
1192 2089 1351 2139 fuisse
1392 2090 1545 2139 fabu-

39 2165 170 2221 lam,
223 2173 281 2212 ut
320 2172 370 2211 et
419 2164 637 2212 alteram
674 2162 814 2211 illam
856 2162 923 2210 de
958 2177 1051 2209 sue
1089 2160 1407 2223 gravida**),
1457 2176 1546 2207 co-

43 2235 190 2299 piose
238 2233 397 2281 (locet
430 2234 642 2296 Dionys.
670 2232 829 2282 Halic.
868 2234 909 2294 Ι,
946 2235 1026 2282 55.
1064 2234 1145 2293 56,
1187 2232 1378 2279 Conon
1417 2233 1547 2278 Nar-

42 2312 133 2353 rat.
176 2307 240 2353 46
273 2311 324 2350 et
359 2320 417 2350 ex
453 2304 688 2363 Lutatio,
738 2304 940 2351 Catone
974 2309 1026 2349 et
1059 2301 1303 2360 Caesare,
1349 2302 1549 2349 Auctor

45 2372 110 2421 de
147 2373 287 2435 Orig.
321 2374 378 2421 G.
406 2374 465 2422 R.
507 2388 545 2422 c,
585 2378 658 2422 11.
697 2378 783 2430 123
825 2387 851 2418 e
885 2386 992 2435 quo
1023 2369 1246 2417 omnino
1283 2378 1448 2433 patet,
1490 2385 1548 2416 ex

46 2441 386 2506 scriptoribus
438 2441 693 2491 Romanis
744 2440 969 2505 antiquis
1019 2455 1131 2486 non
1176 2436 1327 2486 facile
1375 2437 1546 2486 ullum

45 2509 229 2568 fuisse,
282 2511 370 2575 qui
411 2514 623 2559 Aeneae
665 2509 767 2558 fata
817 2517 869 2557 et
920 2508 1209 2557 adventum
1251 2508 1303 2555 in
1346 2507 1547 2556 Italiam

47 2596 155 2627 non
187 2580 520 2644 exposuisset.
591 2582 728 2630 Item
749 2582 916 2630 Varro
953 2577 1021 2627 de
1049 2579 1159 2628 RR.
1189 2578 1254 2640 H,
1293 2581 1337 2628 4.
1395 2577 1548 2626 Adde

162 2803 196 2854 ⁸)
236 2803 287 2839 Et
327 2802 382 2840 sic
412 2817 519 2840 nunc
557 2803 707 2841 editum
744 2803 857 2841 video
897 2816 916 2840 e
947 2800 1165 2853 Tyrwhini
1205 2801 1480 2839 emendatione
1512 2800 1550 2837 in

55 2869 152 2893 nova
189 2859 284 2897 edit.
316 2859 500 2911 Sopliocl.

167 2937 220 2989 **)
255 2939 344 2977 Vid.
374 2939 541 2978 Excurs.
577 2941 608 2978 II
640 2941 691 2978 ad
728 2941 791 2978 lib.
824 2939 905 2977 VII.
