1779 3420
101 256 204 304 870

406 252 462 300 P.
502 249 861 302 VIRGILII
899 247 1279 299 MARONIS

104 379 380 441 Concutit‚
420 386 473 427 et
491 376 737 426 stimulos
761 376 859 426 sub
886 384 1108 442 pectore
1131 374 1290 423 vertit
1315 372 1528 439 Apollo.

103 452 178 501 Ut
201 449 440 515 primum
462 448 616 497 cessit
635 445 814 507 furor,
854 455 907 495 et
927 445 1111 494 rabida
1136 461 1228 494 ora
1251 445 1529 511 quierunt3

103 520 299 585 Incipit
317 522 524 569 Aeneas
542 517 729 568 heros:
766 520 889 567 Non
908 515 1019 565 ulla
1040 515 1307 579 laborum,

108 590 156 639 Ο
179 590 352 654 virgo,
390 605 531 637 nova
549 588 624 636 mi
646 585 806 636 facies
831 586 1116 651 inopinave
1140 585 1318 649 surgit.

108 660 307 710 Omnia
344 657 593 726 praecepi
609 697 621 721 ‚
669 666 830 724 atque
873 655 1053 705 animo
1096 671 1316 705 mecum
1353 663 1476 704 ante
1513 671 1638 720 per-

899 726 995 790 egi.
1540 728 1638 778 105

106 801 291 850 Unum
318 815 442 859 oro3
483 795 702 864 quando
722 795 809 845 hic
830 795 1028 845 inferni
1051 795 1205 844 ianua
1225 795 1362 859 regis

106 870 312 920 Dicitur
336 877 388 918 et
407 867 694 917 tenebrosa
716 866 866 933 palus
887 865 1191 918 Acheronte
1213 864 1419 915 refuso:

108 941 193 989 Ire
217 939 284 988 ad
307 946 659 1005 conspectum
681 937 784 986 cari
806 936 1062 1002 genitoris
1088 944 1140 985 et
1169 951 1263 984 ora

204 1069 268 1103 101
305 1068 447 1101 Incutit
480 1080 535 1113 pr.
570 1067 695 1100 Hamb.
728 1077 794 1108 pro
829 1078 902 1099 var.
935 1065 1019 1099 lect.
1069 1068 1231 1108 Quatere
1265 1063 1383 1110 frena
1416 1062 1564 1109 proprie
1597 1063 1642 1097 de

109 1114 363 1159 aurigantibus.
412 1123 539 1148 versat
562 1115 700 1159 aliquot
722 1113 816 1146 Pier.
840 1125 916 1146 cum
945 1113 1053 1146 Goth.
1089 1124 1159 1145 sec.
1209 1112 1280 1145 Sed
1314 1112 1383 1144 hoc
1420 1111 1464 1144 ad
1502 1109 1643 1143 oratio-

110 1174 189 1195 nem
224 1162 401 1206 vulgarem
434 1162 582 1207 propius
617 1160 813 1195 accederet.

110 1209 213 1243 multi
238 1216 272 1242 et
298 1209 367 1242 hic.
397 1222 427 1243 v.
452 1221 529 1255 sup.
564 1211 609 1245 80
646 1216 679 1242 et
710 1207 767 1243 49.

913 1162 979 1196 102
1021 1162 1070 1193 Ut
1113 1160 1263 1192 tandem
1297 1157 1460 1192 Parrhas.
1509 1158 1644 1203 rapida

867 1208 934 1242 104
969 1219 1069 1240 nova
1104 1219 1178 1239 non
1206 1205 1240 1250 s
1279 1207 1360 1239 Exc.
1394 1207 1508 1238 Burm.
1557 1205 1646 1237 milti

110 1258 235 1299 Rom.,
261 1256 319 1289 hic
346 1262 381 1289 et
407 1256 504 1291 alibi.
552 1256 695 1291 Scilicet
720 1255 846 1288 eodem
871 1266 928 1287 res
953 1254 1066 1294 redit,
1093 1253 1123 1286 si
1148 1253 1302 1298 syllabas
1329 1259 1526 1285 contractas
1552 1252 1644 1285 scri-

109 1311 211 1349 ptura
238 1315 397 1349 quoque,
433 1316 476 1337 an
503 1310 637 1336 tantum
663 1302 978 1347 pronuntiatione,
1010 1301 1129 1334 tollas.
1178 1301 1248 1334 Sed
1285 1300 1484 1333 constantia
1518 1299 1552 1331 in
1588 1299 1643 1331 his

112 1352 282 1384 servanda
309 1358 372 1385 est.
421 1359 552 1396 surget
576 1350 711 1384 Zulieh.
737 1362 756 1383 a
791 1362 836 1382 m.
870 1361 939 1382 sec.

113 1399 210 1432 editi.

1038 1348 1106 1383 105
1135 1349 1286 1394 percepi
1317 1347 1417 1380 multi
1452 1346 1573 1391 scripti
1608 1352 1646 1379 et

268 1398 337 1431 Sed
378 1400 553 1444 praecepi
592 1399 692 1431 Rom.
730 1396 858 1429 Medic.
891 1402 927 1428 et
962 1394 1022 1429 alii
1057 1395 1269 1427 vetustiores
1304 1407 1378 1427 cum
1412 1394 1546 1427 Servio.
1603 1395 1647 1426 Et

111 1446 181 1478 hoc
208 1444 389 1479 eruditius,
416 1446 460 1479 cf.
488 1446 550 1478 inf.
576 1446 624 1487 X,
651 1445 732 1479 277.
781 1445 860 1489 ipse
879 1444 1013 1490 peregi
1036 1445 1169 1476 Seneca
1194 1441 1306 1486 Epist.
1332 1444 1377 1478 76
1403 1448 1438 1474 et
1464 1441 1644 1485 Eugraph.

111 1492 148 1525 in
184 1494 331 1526 Terent.

111 1539 297 1584 interpret.

115 1647 218 1697 „ait,
249 1661 367 1694 vera,
401 1646 556 1684 lucida.
620 1645 852 1684 Alexander

118 1704 452 1754 (Grammaticus,
482 1718 588 1742 unus
610 1718 661 1743 ex
681 1704 853 1743 vetustis

114 1770 258 1816 poetae
299 1760 606 1815 interpretibus)
667 1776 730 1810 „a
774 1776 853 1814 quo

116 1823 273 1872 accepit
316 1822 482 1870 Sel-glus
530 1818 619 1872 (leg.
656 1818 853 1871 Servius),

116 1893 192 1932 pro
215 1909 225 1928 ,
281 1880 385 1915 veris
426 1877 593 1915 obscura
637 1879 854 1925 miscens,“

116 1938 220 1976 male
254 1935 365 1974 haec.
427 1935 506 1973 Sed
546 1937 744 1973 involvere
782 1935 853 1973 ob·-

117 1998 259 2043 scuris,
295 2001 355 2033 est
378 1993 615 2044 obscurare,
646 1999 693 2031 ut
720 1994 855 2031 invol-

117 2068 206 2091 vere
229 2052 423 2103 caligine,
449 2060 576 2089 nocte.
644 2054 737 2093 100.
762 2055 855 2092 101.

118 2111 306 2162 east-ena
323 2111 369 2162 f.
389 2141 400 2159 ,
437 2109 485 2147 de
504 2110 706 2148 concitato
735 2109 856 2148 animi

117 2169 295 2221 impetu3
331 2175 379 2207 ut
408 2169 504 2206 alias
537 2168 586 2206 de
618 2182 752 2206 cursu.
807 2182 856 2205 ea

119 2232 210 2267 τοῖα
230 2259 241 2276 ,
285 2232 369 2265 tam
399 2226 536 2265 valida
556 2256 566 2275 ,
613 2240 719 2279 pro:
761 2239 855 2264 nam

121 2284 343 2323 admodum
377 2285 511 2324 valida
540 2285 685 2336 frena.
735 2285 785 2322 cf.
815 2297 854 2323 v.

122 2346 190 2384 79.
212 2345 279 2384 80.
329 2342 586 2396 (easrena,
621 2357 724 2381 non:
756 2348 856 2380 tam

122 2400 317 2439 valida.
388 2401 612 2439 Referenda
658 2400 758 2438 haec
804 2400 857 2438 ad

123 2458 214 2496 illa:
261 2459 448 2496 Obscuris
487 2473 581 2497 vera
623 2460 856 2506 int¹olvens;

124 2516 149 2554 i.
172 2529 204 2554 e.
224 2516 281 2553 ita
300 2522 501 2568 temperat
521 2517 665 2568 Apollo
685 2517 859 2568 Sibyllae

126 2579 285 2626 pectUS‚
310 2581 356 2612 ut
390 2575 423 2611 ei
449 2589 530 2612 non
560 2575 677 2612 liceat
705 2575 860 2626 simpli—

127 2644 211 2669 cem
240 2644 376 2669 rerum
404 2632 618 2670 veritatem
660 2645 859 2682 promere,

127 2689 196 2728 sed
217 2696 261 2727 ut
284 2690 493 2741 ambagum
523 2690 767 2727 obscuritate
794 2690 860 2726 in-

128 2748 269 2787 volvat
290 2760 398 2786 vera.
458 2747 547 2785 Vid.
572 2748 621 2796 Q.
659 2748 702 2786 V.
737 2748 861 2795 XVII,

129 2810 167 2848 3.
205 2804 324 2858 Wr.)
385 2806 567 2843 stimulos·
616 2803 658 2857 (i.
691 2818 722 2843 e.
779 2819 862 2841 eos

129 2866 234 2904 slim.
271 2861 391 2916 Wr.)
431 2862 504 2900 sub
543 2871 701 2913 pectore
733 2864 858 2910 versit,

129 2921 169 2960 h.
192 2935 224 2960 e.
243 2921 284 2960 in
312 2928 475 2973 pectore
506 2920 603 2972 figit.
664 2920 742 2958 Sed
773 2920 863 2971 plus

131 2981 232 3018 inest
269 2979 384 3018 alteri
425 2979 584 3029 verbo3
626 2979 863 3017 continuato

429 1494 498 1528 106
530 1493 555 1526 i.
590 1493 613 1526 i.
648 1493 747 1525 Dicis
777 1490 879 1524 Leid.
914 1502 1023 1533 unus,
1071 1497 1108 1523 et
1139 1491 1263 1522 Franc.
1305 1489 1341 1522 in
1387 1488 1563 1533 margine3
1605 1499 1647 1521 ex

911 1658 965 1684 sc.
1014 1644 1113 1683 iem.
1174 1644 1309 1681 Frena
1355 1648 1394 1681 et
1445 1643 1644 1692 stimulos,

913 1703 965 1741 ad
984 1703 1162 1741 furorem
1185 1701 1476 1739 declarandum
1498 1715 1518 1738 a
1545 1702 1648 1739 Tra-

911 1761 1007 1812 gicis
1037 1760 1160 1798 habet
1185 1766 1330 1811 poeta5
1361 1760 1468 1797 forte
1499 1772 1549 1796 ex
1587 1755 1649 1799 οἶ-

914 1832 1030 1871 στρος
1060 1825 1190 1856 natos.
1250 1817 1360 1855 Inter
1398 1817 1505 1864 loca,
1546 1829 1648 1867 quae

912 1877 1086 1928 Interpr.
1118 1874 1308 1924 laudant,
1347 1889 1452 1913 unus
1485 1881 1542 1912 est
1578 1889 1649 1912 ac·-

913 1934 1193 1973 commodatus
1253 1933 1455 1985 Euripidis
1507 1932 1648 1985 (Iphig.

912 1993 955 2031 in
985 1993 1108 2033 Taur.
1146 1990 1247 2044 935)
1291 1991 1340 2028 de
1377 1990 1515 2029 furiis:
1554 1987 1650 2042 ἠλά-

915 2063 1063 2103 στρουν
1106 2049 1227 2098 θεαὶ,
1267 2045 1390 2097 ΓΏςΗ
1445 2046 1649 2103 αἵματήροὶ

917 2105 1054 2162 στόμι’
1086 2107 1327 2160 ἐπεμβαλεῖν
1363 2107 1466 2159 ἐμοί.

978 2166 1071 2209 104.
1092 2166 1233 2218 jac-ies
1272 2171 1330 2203 est
1367 2165 1542 2217 species,
1581 2177 1650 2216 ge—

914 2239 1013 2275 nus3
1050 2227 1201 2276 surgit,
1245 2223 1464 2274 exquisite,
1506 2224 1650 2271 evenit,

916 2283 1107 2322 occurrit.
1168 2282 1327 2320 Scilicet
1358 2282 1543 2320 audierat
1570 2281 1651 2318 Ae-

917 2355 1012 2380 neas
1034 2341 1167 2379 omnia
1191 2355 1212 2378 a
1236 2347 1350 2391 patre
1374 2340 1420 2390 V,
1441 2343 1536 2381 730.
1568 2342 1647 2381 731

917 2406 958 2438 et
1001 2399 1154 2438 Heleno
1203 2399 1266 2446 III,
1303 2398 1400 2441 458.
1438 2398 1648 2448 praecepi.

917 2458 1005 2496 Non
1025 2458 1127 2495 male
1149 2456 1370 2507 Aeschylus
1394 2462 1653 2507 comparatur

917 2515 1122 2555 Prometh.
1140 2518 1214 2556 101
1231 2538 1280 2543 -
1300 2517 1393 2556 103.
1422 2515 1565 2564 peregi
1577 2526 1653 2565 pro

917 2573 1098 2625 vulgari,
1130 2573 1267 2624 exegi,
1299 2571 1506 2623 perpendi.

980 2634 1234 2673 106—109.
1265 2632 1392 2667 ianua
1416 2631 1522 2679 regis
1548 2628 1589 2667 11.
1620 2641 1654 2668 e.

920 2689 1058 2740 palatii
1090 2688 1154 2726 vel
1186 2687 1293 2739 regni
1339 2687 1482 2725 aditus.
1544 2696 1654 2724 tene-

921 2746 1038 2783 brosa
1075 2746 1201 2795 palus
1237 2745 1460 2784 Acheronte
1502 2745 1649 2796 '‘fsfilso·

923 2805 1022 2842 Cum
1046 2802 1317 2841 Acherontem
1336 2817 1430 2841 mox
1453 2803 1492 2840 in
1519 2803 1656 2841 inseris

922 2862 1020 2899 locis
1060 2861 1157 2912 poni
1204 2875 1225 2898 a
1270 2868 1390 2914 poeta
1431 2861 1655 2910 videamus,

923 2920 1110 2968 Servius,
1142 2926 1181 2957 et
1219 2932 1269 2958 ex
1311 2933 1356 2957 eo
1398 2919 1656 2971 Pomponius,

922 2978 1211 3030 pronuntiant:
1251 2978 1458 3016 Avernum
1491 2977 1656 3029 signfi-
