<?xml version="1.0" encoding="UTF-8"?>
<!DOCTYPE html PUBLIC "-//W3C//DTD XHTML 1.0 Transitional//EN"
    "http://www.w3.org/TR/xhtml1/DTD/xhtml1-transitional.dtd">
<html xmlns="http://www.w3.org/1999/xhtml" xml:lang="en" lang="en">
 <head>
  <title>
</title>
<meta http-equiv="Content-Type" content="text/html;charset=utf-8" />
  <meta name='ocr-system' content='tesseract 3.04.00' />
  <meta name='ocr-capabilities' content='ocr_page ocr_carea ocr_par ocr_line ocrx_word'/>
</head>
<body>
  <div class='ocr_page' id='page_1' title='image "./publiusvirgilius02virguoft/publiusvirgilius02virguoft_0963.png"; bbox 0 0 1811 3388; ppageno 0'>
   <div class='ocr_carea' id='block_1_1' title="bbox 87 232 1600 494">
    <p class='ocr_par' dir='ltr' id='par_1_1' title="bbox 87 232 1600 494">
     <span class='ocr_line' id='line_1_1' title="bbox 310 232 1600 296; baseline 0.009 -13"><span class='ocrx_word' id='word_1_1' title='bbox 310 232 722 283; x_wconf 89' lang='lat' dir='ltr'><strong>AENEIDOS</strong></span> <span class='ocrx_word' id='word_1_2' title='bbox 763 233 901 283; x_wconf 91' lang='lat' dir='ltr'>LIB.</span> <span class='ocrx_word' id='word_1_3' title='bbox 942 235 1030 296; x_wconf 81' lang='lat' dir='ltr'><strong>VI,</strong></span> <span class='ocrx_word' id='word_1_4' title='bbox 1067 240 1358 291; x_wconf 83' lang='lat'>660—666</span> <span class='ocrx_word' id='word_1_5' title='bbox 1499 248 1600 296; x_wconf 85' lang='lat'><strong>955</strong></span> 
     </span>
     <span class='ocr_line' id='line_1_2' title="bbox 90 356 1381 426; baseline 0.002 -17"><span class='ocrx_word' id='word_1_6' title='bbox 90 360 302 426; x_wconf 82' lang='lat' dir='ltr'><strong>Quique</strong></span> <span class='ocrx_word' id='word_1_7' title='bbox 326 359 404 408; x_wconf 85' lang='lat' dir='ltr'><strong>sui</strong></span> <span class='ocrx_word' id='word_1_8' title='bbox 427 374 702 407; x_wconf 80' lang='lat' dir='ltr'>memores</span> <span class='ocrx_word' id='word_1_9' title='bbox 731 357 860 407; x_wconf 86' lang='lat' dir='ltr'><strong>alios</strong></span> <span class='ocrx_word' id='word_1_10' title='bbox 880 356 1061 408; x_wconf 88' lang='lat' dir='ltr'><strong>fecere</strong></span> <span class='ocrx_word' id='word_1_11' title='bbox 1089 362 1381 413; x_wconf 82' lang='lat' dir='ltr'><strong>merendo:</strong></span> 
     </span>
     <span class='ocr_line' id='line_1_3' title="bbox 87 427 1599 494; baseline 0.005 -15"><span class='ocrx_word' id='word_1_12' title='bbox 87 430 354 479; x_wconf 86' lang='lat' dir='ltr'><strong>Omnibus</strong></span> <span class='ocrx_word' id='word_1_13' title='bbox 377 427 456 475; x_wconf 90' lang='lat' dir='ltr'><strong>his</strong></span> <span class='ocrx_word' id='word_1_14' title='bbox 482 427 636 477; x_wconf 85' lang='lat' dir='ltr'><strong>nivea</strong></span> <span class='ocrx_word' id='word_1_15' title='bbox 660 429 943 492; x_wconf 82' lang='lat' dir='ltr'><strong>cinguntur</strong></span> <span class='ocrx_word' id='word_1_16' title='bbox 964 438 1211 494; x_wconf 85' lang='lat' dir='ltr'><strong>tempora</strong></span> <span class='ocrx_word' id='word_1_17' title='bbox 1242 433 1381 483; x_wconf 82' lang='lat' dir='ltr'><strong>vitta.</strong></span> <span class='ocrx_word' id='word_1_18' title='bbox 1499 440 1599 487; x_wconf 87' lang='grc'><strong>665</strong></span> 
     </span>
    </p>
   </div>
   <div class='ocr_carea' id='block_1_2' title="bbox 88 495 1263 564">
    <p class='ocr_par' dir='ltr' id='par_1_2' title="bbox 88 495 1263 564">
     <span class='ocr_line' id='line_1_4' title="bbox 88 495 1263 564; baseline 0.001 -16"><span class='ocrx_word' id='word_1_19' title='bbox 88 502 236 562; x_wconf 86' lang='lat' dir='ltr'><strong>Quos</strong></span> <span class='ocrx_word' id='word_1_20' title='bbox 261 495 616 549; x_wconf 88' lang='lat' dir='ltr'><strong>circumfusos</strong></span> <span class='ocrx_word' id='word_1_21' title='bbox 650 499 722 547; x_wconf 88' lang='lat' dir='ltr'><strong>sic</strong></span> <span class='ocrx_word' id='word_1_22' title='bbox 747 507 824 547; x_wconf 85' lang='lat' dir='ltr'><strong>est</strong></span> <span class='ocrx_word' id='word_1_23' title='bbox 847 497 1020 548; x_wconf 80' lang='lat' dir='ltr'>adfata</span> <span class='ocrx_word' id='word_1_24' title='bbox 1045 500 1263 564; x_wconf 71' lang='lat' dir='ltr'><strong>Sihylla3</strong></span> 
     </span>
    </p>
   </div>
   <div class='ocr_carea' id='block_1_3' title="bbox 85 622 1607 954">
    <p class='ocr_par' dir='ltr' id='par_1_3' title="bbox 85 622 1607 954">
     <span class='ocr_line' id='line_1_5' title="bbox 178 622 1604 675; baseline 0.004 -15"><span class='ocrx_word' id='word_1_25' title='bbox 178 622 248 660; x_wconf 81' lang='grc'><strong>664</strong></span> <span class='ocrx_word' id='word_1_26' title='bbox 271 625 368 659; x_wconf 75' lang='lat' dir='ltr'><strong>alios</strong></span> <span class='ocrx_word' id='word_1_27' title='bbox 395 632 491 659; x_wconf 86' lang='lat' dir='ltr'><strong>recte</strong></span> <span class='ocrx_word' id='word_1_28' title='bbox 531 632 706 659; x_wconf 78' lang='lat' dir='ltr'><strong>servatum</strong></span> <span class='ocrx_word' id='word_1_29' title='bbox 732 626 768 659; x_wconf 88' lang='lat' dir='ltr'><strong>in</strong></span> <span class='ocrx_word' id='word_1_30' title='bbox 799 627 879 661; x_wconf 84' lang='lat' dir='ltr'><strong>edd.</strong></span> <span class='ocrx_word' id='word_1_31' title='bbox 908 627 978 661; x_wconf 86' lang='lat' dir='ltr'><strong>iam</strong></span> <span class='ocrx_word' id='word_1_32' title='bbox 1005 627 1088 661; x_wconf 87' lang='lat' dir='ltr'><strong>inde</strong></span> <span class='ocrx_word' id='word_1_33' title='bbox 1115 629 1159 662; x_wconf 88' lang='lat' dir='ltr'><strong>ab</strong></span> <span class='ocrx_word' id='word_1_34' title='bbox 1192 629 1296 663; x_wconf 84' lang='lat' dir='ltr'><strong>Aldd.</strong></span> <span class='ocrx_word' id='word_1_35' title='bbox 1353 629 1422 664; x_wconf 83' lang='lat' dir='ltr'><strong>Alii</strong></span> <span class='ocrx_word' id='word_1_36' title='bbox 1451 630 1604 675; x_wconf 74' lang='lat' dir='ltr'><strong>aliquos.</strong></span> 
     </span>
     <span class='ocr_line' id='line_1_6' title="bbox 85 671 1605 721; baseline 0.002 -15"><span class='ocrx_word' id='word_1_37' title='bbox 85 672 212 706; x_wconf 84' lang='lat' dir='ltr'><strong>Mirum</strong></span> <span class='ocrx_word' id='word_1_38' title='bbox 240 671 276 704; x_wconf 84' lang='lat' dir='ltr'><strong>in</strong></span> <span class='ocrx_word' id='word_1_39' title='bbox 306 672 397 706; x_wconf 88' lang='lat' dir='ltr'><strong>hanc</strong></span> <span class='ocrx_word' id='word_1_40' title='bbox 426 672 588 705; x_wconf 77' lang='lat' dir='ltr'>vitiosam</span> <span class='ocrx_word' id='word_1_41' title='bbox 613 673 803 706; x_wconf 83' lang='lat' dir='ltr'><strong>lectionem</strong></span> <span class='ocrx_word' id='word_1_42' title='bbox 837 675 1040 719; x_wconf 86' lang='lat' dir='ltr'><strong>conspirare</strong></span> <span class='ocrx_word' id='word_1_43' title='bbox 1067 676 1340 709; x_wconf 82' lang='lat' dir='ltr'><strong>vetustissimum</strong></span> <span class='ocrx_word' id='word_1_44' title='bbox 1368 684 1404 709; x_wconf 88' lang='lat' dir='ltr'><strong>et</strong></span> <span class='ocrx_word' id='word_1_45' title='bbox 1437 677 1605 721; x_wconf 82' lang='lat' dir='ltr'><strong>optimum</strong></span> 
     </span>
     <span class='ocr_line' id='line_1_7' title="bbox 87 719 1607 768; baseline 0.003 -16"><span class='ocrx_word' id='word_1_46' title='bbox 87 731 281 764; x_wconf 82' lang='lat' dir='ltr'><strong>quemque,</strong></span> <span class='ocrx_word' id='word_1_47' title='bbox 307 719 412 752; x_wconf 82' lang='lat' dir='ltr'><strong>etiam</strong></span> <span class='ocrx_word' id='word_1_48' title='bbox 430 721 530 753; x_wconf 88' lang='lat' dir='ltr'><strong>Rom.</strong></span> <span class='ocrx_word' id='word_1_49' title='bbox 548 720 678 754; x_wconf 85' lang='lat' dir='ltr'>Medic.</span> <span class='ocrx_word' id='word_1_50' title='bbox 698 721 821 765; x_wconf 82' lang='lat' dir='ltr'><strong>fragm.</strong></span> <span class='ocrx_word' id='word_1_51' title='bbox 844 721 970 763; x_wconf 61' lang='lat' dir='ltr'><strong>Vade„</strong></span> <span class='ocrx_word' id='word_1_52' title='bbox 996 722 1064 755; x_wconf 84' lang='lat' dir='ltr'><strong>hoc</strong></span> <span class='ocrx_word' id='word_1_53' title='bbox 1083 729 1198 755; x_wconf 88' lang='lat' dir='ltr'><strong>tamen</strong></span> <span class='ocrx_word' id='word_1_54' title='bbox 1216 735 1236 756; x_wconf 86' lang='lat' dir='ltr'><strong>a</strong></span> <span class='ocrx_word' id='word_1_55' title='bbox 1252 735 1296 756; x_wconf 78' lang='lat' dir='ltr'><strong>m,</strong></span> <span class='ocrx_word' id='word_1_56' title='bbox 1314 735 1367 768; x_wconf 85' lang='lat' dir='ltr'><strong>pr.</strong></span> <span class='ocrx_word' id='word_1_57' title='bbox 1417 723 1607 768; x_wconf 74' lang='lat' dir='ltr'><strong>(‚‚aliquos</strong></span> 
     </span>
     <span class='ocr_line' id='line_1_8' title="bbox 86 765 1606 814; baseline 0.004 -17"><span class='ocrx_word' id='word_1_58' title='bbox 86 765 117 801; x_wconf 85' lang='lat' dir='ltr'><strong>si</strong></span> <span class='ocrx_word' id='word_1_59' title='bbox 138 778 257 798; x_wconf 86' lang='lat' dir='ltr'><strong>verum</strong></span> <span class='ocrx_word' id='word_1_60' title='bbox 279 772 353 806; x_wconf 85' lang='lat' dir='ltr'><strong>est,</strong></span> <span class='ocrx_word' id='word_1_61' title='bbox 381 778 422 798; x_wconf 82' lang='lat' dir='ltr'><strong>ex</strong></span> <span class='ocrx_word' id='word_1_62' title='bbox 445 766 671 811; x_wconf 88' lang='lat' dir='ltr'><strong>appositione</strong></span> <span class='ocrx_word' id='word_1_63' title='bbox 689 768 936 812; x_wconf 88' lang='lat' dir='ltr'><strong>praecedentis</strong></span> <span class='ocrx_word' id='word_1_64' title='bbox 964 781 1012 803; x_wconf 85' lang='lat' dir='ltr'><strong>vs.</strong></span> <span class='ocrx_word' id='word_1_65' title='bbox 1037 769 1086 802; x_wconf 82' lang='lat' dir='ltr'><strong>sic</strong></span> <span class='ocrx_word' id='word_1_66' title='bbox 1106 769 1407 814; x_wconf 85' lang='lat' dir='ltr'><strong>interpretandum</strong></span> <span class='ocrx_word' id='word_1_67' title='bbox 1436 776 1506 803; x_wconf 87' lang='lat' dir='ltr'><strong>est:</strong></span> <span class='ocrx_word' id='word_1_68' title='bbox 1539 770 1606 803; x_wconf 86' lang='lat' dir='ltr'><strong>Hic</strong></span> 
     </span>
     <span class='ocr_line' id='line_1_9' title="bbox 86 812 1605 860; baseline 0.003 -15"><span class='ocrx_word' id='word_1_69' title='bbox 86 819 286 854; x_wconf 80' lang='lat' dir='ltr'>versantur,</span> <span class='ocrx_word' id='word_1_70' title='bbox 322 812 380 857; x_wconf 90' lang='lat' dir='ltr'><strong>qui</strong></span> <span class='ocrx_word' id='word_1_71' title='bbox 410 814 544 846; x_wconf 83' lang='lat' dir='ltr'><strong>artibus</strong></span> <span class='ocrx_word' id='word_1_72' title='bbox 574 813 724 847; x_wconf 76' lang='lat' dir='ltr'><strong>inventis</strong></span> <span class='ocrx_word' id='word_1_73' title='bbox 763 815 806 847; x_wconf 88' lang='lat' dir='ltr'><strong>de</strong></span> <span class='ocrx_word' id='word_1_74' title='bbox 838 816 1015 857; x_wconf 89' lang='lat' dir='ltr'><strong>omnibus,</strong></span> <span class='ocrx_word' id='word_1_75' title='bbox 1052 816 1179 860; x_wconf 87' lang='lat' dir='ltr'><strong>quique</strong></span> <span class='ocrx_word' id='word_1_76' title='bbox 1206 817 1307 849; x_wconf 78' lang='lat' dir='ltr'><strong>factis</strong></span> <span class='ocrx_word' id='word_1_77' title='bbox 1331 817 1400 849; x_wconf 86' lang='lat' dir='ltr'><strong>suis</strong></span> <span class='ocrx_word' id='word_1_78' title='bbox 1434 823 1530 849; x_wconf 86' lang='lat' dir='ltr'><strong>certe</strong></span> <span class='ocrx_word' id='word_1_79' title='bbox 1561 817 1605 849; x_wconf 83' lang='lat' dir='ltr'><strong>de</strong></span> 
     </span>
     <span class='ocr_line' id='line_1_10' title="bbox 86 859 1604 903; baseline 0.004 -12"><span class='ocrx_word' id='word_1_80' title='bbox 86 859 264 892; x_wconf 81' lang='lat' dir='ltr'>nonnullis</span> <span class='ocrx_word' id='word_1_81' title='bbox 284 879 326 883; x_wconf 92' lang='lat'>—</span> <span class='ocrx_word' id='word_1_82' title='bbox 353 859 529 903; x_wconf 75' lang='lat' dir='ltr'>aliquibus</span> <span class='ocrx_word' id='word_1_83' title='bbox 551 880 594 885; x_wconf 92' lang='lat'><strong>——</strong></span> <span class='ocrx_word' id='word_1_84' title='bbox 614 861 704 894; x_wconf 84' lang='lat' dir='ltr'><strong>bene</strong></span> <span class='ocrx_word' id='word_1_85' title='bbox 725 866 961 895; x_wconf 82' lang='lat' dir='ltr'><strong>meruerunt.“</strong></span> <span class='ocrx_word' id='word_1_86' title='bbox 1009 864 1105 896; x_wconf 87' lang='lat' dir='ltr'><strong>Haec</strong></span> <span class='ocrx_word' id='word_1_87' title='bbox 1123 863 1275 897; x_wconf 85' lang='lat' dir='ltr'>Iahnius.</span> <span class='ocrx_word' id='word_1_88' title='bbox 1324 864 1475 897; x_wconf 84' lang='lat' dir='ltr'><strong>Videtur</strong></span> <span class='ocrx_word' id='word_1_89' title='bbox 1499 875 1604 897; x_wconf 75' lang='lat' dir='ltr'><strong>sonus</strong></span> 
     </span>
     <span class='ocr_line' id='line_1_11' title="bbox 87 906 1605 954; baseline 0.001 -14"><span class='ocrx_word' id='word_1_90' title='bbox 87 913 144 940; x_wconf 86' lang='lat' dir='ltr'><strong>ter</strong></span> <span class='ocrx_word' id='word_1_91' title='bbox 168 906 365 951; x_wconf 80' lang='lat' dir='ltr'><strong>praegressi</strong></span> <span class='ocrx_word' id='word_1_92' title='bbox 395 908 536 952; x_wconf 76' lang='lat' dir='ltr'><strong>Quique</strong></span> <span class='ocrx_word' id='word_1_93' title='bbox 573 907 796 941; x_wconf 83' lang='lat' dir='ltr'><strong>librariorum</strong></span> <span class='ocrx_word' id='word_1_94' title='bbox 827 910 968 942; x_wconf 87' lang='lat' dir='ltr'><strong>auribus</strong></span> <span class='ocrx_word' id='word_1_95' title='bbox 1003 910 1208 944; x_wconf 80' lang='lat' dir='ltr'><strong>obversatus</strong></span> <span class='ocrx_word' id='word_1_96' title='bbox 1243 911 1517 954; x_wconf 79' lang='lat' dir='ltr'><strong>corrumpendae</strong></span> <span class='ocrx_word' id='word_1_97' title='bbox 1548 911 1605 942; x_wconf 79' lang='lat' dir='ltr'><strong>le·-</strong></span> 
     </span>
    </p>
   </div>
   <div class='ocr_carea' id='block_1_4' title="bbox 88 953 1112 998">
    <p class='ocr_par' dir='ltr' id='par_1_4' title="bbox 88 953 1112 998">
     <span class='ocr_line' id='line_1_12' title="bbox 88 953 1112 998; baseline 0.005 -13"><span class='ocrx_word' id='word_1_98' title='bbox 88 953 196 986; x_wconf 89' lang='lat' dir='ltr'><strong>ctioni</strong></span> <span class='ocrx_word' id='word_1_99' title='bbox 219 953 333 985; x_wconf 86' lang='lat' dir='ltr'><strong>locum</strong></span> <span class='ocrx_word' id='word_1_100' title='bbox 353 953 500 994; x_wconf 81' lang='lat' dir='ltr'><strong>fecisse3</strong></span> <span class='ocrx_word' id='word_1_101' title='bbox 527 960 564 986; x_wconf 88' lang='lat' dir='ltr'><strong>ut</strong></span> <span class='ocrx_word' id='word_1_102' title='bbox 594 966 699 998; x_wconf 86' lang='lat' dir='ltr'><strong>saepe</strong></span> <span class='ocrx_word' id='word_1_103' title='bbox 729 955 814 987; x_wconf 82' lang='lat' dir='ltr'><strong>alibi</strong></span> <span class='ocrx_word' id='word_1_104' title='bbox 840 956 1112 990; x_wconf 75' lang='lat' dir='ltr'><strong>observavimus.</strong></span> 
     </span>
    </p>
   </div>
   <div class='ocr_carea' id='block_1_5' title="bbox 1161 958 1604 1001">
    <p class='ocr_par' dir='ltr' id='par_1_5' title="bbox 1161 958 1604 1001">
     <span class='ocr_line' id='line_1_13' title="bbox 1161 958 1604 1001; baseline -0.005 -11"><span class='ocrx_word' id='word_1_105' title='bbox 1161 958 1275 999; x_wconf 76' lang='lat' dir='ltr'><strong>alios,</strong></span> <span class='ocrx_word' id='word_1_106' title='bbox 1309 964 1451 1001; x_wconf 82' lang='lat' dir='ltr'><strong>praeter</strong></span> <span class='ocrx_word' id='word_1_107' title='bbox 1481 958 1604 989; x_wconf 85' lang='lat' dir='ltr'><strong>Dona-</strong></span> 
     </span>
    </p>
   </div>
   <div class='ocr_carea' id='block_1_6' title="bbox 87 999 1605 1046">
    <p class='ocr_par' dir='ltr' id='par_1_6' title="bbox 87 999 1605 1046">
     <span class='ocr_line' id='line_1_14' title="bbox 87 999 1605 1046; baseline 0.003 -14"><span class='ocrx_word' id='word_1_108' title='bbox 87 1006 172 1040; x_wconf 80' lang='lat' dir='ltr'><strong>tum,</strong></span> <span class='ocrx_word' id='word_1_109' title='bbox 200 999 306 1032; x_wconf 80' lang='lat' dir='ltr'><strong>etiam</strong></span> <span class='ocrx_word' id='word_1_110' title='bbox 326 999 451 1041; x_wconf 58' lang='lat' dir='ltr'><strong>Palae,</strong></span> <span class='ocrx_word' id='word_1_111' title='bbox 475 1007 548 1033; x_wconf 85' lang='lat' dir='ltr'><strong>tum</strong></span> <span class='ocrx_word' id='word_1_112' title='bbox 567 1013 608 1033; x_wconf 79' lang='lat' dir='ltr'><strong>ex</strong></span> <span class='ocrx_word' id='word_1_113' title='bbox 624 1001 843 1045; x_wconf 85' lang='lat' dir='ltr'><strong>Heinsianis,</strong></span> <span class='ocrx_word' id='word_1_114' title='bbox 885 1010 923 1036; x_wconf 92' lang='lat' dir='ltr'><strong>ut</strong></span> <span class='ocrx_word' id='word_1_115' title='bbox 948 1003 1108 1046; x_wconf 83' lang='lat' dir='ltr'><strong>videtur,</strong></span> <span class='ocrx_word' id='word_1_116' title='bbox 1146 1004 1377 1046; x_wconf 85' lang='lat' dir='ltr'><strong>Menteliani,</strong></span> <span class='ocrx_word' id='word_1_117' title='bbox 1415 1003 1605 1046; x_wconf 84' lang='lat' dir='ltr'><strong>Moretani,</strong></span> 
     </span>
    </p>
   </div>
   <div class='ocr_carea' id='block_1_7' title="bbox 88 1046 828 1093">
    <p class='ocr_par' dir='ltr' id='par_1_7' title="bbox 88 1046 828 1093">
     <span class='ocr_line' id='line_1_15' title="bbox 88 1046 828 1093; baseline 0.004 -14"><span class='ocrx_word' id='word_1_118' title='bbox 88 1046 169 1088; x_wconf 79' lang='lat' dir='ltr'><strong>alii3</strong></span> <span class='ocrx_word' id='word_1_119' title='bbox 192 1047 338 1092; x_wconf 78' lang='lat' dir='ltr'><strong>aliquos</strong></span> <span class='ocrx_word' id='word_1_120' title='bbox 364 1048 397 1083; x_wconf 89' lang='lat'><strong>6.</strong></span> <span class='ocrx_word' id='word_1_121' title='bbox 417 1049 471 1082; x_wconf 84' lang='lat'><strong>11.</strong></span> <span class='ocrx_word' id='word_1_122' title='bbox 493 1054 528 1081; x_wconf 88' lang='lat' dir='ltr'><strong>et</strong></span> <span class='ocrx_word' id='word_1_123' title='bbox 548 1048 700 1082; x_wconf 81' lang='lat' dir='ltr'><strong>Servius.</strong></span> <span class='ocrx_word' id='word_1_124' title='bbox 733 1050 828 1093; x_wconf 83' lang='lat' dir='ltr'><strong>Wr.)</strong></span> 
     </span>
    </p>
   </div>
   <div class='ocr_carea' id='block_1_8' title="bbox 87 1163 825 3006">
    <p class='ocr_par' dir='ltr' id='par_1_8' title="bbox 87 1163 825 3006">
     <span class='ocr_line' id='line_1_16' title="bbox 89 1163 817 1215; baseline 0.005 -14"><span class='ocrx_word' id='word_1_125' title='bbox 89 1163 184 1201; x_wconf 88' lang='lat' dir='ltr'><strong>Silio</strong></span> <span class='ocrx_word' id='word_1_126' title='bbox 201 1163 306 1209; x_wconf 75' lang='lat' dir='ltr'><strong>XIII,</strong></span> <span class='ocrx_word' id='word_1_127' title='bbox 339 1165 420 1206; x_wconf 79' lang='lat'><strong>533</strong></span> <span class='ocrx_word' id='word_1_128' title='bbox 452 1178 534 1215; x_wconf 85' lang='lat' dir='ltr'><strong>sqq.</strong></span> <span class='ocrx_word' id='word_1_129' title='bbox 569 1172 609 1204; x_wconf 85' lang='lat' dir='ltr'><strong>et</strong></span> <span class='ocrx_word' id='word_1_130' title='bbox 637 1180 659 1203; x_wconf 86' lang='lat' dir='ltr'><strong>a</strong></span> <span class='ocrx_word' id='word_1_131' title='bbox 687 1167 817 1205; x_wconf 75' lang='lat' dir='ltr'><strong>valer.</strong></span> 
     </span>
     <span class='ocr_line' id='line_1_17' title="bbox 87 1222 820 1272; baseline 0.004 -13"><span class='ocrx_word' id='word_1_132' title='bbox 87 1222 146 1259; x_wconf 75' lang='lat' dir='ltr'><strong>Fl.</strong></span> <span class='ocrx_word' id='word_1_133' title='bbox 165 1222 193 1271; x_wconf 90' lang='grc' dir='ltr'><strong>Ι,</strong></span> <span class='ocrx_word' id='word_1_134' title='bbox 217 1224 299 1263; x_wconf 80' lang='lat'><strong>839</strong></span> <span class='ocrx_word' id='word_1_135' title='bbox 317 1236 373 1272; x_wconf 87' lang='lat' dir='ltr'><strong>sq.</strong></span> <span class='ocrx_word' id='word_1_136' title='bbox 411 1223 660 1262; x_wconf 81' lang='lat' dir='ltr'><strong>Referendus</strong></span> <span class='ocrx_word' id='word_1_137' title='bbox 685 1232 820 1263; x_wconf 82' lang='lat' dir='ltr'><strong>autem</strong></span> 
     </span>
     <span class='ocr_line' id='line_1_18' title="bbox 90 1280 819 1333; baseline 0.005 -17"><span class='ocrx_word' id='word_1_138' title='bbox 90 1285 147 1317; x_wconf 89' lang='lat' dir='ltr'><strong>est</strong></span> <span class='ocrx_word' id='word_1_139' title='bbox 163 1280 318 1317; x_wconf 84' lang='lat' dir='ltr'><strong>animus</strong></span> <span class='ocrx_word' id='word_1_140' title='bbox 338 1280 379 1317; x_wconf 87' lang='lat' dir='ltr'><strong>in</strong></span> <span class='ocrx_word' id='word_1_141' title='bbox 397 1286 576 1332; x_wconf 85' lang='lat' dir='ltr'><strong>tempora</strong></span> <span class='ocrx_word' id='word_1_142' title='bbox 590 1283 819 1333; x_wconf 76' lang='lat' dir='ltr'><strong>antiquiora</strong></span> 
     </span>
     <span class='ocr_line' id='line_1_19' title="bbox 88 1336 816 1390; baseline 0.003 -15"><span class='ocrx_word' id='word_1_143' title='bbox 88 1336 263 1386; x_wconf 83' lang='lat' dir='ltr'><strong>heroica,</strong></span> <span class='ocrx_word' id='word_1_144' title='bbox 276 1337 318 1375; x_wconf 89' lang='lat' dir='ltr'><strong>in</strong></span> <span class='ocrx_word' id='word_1_145' title='bbox 340 1339 484 1388; x_wconf 89' lang='lat' dir='ltr'><strong>quibus</strong></span> <span class='ocrx_word' id='word_1_146' title='bbox 502 1352 574 1390; x_wconf 89' lang='lat' dir='ltr'><strong>per</strong></span> <span class='ocrx_word' id='word_1_147' title='bbox 599 1349 711 1378; x_wconf 60' lang='lat' dir='ltr'><strong>rates</strong></span> <span class='ocrx_word' id='word_1_148' title='bbox 732 1353 816 1378; x_wconf 86' lang='lat' dir='ltr'><strong>me-</strong></span> 
     </span>
     <span class='ocr_line' id='line_1_20' title="bbox 89 1396 819 1449; baseline 0.001 -15"><span class='ocrx_word' id='word_1_149' title='bbox 89 1396 167 1434; x_wconf 88' lang='lat' dir='ltr'><strong>lior</strong></span> <span class='ocrx_word' id='word_1_150' title='bbox 196 1397 280 1434; x_wconf 81' lang='lat' dir='ltr'><strong>vita</strong></span> <span class='ocrx_word' id='word_1_151' title='bbox 299 1396 518 1434; x_wconf 83' lang='lat' dir='ltr'><strong>constituta</strong></span> <span class='ocrx_word' id='word_1_152' title='bbox 543 1404 602 1435; x_wconf 86' lang='lat' dir='ltr'><strong>est</strong></span> <span class='ocrx_word' id='word_1_153' title='bbox 621 1399 819 1449; x_wconf 82' lang='lat' dir='ltr'><strong>responsis</strong></span> 
     </span>
     <span class='ocr_line' id='line_1_21' title="bbox 90 1453 819 1502; baseline 0.005 -12"><span class='ocrx_word' id='word_1_154' title='bbox 90 1467 137 1491; x_wconf 81' lang='lat' dir='ltr'><strong>ac</strong></span> <span class='ocrx_word' id='word_1_155' title='bbox 157 1453 324 1491; x_wconf 87' lang='lat' dir='ltr'><strong>deorum</strong></span> <span class='ocrx_word' id='word_1_156' title='bbox 353 1454 527 1502; x_wconf 81' lang='lat' dir='ltr'><strong>monitis,</strong></span> <span class='ocrx_word' id='word_1_157' title='bbox 556 1455 701 1493; x_wconf 85' lang='lat' dir='ltr'><strong>ritibus</strong></span> <span class='ocrx_word' id='word_1_158' title='bbox 723 1456 819 1494; x_wconf 79' lang='lat' dir='ltr'><strong>reli-</strong></span> 
     </span>
     <span class='ocr_line' id='line_1_22' title="bbox 89 1511 820 1563; baseline 0.005 -15"><span class='ocrx_word' id='word_1_159' title='bbox 89 1511 216 1562; x_wconf 81' lang='lat' dir='ltr'><strong>giosis,</strong></span> <span class='ocrx_word' id='word_1_160' title='bbox 228 1511 379 1562; x_wconf 75' lang='lat' dir='ltr'><strong>legibus</strong></span> <span class='ocrx_word' id='word_1_161' title='bbox 390 1512 664 1563; x_wconf 79' lang='lat' dir='ltr'><strong>institutisque</strong></span> <span class='ocrx_word' id='word_1_162' title='bbox 677 1519 717 1550; x_wconf 87' lang='lat' dir='ltr'><strong>et</strong></span> <span class='ocrx_word' id='word_1_163' title='bbox 730 1528 820 1552; x_wconf 90' lang='lat' dir='ltr'><strong>mo-</strong></span> 
     </span>
     <span class='ocr_line' id='line_1_23' title="bbox 89 1570 821 1620; baseline 0.003 -13"><span class='ocrx_word' id='word_1_164' title='bbox 89 1583 182 1607; x_wconf 80' lang='lat' dir='ltr'><strong>rum</strong></span> <span class='ocrx_word' id='word_1_165' title='bbox 204 1570 439 1620; x_wconf 81' lang='lat' dir='ltr'><strong>praeceptis.</strong></span> <span class='ocrx_word' id='word_1_166' title='bbox 469 1570 578 1608; x_wconf 73' lang='lat' dir='ltr'><strong>Nihil</strong></span> <span class='ocrx_word' id='word_1_167' title='bbox 594 1572 671 1608; x_wconf 86' lang='lat' dir='ltr'><strong>ista</strong></span> <span class='ocrx_word' id='word_1_168' title='bbox 692 1578 821 1609; x_wconf 81' lang='lat' dir='ltr'><strong>aetate</strong></span> 
     </span>
     <span class='ocr_line' id='line_1_24' title="bbox 90 1629 821 1678; baseline 0.004 -15"><span class='ocrx_word' id='word_1_169' title='bbox 90 1633 224 1664; x_wconf 83' lang='lat' dir='ltr'><strong>actum</strong></span> <span class='ocrx_word' id='word_1_170' title='bbox 243 1634 447 1678; x_wconf 80' lang='lat' dir='ltr'><strong>gestumve</strong></span> <span class='ocrx_word' id='word_1_171' title='bbox 477 1634 547 1677; x_wconf 89' lang='lat' dir='ltr'><strong>est,</strong></span> <span class='ocrx_word' id='word_1_172' title='bbox 567 1629 641 1666; x_wconf 88' lang='lat' dir='ltr'><strong>nisi</strong></span> <span class='ocrx_word' id='word_1_173' title='bbox 661 1629 708 1666; x_wconf 91' lang='lat' dir='ltr'><strong>ab</strong></span> <span class='ocrx_word' id='word_1_174' title='bbox 731 1630 821 1666; x_wconf 85' lang='lat' dir='ltr'><strong>ani-</strong></span> 
     </span>
     <span class='ocr_line' id='line_1_25' title="bbox 90 1684 822 1725; baseline 0.005 -4"><span class='ocrx_word' id='word_1_175' title='bbox 90 1685 164 1722; x_wconf 86' lang='lat' dir='ltr'><strong>mis</strong></span> <span class='ocrx_word' id='word_1_176' title='bbox 185 1684 323 1722; x_wconf 78' lang='lat' dir='ltr'><strong>divino‘</strong></span> <span class='ocrx_word' id='word_1_177' title='bbox 345 1686 508 1723; x_wconf 83' lang='lat' dir='ltr'><strong>numine</strong></span> <span class='ocrx_word' id='word_1_178' title='bbox 531 1687 688 1725; x_wconf 81' lang='lat' dir='ltr'><strong>afflatis,</strong></span> <span class='ocrx_word' id='word_1_179' title='bbox 719 1687 822 1724; x_wconf 82' lang='lat' dir='ltr'><strong>Vere</strong></span> 
     </span>
     <span class='ocr_line' id='line_1_26' title="bbox 90 1743 822 1795; baseline 0.003 -15"><span class='ocrx_word' id='word_1_180' title='bbox 90 1748 177 1780; x_wconf 79' lang='lat' dir='ltr'><strong>tum</strong></span> <span class='ocrx_word' id='word_1_181' title='bbox 207 1743 374 1780; x_wconf 84' lang='lat' dir='ltr'><strong>diceres:</strong></span> <span class='ocrx_word' id='word_1_182' title='bbox 432 1743 589 1782; x_wconf 80' lang='lat' dir='ltr'><strong>nullum</strong></span> <span class='ocrx_word' id='word_1_183' title='bbox 633 1758 822 1795; x_wconf 82' lang='lat' dir='ltr'><strong>magnum</strong></span> 
     </span>
     <span class='ocr_line' id='line_1_27' title="bbox 90 1801 823 1840; baseline 0.003 -2"><span class='ocrx_word' id='word_1_184' title='bbox 90 1801 226 1839; x_wconf 84' lang='lat' dir='ltr'><strong>virum</strong></span> <span class='ocrx_word' id='word_1_185' title='bbox 267 1808 410 1838; x_wconf 84' lang='lat' dir='ltr'><strong>natum</strong></span> <span class='ocrx_word' id='word_1_186' title='bbox 443 1814 524 1838; x_wconf 87' lang='lat' dir='ltr'><strong>esse</strong></span> <span class='ocrx_word' id='word_1_187' title='bbox 557 1803 640 1839; x_wconf 85' lang='lat' dir='ltr'><strong>sine</strong></span> <span class='ocrx_word' id='word_1_188' title='bbox 683 1803 823 1840; x_wconf 75' lang='lat' dir='ltr'><strong>afflatu</strong></span> 
     </span>
     <span class='ocr_line' id='line_1_28' title="bbox 94 1858 823 1910; baseline 0.004 -15"><span class='ocrx_word' id='word_1_189' title='bbox 94 1858 245 1896; x_wconf 85' lang='lat' dir='ltr'><strong>divino.</strong></span> <span class='ocrx_word' id='word_1_190' title='bbox 312 1858 393 1896; x_wconf 78' lang='lat' dir='ltr'><strong>Nee</strong></span> <span class='ocrx_word' id='word_1_191' title='bbox 432 1872 550 1908; x_wconf 82' lang='lat' dir='ltr'><strong>vero,</strong></span> <span class='ocrx_word' id='word_1_192' title='bbox 601 1873 722 1910; x_wconf 86' lang='lat' dir='ltr'><strong>quam</strong></span> <span class='ocrx_word' id='word_1_193' title='bbox 752 1860 823 1898; x_wconf 85' lang='lat' dir='ltr'><strong>diu</strong></span> 
     </span>
     <span class='ocr_line' id='line_1_29' title="bbox 92 1915 821 1968; baseline 0.004 -16"><span class='ocrx_word' id='word_1_194' title='bbox 92 1915 209 1968; x_wconf 85' lang='lat' dir='ltr'><strong>probi</strong></span> <span class='ocrx_word' id='word_1_195' title='bbox 250 1922 289 1952; x_wconf 90' lang='lat' dir='ltr'><strong>et</strong></span> <span class='ocrx_word' id='word_1_196' title='bbox 327 1916 547 1967; x_wconf 83' lang='lat' dir='ltr'><strong>prudentes</strong></span> <span class='ocrx_word' id='word_1_197' title='bbox 584 1918 662 1956; x_wconf 80' lang='lat' dir='ltr'><strong>viri</strong></span> <span class='ocrx_word' id='word_1_198' title='bbox 694 1925 821 1967; x_wconf 82' lang='lat' dir='ltr'><strong>erant,</strong></span> 
     </span>
     <span class='ocr_line' id='line_1_30' title="bbox 93 1973 824 2024; baseline 0.004 -14"><span class='ocrx_word' id='word_1_199' title='bbox 93 1974 160 2024; x_wconf 85' lang='lat' dir='ltr'><strong>qui</strong></span> <span class='ocrx_word' id='word_1_200' title='bbox 201 1973 275 2011; x_wconf 85' lang='lat' dir='ltr'><strong>deo</strong></span> <span class='ocrx_word' id='word_1_201' title='bbox 315 1974 554 2012; x_wconf 80' lang='lat' dir='ltr'><strong>incalescere</strong></span> <span class='ocrx_word' id='word_1_202' title='bbox 602 1975 824 2013; x_wconf 84' lang='lat' dir='ltr'><strong>credeban-</strong></span> 
     </span>
     <span class='ocr_line' id='line_1_31' title="bbox 92 2030 822 2084; baseline 0.001 -16"><span class='ocrx_word' id='word_1_203' title='bbox 92 2039 184 2080; x_wconf 85' lang='lat' dir='ltr'><strong>tur,</strong></span> <span class='ocrx_word' id='word_1_204' title='bbox 215 2030 402 2069; x_wconf 85' lang='lat' dir='ltr'><strong>habueris</strong></span> <span class='ocrx_word' id='word_1_205' title='bbox 423 2061 433 2081; x_wconf 89' lang='lat'><strong>,</strong></span> <span class='ocrx_word' id='word_1_206' title='bbox 465 2032 575 2082; x_wconf 89' lang='lat' dir='ltr'><strong>quod</strong></span> <span class='ocrx_word' id='word_1_207' title='bbox 595 2033 704 2083; x_wconf 75' lang='lat' dir='ltr'><strong>vulgi</strong></span> <span class='ocrx_word' id='word_1_208' title='bbox 731 2034 822 2084; x_wconf 87' lang='lat' dir='ltr'><strong>opi—</strong></span> 
     </span>
     <span class='ocr_line' id='line_1_32' title="bbox 94 2089 823 2128; baseline 0.001 -2"><span class='ocrx_word' id='word_1_209' title='bbox 94 2090 254 2126; x_wconf 87' lang='lat' dir='ltr'><strong>nionem</strong></span> <span class='ocrx_word' id='word_1_210' title='bbox 278 2089 451 2128; x_wconf 85' lang='lat' dir='ltr'><strong>damnes.</strong></span> <span class='ocrx_word' id='word_1_211' title='bbox 492 2091 723 2126; x_wconf 64' lang='lat' dir='ltr'><strong>Sacerdotes</strong></span> <span class='ocrx_word' id='word_1_212' title='bbox 749 2105 823 2127; x_wconf 83' lang='lat' dir='ltr'><strong>ca-</strong></span> 
     </span>
     <span class='ocr_line' id='line_1_33' title="bbox 93 2147 825 2198; baseline -0.001 -14"><span class='ocrx_word' id='word_1_213' title='bbox 93 2148 167 2196; x_wconf 66' lang='lat' dir='ltr'><strong>sti,</strong></span> <span class='ocrx_word' id='word_1_214' title='bbox 212 2147 281 2197; x_wconf 78' lang='lat' dir='ltr'><strong>qui</strong></span> <span class='ocrx_word' id='word_1_215' title='bbox 312 2161 424 2185; x_wconf 86' lang='lat' dir='ltr'><strong>sacra</strong></span> <span class='ocrx_word' id='word_1_216' title='bbox 462 2153 589 2195; x_wconf 84' lang='lat' dir='ltr'><strong>caste,</strong></span> <span class='ocrx_word' id='word_1_217' title='bbox 640 2160 742 2198; x_wconf 88' lang='lat' dir='ltr'><strong>pure</strong></span> <span class='ocrx_word' id='word_1_218' title='bbox 779 2161 825 2184; x_wconf 86' lang='lat' dir='ltr'><strong>ae</strong></span> 
     </span>
     <span class='ocr_line' id='line_1_34' title="bbox 94 2204 824 2255; baseline 0.001 -15"><span class='ocrx_word' id='word_1_219' title='bbox 94 2204 179 2255; x_wconf 86' lang='lat' dir='ltr'><strong>pie,</strong></span> <span class='ocrx_word' id='word_1_220' title='bbox 214 2211 410 2243; x_wconf 83' lang='lat' dir='ltr'><strong>curarunt</strong></span> <span class='ocrx_word' id='word_1_221' title='bbox 426 2204 522 2242; x_wconf 79' lang='lat' dir='ltr'><strong>dun]</strong></span> <span class='ocrx_word' id='word_1_222' title='bbox 541 2204 734 2242; x_wconf 78' lang='lat' dir='ltr'><strong>viverent.</strong></span> <span class='ocrx_word' id='word_1_223' title='bbox 766 2205 824 2242; x_wconf 82' lang='lat' dir='ltr'><strong>[ta</strong></span> 
     </span>
     <span class='ocr_line' id='line_1_35' title="bbox 94 2261 824 2313; baseline 0 -14"><span class='ocrx_word' id='word_1_224' title='bbox 94 2261 194 2299; x_wconf 88' lang='lat' dir='ltr'><strong>nihil</strong></span> <span class='ocrx_word' id='word_1_225' title='bbox 214 2269 272 2300; x_wconf 85' lang='lat' dir='ltr'><strong>est</strong></span> <span class='ocrx_word' id='word_1_226' title='bbox 286 2263 394 2313; x_wconf 83' lang='lat' dir='ltr'><strong>quod</strong></span> <span class='ocrx_word' id='word_1_227' title='bbox 413 2262 696 2313; x_wconf 80' lang='lat' dir='ltr'><strong>reprehendas.</strong></span> <span class='ocrx_word' id='word_1_228' title='bbox 727 2262 824 2299; x_wconf 80' lang='lat' dir='ltr'><strong>Mox</strong></span> 
     </span>
     <span class='ocr_line' id='line_1_36' title="bbox 94 2321 822 2372; baseline -0.001 -14"><span class='ocrx_word' id='word_1_229' title='bbox 94 2329 205 2358; x_wconf 63' lang='lat' dir='ltr'><strong>vale-s</strong></span> <span class='ocrx_word' id='word_1_230' title='bbox 226 2321 357 2358; x_wconf 87' lang='lat' dir='ltr'><strong>sintne</strong></span> <span class='ocrx_word' id='word_1_231' title='bbox 377 2327 517 2372; x_wconf 84' lang='lat' dir='ltr'><strong>poetae</strong></span> <span class='ocrx_word' id='word_1_232' title='bbox 540 2333 590 2357; x_wconf 84' lang='lat' dir='ltr'><strong>an</strong></span> <span class='ocrx_word' id='word_1_233' title='bbox 610 2321 822 2357; x_wconf 80' lang='lat' dir='ltr'><strong>coniecto-</strong></span> 
     </span>
     <span class='ocr_line' id='line_1_37' title="bbox 94 2377 823 2430; baseline -0.001 -15"><span class='ocrx_word' id='word_1_234' title='bbox 94 2390 180 2425; x_wconf 82' lang='lat' dir='ltr'><strong>reS,</strong></span> <span class='ocrx_word' id='word_1_235' title='bbox 214 2378 389 2415; x_wconf 83' lang='lat' dir='ltr'><strong>dubitari</strong></span> <span class='ocrx_word' id='word_1_236' title='bbox 420 2383 564 2430; x_wconf 88' lang='lat' dir='ltr'><strong>potest.</strong></span> <span class='ocrx_word' id='word_1_237' title='bbox 605 2378 681 2414; x_wconf 88' lang='lat' dir='ltr'><strong>Sed</strong></span> <span class='ocrx_word' id='word_1_238' title='bbox 704 2377 823 2414; x_wconf 85' lang='lat' dir='ltr'><strong>Silius</strong></span> 
     </span>
     <span class='ocr_line' id='line_1_38' title="bbox 100 2435 814 2486; baseline 0 -15"><span class='ocrx_word' id='word_1_239' title='bbox 100 2435 197 2473; x_wconf 84' lang='lat' dir='ltr'><strong>ibid.</strong></span> <span class='ocrx_word' id='word_1_240' title='bbox 235 2449 273 2473; x_wconf 84' lang='lat' dir='ltr'><strong>v.</strong></span> <span class='ocrx_word' id='word_1_241' title='bbox 315 2436 397 2476; x_wconf 81' lang='lat'><strong>538</strong></span> <span class='ocrx_word' id='word_1_242' title='bbox 434 2437 671 2486; x_wconf 74' lang='lat' dir='ltr'><strong>qui—nec</strong></span> <span class='ocrx_word' id='word_1_243' title='bbox 710 2435 814 2471; x_wconf 69' lang='lat' dir='ltr'><strong>decli-</strong></span> 
     </span>
     <span class='ocr_line' id='line_1_39' title="bbox 94 2493 822 2543; baseline 0 -14"><span class='ocrx_word' id='word_1_244' title='bbox 94 2493 266 2543; x_wconf 77' lang='lat' dir='ltr'><strong>gncmda</strong></span> <span class='ocrx_word' id='word_1_245' title='bbox 291 2495 452 2542; x_wconf 73' lang='lat' dir='ltr'><strong>pctrenli</strong></span> <span class='ocrx_word' id='word_1_246' title='bbox 482 2493 672 2529; x_wconf 76' lang='lat' dir='ltr'><strong>Carmina</strong></span> <span class='ocrx_word' id='word_1_247' title='bbox 689 2493 822 2542; x_wconf 69' lang='lat' dir='ltr'><strong>jiule-</strong></span> 
     </span>
     <span class='ocr_line' id='line_1_40' title="bbox 97 2549 823 2599; baseline -0.001 -12"><span class='ocrx_word' id='word_1_248' title='bbox 97 2558 187 2587; x_wconf 73' lang='lat' dir='ltr'><strong>rzmt</strong></span> <span class='ocrx_word' id='word_1_249' title='bbox 225 2549 416 2597; x_wconf 71' lang='lat' dir='ltr'><strong>Plloebo;</strong></span> <span class='ocrx_word' id='word_1_250' title='bbox 472 2551 602 2599; x_wconf 83' lang='lat' dir='ltr'><strong>itaque</strong></span> <span class='ocrx_word' id='word_1_251' title='bbox 635 2557 674 2586; x_wconf 90' lang='lat' dir='ltr'><strong>et</strong></span> <span class='ocrx_word' id='word_1_252' title='bbox 702 2550 733 2586; x_wconf 89' lang='lat' dir='ltr'><strong>is</strong></span> <span class='ocrx_word' id='word_1_253' title='bbox 775 2549 823 2586; x_wconf 87' lang='lat' dir='ltr'><strong>de</strong></span> 
     </span>
     <span class='ocr_line' id='line_1_41' title="bbox 98 2606 820 2659; baseline -0.001 -15"><span class='ocrx_word' id='word_1_254' title='bbox 98 2608 223 2659; x_wconf 83' lang='lat' dir='ltr'><strong>poetis</strong></span> <span class='ocrx_word' id='word_1_255' title='bbox 252 2609 417 2658; x_wconf 79' lang='lat' dir='ltr'><strong>accepit.</strong></span> <span class='ocrx_word' id='word_1_256' title='bbox 471 2610 536 2657; x_wconf 67' lang='lat' dir='ltr'><strong>sni</strong></span> <span class='ocrx_word' id='word_1_257' title='bbox 563 2607 604 2644; x_wconf 85' lang='lat' dir='ltr'><strong>in</strong></span> <span class='ocrx_word' id='word_1_258' title='bbox 637 2606 715 2644; x_wconf 85' lang='lat' dir='ltr'><strong>hoc</strong></span> <span class='ocrx_word' id='word_1_259' title='bbox 735 2606 820 2658; x_wconf 80' lang='lat' dir='ltr'><strong>ipso</strong></span> 
     </span>
     <span class='ocr_line' id='line_1_42' title="bbox 99 2665 823 2715; baseline 0.001 -14"><span class='ocrx_word' id='word_1_260' title='bbox 99 2666 208 2715; x_wconf 85' lang='lat' dir='ltr'><strong>quod</strong></span> <span class='ocrx_word' id='word_1_261' title='bbox 230 2665 396 2703; x_wconf 70' lang='lat' dir='ltr'><strong>Phoebo</strong></span> <span class='ocrx_word' id='word_1_262' title='bbox 428 2666 556 2715; x_wconf 73' lang='lat' dir='ltr'><strong>digna</strong></span> <span class='ocrx_word' id='word_1_263' title='bbox 586 2665 823 2715; x_wconf 83' lang='lat' dir='ltr'><strong>loquuntur,</strong></span> 
     </span>
     <span class='ocr_line' id='line_1_43' title="bbox 98 2722 818 2774; baseline -0.001 -14"><span class='ocrx_word' id='word_1_264' title='bbox 98 2723 153 2760; x_wconf 86' lang='lat' dir='ltr'><strong>ita</strong></span> <span class='ocrx_word' id='word_1_265' title='bbox 178 2729 224 2760; x_wconf 86' lang='lat' dir='ltr'><strong>ut</strong></span> <span class='ocrx_word' id='word_1_266' title='bbox 244 2736 338 2761; x_wconf 81' lang='lat' dir='ltr'><strong>vere</strong></span> <span class='ocrx_word' id='word_1_267' title='bbox 359 2722 623 2774; x_wconf 85' lang='lat' dir='ltr'><strong>pronuntient</strong></span> <span class='ocrx_word' id='word_1_268' title='bbox 643 2735 682 2759; x_wconf 91' lang='lat' dir='ltr'><strong>se</strong></span> <span class='ocrx_word' id='word_1_269' title='bbox 705 2735 818 2760; x_wconf 86' lang='lat' dir='ltr'><strong>eane-</strong></span> 
     </span>
     <span class='ocr_line' id='line_1_44' title="bbox 98 2780 822 2831; baseline -0.001 -14"><span class='ocrx_word' id='word_1_270' title='bbox 98 2793 142 2817; x_wconf 88' lang='lat' dir='ltr'><strong>re</strong></span> <span class='ocrx_word' id='word_1_271' title='bbox 185 2780 246 2817; x_wconf 88' lang='lat' dir='ltr'><strong>dei</strong></span> <span class='ocrx_word' id='word_1_272' title='bbox 283 2782 425 2817; x_wconf 84' lang='lat' dir='ltr'><strong>afflatu</strong></span> <span class='ocrx_word' id='word_1_273' title='bbox 461 2780 671 2831; x_wconf 82' lang='lat' dir='ltr'><strong>impulsos,</strong></span> <span class='ocrx_word' id='word_1_274' title='bbox 726 2780 822 2818; x_wconf 81' lang='lat' dir='ltr'><strong>duni</strong></span> 
     </span>
     <span class='ocr_line' id='line_1_45' title="bbox 98 2838 822 2889; baseline 0 -14"><span class='ocrx_word' id='word_1_275' title='bbox 98 2838 292 2889; x_wconf 65' lang='lat' dir='ltr'><strong>grandia,</strong></span> <span class='ocrx_word' id='word_1_276' title='bbox 344 2838 553 2884; x_wconf 80' lang='lat' dir='ltr'><strong>sublimia,</strong></span> <span class='ocrx_word' id='word_1_277' title='bbox 606 2838 822 2889; x_wconf 77' lang='lat' dir='ltr'><strong>praeclara,</strong></span> 
     </span>
     <span class='ocr_line' id='line_1_46' title="bbox 100 2895 823 2948; baseline 0 -15"><span class='ocrx_word' id='word_1_278' title='bbox 100 2902 263 2934; x_wconf 68' lang='lat' dir='ltr'><strong>canunt.</strong></span> <span class='ocrx_word' id='word_1_279' title='bbox 305 2895 427 2948; x_wconf 82' lang='lat' dir='ltr'><strong>(idem</strong></span> <span class='ocrx_word' id='word_1_280' title='bbox 455 2896 575 2933; x_wconf 68' lang='lat' dir='ltr'><strong>Silius</strong></span> <span class='ocrx_word' id='word_1_281' title='bbox 595 2896 702 2943; x_wconf 79' lang='lat' dir='ltr'><strong>XN,</strong></span> <span class='ocrx_word' id='word_1_282' title='bbox 735 2899 823 2937; x_wconf 55' lang='lat'><strong>28:</strong></span> 
     </span>
     <span class='ocr_line' id='line_1_47' title="bbox 99 2953 825 3006; baseline -0.003 -14"><span class='ocrx_word' id='word_1_283' title='bbox 99 2954 285 3003; x_wconf 80' lang='lat' dir='ltr'><strong>„Phoebo</strong></span> <span class='ocrx_word' id='word_1_284' title='bbox 311 2954 425 3006; x_wconf 79' lang='lat' dir='ltr'><strong>digna</strong></span> <span class='ocrx_word' id='word_1_285' title='bbox 452 2959 491 2991; x_wconf 87' lang='lat' dir='ltr'><strong>et</strong></span> <span class='ocrx_word' id='word_1_286' title='bbox 516 2953 636 2991; x_wconf 87' lang='lat' dir='ltr'><strong>Musis</strong></span> <span class='ocrx_word' id='word_1_287' title='bbox 655 2966 825 2992; x_wconf 82' lang='lat' dir='ltr'><strong>venera-</strong></span> 
     </span>
    </p>
   </div>
   <div class='ocr_carea' id='block_1_9' title="bbox 925 1051 1349 1086">
    <p class='ocr_par' dir='ltr' id='par_1_9' title="bbox 925 1051 1349 1086">
     <span class='ocr_line' id='line_1_48' title="bbox 925 1051 1349 1086; baseline -0.002 0"><span class='ocrx_word' id='word_1_288' title='bbox 925 1051 993 1086; x_wconf 82' lang='lat'><strong>665</strong></span> <span class='ocrx_word' id='word_1_289' title='bbox 1017 1051 1075 1084; x_wconf 78' lang='lat' dir='ltr'><strong>lzis</strong></span> <span class='ocrx_word' id='word_1_290' title='bbox 1100 1063 1176 1084; x_wconf 82' lang='grc' dir='ltr'><strong>αηα,</strong></span> <span class='ocrx_word' id='word_1_291' title='bbox 1199 1051 1349 1085; x_wconf 83' lang='lat' dir='ltr'><strong>Dorvill.</strong></span> 
     </span>
    </p>
   </div>
   <div class='ocr_carea' id='block_1_10' title="bbox 876 1168 1610 3001">
    <p class='ocr_par' dir='ltr' id='par_1_10' title="bbox 876 1168 1608 2367">
     <span class='ocr_line' id='line_1_49' title="bbox 877 1168 1602 1222; baseline -0.001 -16"><span class='ocrx_word' id='word_1_292' title='bbox 877 1169 970 1207; x_wconf 88' lang='lat' dir='ltr'><strong>bere</strong></span> <span class='ocrx_word' id='word_1_293' title='bbox 1007 1175 1148 1206; x_wconf 76' lang='lat' dir='ltr'><strong>vatum</strong></span> <span class='ocrx_word' id='word_1_294' title='bbox 1182 1169 1310 1206; x_wconf 76' lang='lat' dir='ltr'><strong>Ora.“</strong></span> <span class='ocrx_word' id='word_1_295' title='bbox 1354 1168 1472 1222; x_wconf 78' lang='lat' dir='ltr'><strong>lVr.)</strong></span> <span class='ocrx_word' id='word_1_296' title='bbox 1533 1169 1602 1206; x_wconf 79' lang='lat' dir='ltr'><strong>At:</strong></span> 
     </span>
     <span class='ocr_line' id='line_1_50' title="bbox 878 1226 1604 1278; baseline -0.001 -15"><span class='ocrx_word' id='word_1_297' title='bbox 878 1229 1025 1278; x_wconf 72' lang='lat' dir='ltr'><strong>quique</strong></span> <span class='ocrx_word' id='word_1_298' title='bbox 1047 1228 1110 1264; x_wconf 78' lang='lat' dir='ltr'><strong>sui</strong></span> <span class='ocrx_word' id='word_1_299' title='bbox 1137 1240 1326 1263; x_wconf 74' lang='lat' dir='ltr'><strong>memores</strong></span> <span class='ocrx_word' id='word_1_300' title='bbox 1353 1228 1455 1263; x_wconf 75' lang='lat' dir='ltr'><strong>alios</strong></span> <span class='ocrx_word' id='word_1_301' title='bbox 1465 1226 1604 1276; x_wconf 77' lang='lat' dir='ltr'><strong>secere</strong></span> 
     </span>
     <span class='ocr_line' id='line_1_51' title="bbox 877 1284 1604 1334; baseline 0 -14"><span class='ocrx_word' id='word_1_302' title='bbox 877 1284 1075 1333; x_wconf 70' lang='lat' dir='ltr'><strong>merendo,</strong></span> <span class='ocrx_word' id='word_1_303' title='bbox 1120 1285 1216 1332; x_wconf 83' lang='lat'><strong>664,</strong></span> <span class='ocrx_word' id='word_1_304' title='bbox 1248 1290 1408 1322; x_wconf 84' lang='lat' dir='ltr'><strong>ornate:</strong></span> <span class='ocrx_word' id='word_1_305' title='bbox 1439 1295 1604 1334; x_wconf 73' lang='lat' dir='ltr'><strong>magnae</strong></span> 
     </span>
     <span class='ocr_line' id='line_1_52' title="bbox 876 1341 1604 1391; baseline -0.001 -12"><span class='ocrx_word' id='word_1_306' title='bbox 876 1342 967 1379; x_wconf 84' lang='lat' dir='ltr'><strong>illae</strong></span> <span class='ocrx_word' id='word_1_307' title='bbox 1009 1347 1049 1379; x_wconf 80' lang='lat' dir='ltr'><strong>et</strong></span> <span class='ocrx_word' id='word_1_308' title='bbox 1085 1341 1243 1379; x_wconf 82' lang='lat' dir='ltr'><strong>divinae</strong></span> <span class='ocrx_word' id='word_1_309' title='bbox 1281 1342 1455 1389; x_wconf 85' lang='lat' dir='ltr'><strong>animae,</strong></span> <span class='ocrx_word' id='word_1_310' title='bbox 1504 1353 1604 1391; x_wconf 86' lang='lat' dir='ltr'><strong>quae</strong></span> 
     </span>
     <span class='ocr_line' id='line_1_53' title="bbox 878 1399 1604 1450; baseline 0 -14"><span class='ocrx_word' id='word_1_311' title='bbox 878 1400 978 1437; x_wconf 90' lang='lat' dir='ltr'><strong>bene</strong></span> <span class='ocrx_word' id='word_1_312' title='bbox 1000 1399 1047 1437; x_wconf 85' lang='lat' dir='ltr'><strong>de</strong></span> <span class='ocrx_word' id='word_1_313' title='bbox 1064 1412 1205 1450; x_wconf 80' lang='lat' dir='ltr'><strong>genere</strong></span> <span class='ocrx_word' id='word_1_314' title='bbox 1233 1399 1410 1437; x_wconf 85' lang='lat' dir='ltr'><strong>humano</strong></span> <span class='ocrx_word' id='word_1_315' title='bbox 1440 1399 1604 1436; x_wconf 80' lang='lat' dir='ltr'><strong>meritae</strong></span> 
     </span>
     <span class='ocr_line' id='line_1_54' title="bbox 878 1457 1603 1508; baseline -0.003 -14"><span class='ocrx_word' id='word_1_316' title='bbox 878 1463 997 1507; x_wconf 66' lang='lat' dir='ltr'><strong>sunt,</strong></span> <span class='ocrx_word' id='word_1_317' title='bbox 1038 1470 1152 1508; x_wconf 81' lang='lat' dir='ltr'><strong>saepe</strong></span> <span class='ocrx_word' id='word_1_318' title='bbox 1172 1458 1246 1506; x_wconf 90' lang='lat' dir='ltr'><strong>sic,</strong></span> <span class='ocrx_word' id='word_1_319' title='bbox 1278 1463 1325 1494; x_wconf 92' lang='lat' dir='ltr'><strong>ut</strong></span> <span class='ocrx_word' id='word_1_320' title='bbox 1344 1457 1491 1494; x_wconf 87' lang='lat' dir='ltr'><strong>nullan]</strong></span> <span class='ocrx_word' id='word_1_321' title='bbox 1510 1470 1603 1507; x_wconf 82' lang='lat' dir='ltr'><strong>gra—</strong></span> 
     </span>
     <span class='ocr_line' id='line_1_55' title="bbox 879 1514 1605 1563; baseline -0.001 -11"><span class='ocrx_word' id='word_1_322' title='bbox 879 1515 975 1553; x_wconf 83' lang='lat' dir='ltr'><strong>tiam</strong></span> <span class='ocrx_word' id='word_1_323' title='bbox 1008 1516 1235 1563; x_wconf 80' lang='lat' dir='ltr'><strong>auferrent,</strong></span> <span class='ocrx_word' id='word_1_324' title='bbox 1276 1515 1483 1552; x_wconf 85' lang='lat' dir='ltr'><strong>interdum</strong></span> <span class='ocrx_word' id='word_1_325' title='bbox 1505 1514 1605 1552; x_wconf 87' lang='lat' dir='ltr'><strong>odiis</strong></span> 
     </span>
     <span class='ocr_line' id='line_1_56' title="bbox 881 1573 1605 1624; baseline -0.003 -14"><span class='ocrx_word' id='word_1_326' title='bbox 881 1579 920 1610; x_wconf 87' lang='lat' dir='ltr'><strong>et</strong></span> <span class='ocrx_word' id='word_1_327' title='bbox 939 1573 1090 1611; x_wconf 81' lang='lat' dir='ltr'><strong>invidia</strong></span> <span class='ocrx_word' id='word_1_328' title='bbox 1122 1573 1298 1624; x_wconf 81' lang='lat' dir='ltr'><strong>oppressi</strong></span> <span class='ocrx_word' id='word_1_329' title='bbox 1329 1573 1456 1611; x_wconf 76' lang='lat' dir='ltr'><strong>vitam</strong></span> <span class='ocrx_word' id='word_1_330' title='bbox 1484 1574 1605 1609; x_wconf 85' lang='lat' dir='ltr'><strong>mise-</strong></span> 
     </span>
     <span class='ocr_line' id='line_1_57' title="bbox 879 1629 1604 1681; baseline -0.004 -12"><span class='ocrx_word' id='word_1_331' title='bbox 879 1644 966 1669; x_wconf 87' lang='lat' dir='ltr'><strong>ram</strong></span> <span class='ocrx_word' id='word_1_332' title='bbox 1008 1637 1180 1681; x_wconf 78' lang='lat' dir='ltr'><strong>agerent.</strong></span> <span class='ocrx_word' id='word_1_333' title='bbox 1239 1630 1444 1678; x_wconf 75' lang='lat' dir='ltr'><strong>merendo,</strong></span> <span class='ocrx_word' id='word_1_334' title='bbox 1486 1629 1604 1679; x_wconf 82' lang='lat' dir='ltr'><strong>idem,</strong></span> 
     </span>
     <span class='ocr_line' id='line_1_58' title="bbox 881 1687 1608 1739; baseline -0.003 -14"><span class='ocrx_word' id='word_1_335' title='bbox 881 1688 991 1739; x_wconf 84' lang='lat' dir='ltr'><strong>quod</strong></span> <span class='ocrx_word' id='word_1_336' title='bbox 1010 1689 1051 1726; x_wconf 87' lang='lat' dir='ltr'><strong>in</strong></span> <span class='ocrx_word' id='word_1_337' title='bbox 1071 1687 1227 1739; x_wconf 78' lang='lat' dir='ltr'><strong>vulgari</strong></span> <span class='ocrx_word' id='word_1_338' title='bbox 1245 1700 1438 1736; x_wconf 84' lang='lat' dir='ltr'><strong>sermone,</strong></span> <span class='ocrx_word' id='word_1_339' title='bbox 1470 1687 1608 1725; x_wconf 87' lang='lat' dir='ltr'><strong>deme-</strong></span> 
     </span>
     <span class='ocr_line' id='line_1_59' title="bbox 880 1745 1606 1797; baseline -0.003 -14"><span class='ocrx_word' id='word_1_340' title='bbox 880 1747 1028 1795; x_wconf 84' lang='lat' dir='ltr'><strong>rendo,</strong></span> <span class='ocrx_word' id='word_1_341' title='bbox 1067 1745 1360 1797; x_wconf 84' lang='lat' dir='ltr'><strong>promerendo,</strong></span> <span class='ocrx_word' id='word_1_342' title='bbox 1398 1745 1499 1782; x_wconf 90' lang='lat' dir='ltr'><strong>bene</strong></span> <span class='ocrx_word' id='word_1_343' title='bbox 1519 1758 1606 1782; x_wconf 80' lang='lat' dir='ltr'><strong>lne-</strong></span> 
     </span>
     <span class='ocr_line' id='line_1_60' title="bbox 880 1802 1608 1854; baseline -0.001 -14"><span class='ocrx_word' id='word_1_344' title='bbox 880 1803 1008 1842; x_wconf 86' lang='lat' dir='ltr'><strong>rendo</strong></span> <span class='ocrx_word' id='word_1_345' title='bbox 1030 1803 1078 1840; x_wconf 89' lang='lat' dir='ltr'><strong>de</strong></span> <span class='ocrx_word' id='word_1_346' title='bbox 1098 1803 1193 1841; x_wconf 82' lang='lat' dir='ltr'><strong>aliis.</strong></span> <span class='ocrx_word' id='word_1_347' title='bbox 1253 1803 1317 1839; x_wconf 91' lang='lat' dir='ltr'><strong>Sic</strong></span> <span class='ocrx_word' id='word_1_348' title='bbox 1340 1805 1486 1840; x_wconf 77' lang='lat' dir='ltr'><strong>Seneca</strong></span> <span class='ocrx_word' id='word_1_349' title='bbox 1505 1802 1608 1854; x_wconf 85' lang='lat' dir='ltr'><strong>Hip-</strong></span> 
     </span>
     <span class='ocr_line' id='line_1_61' title="bbox 881 1859 1606 1912; baseline 0.001 -14"><span class='ocrx_word' id='word_1_350' title='bbox 881 1861 1009 1912; x_wconf 67' lang='lat' dir='ltr'><strong>polyt.</strong></span> <span class='ocrx_word' id='word_1_351' title='bbox 1027 1863 1110 1903; x_wconf 79' lang='lat'><strong>632</strong></span> <span class='ocrx_word' id='word_1_352' title='bbox 1134 1870 1171 1898; x_wconf 81' lang='lat' dir='ltr'><strong>et</strong></span> <span class='ocrx_word' id='word_1_353' title='bbox 1193 1868 1228 1897; x_wconf 81' lang='lat' dir='ltr'><strong>le</strong></span> <span class='ocrx_word' id='word_1_354' title='bbox 1255 1859 1445 1908; x_wconf 70' lang='lat' dir='ltr'><strong>merebor,</strong></span> <span class='ocrx_word' id='word_1_355' title='bbox 1479 1861 1548 1897; x_wconf 90' lang='lat' dir='ltr'><strong>ubi</strong></span> <span class='ocrx_word' id='word_1_356' title='bbox 1568 1874 1606 1899; x_wconf 88' lang='lat' dir='ltr'><strong>v.</strong></span> 
     </span>
     <span class='ocr_line' id='line_1_62' title="bbox 883 1917 1608 1960; baseline -0.004 -4"><span class='ocrx_word' id='word_1_357' title='bbox 883 1920 1007 1957; x_wconf 90' lang='lat' dir='ltr'><strong>Gron.</strong></span> <span class='ocrx_word' id='word_1_358' title='bbox 1069 1919 1163 1960; x_wconf 86' lang='grc'><strong>665.</strong></span> <span class='ocrx_word' id='word_1_359' title='bbox 1202 1917 1395 1954; x_wconf 70' lang='lat' dir='ltr'><strong>Omnibus</strong></span> <span class='ocrx_word' id='word_1_360' title='bbox 1423 1918 1487 1955; x_wconf 74' lang='lat' dir='ltr'><strong>his·</strong></span> <span class='ocrx_word' id='word_1_361' title='bbox 1513 1920 1608 1954; x_wconf 83' lang='lat' dir='ltr'><strong>Ser-</strong></span> 
     </span>
     <span class='ocr_line' id='line_1_63' title="bbox 880 1974 1608 2026; baseline -0.004 -12"><span class='ocrx_word' id='word_1_362' title='bbox 880 1977 988 2015; x_wconf 72' lang='lat' dir='ltr'><strong>vius:</strong></span> <span class='ocrx_word' id='word_1_363' title='bbox 1036 1989 1143 2026; x_wconf 89' lang='lat' dir='ltr'><strong>„per</strong></span> <span class='ocrx_word' id='word_1_364' title='bbox 1173 1975 1281 2024; x_wconf 84' lang='lat' dir='ltr'><strong>quod</strong></span> <span class='ocrx_word' id='word_1_365' title='bbox 1326 1987 1391 2012; x_wconf 87' lang='lat' dir='ltr'><strong>eos</strong></span> <span class='ocrx_word' id='word_1_366' title='bbox 1433 1974 1608 2012; x_wconf 81' lang='lat' dir='ltr'><strong>ostendit</strong></span> 
     </span>
     <span class='ocr_line' id='line_1_64' title="bbox 879 2031 1608 2072; baseline -0.004 -1"><span class='ocrx_word' id='word_1_367' title='bbox 879 2033 1069 2072; x_wconf 85' lang='lat' dir='ltr'><strong>meruisse</strong></span> <span class='ocrx_word' id='word_1_368' title='bbox 1089 2032 1244 2069; x_wconf 72' lang='lat' dir='ltr'><strong>divinos</strong></span> <span class='ocrx_word' id='word_1_369' title='bbox 1256 2031 1470 2070; x_wconf 81' lang='lat' dir='ltr'><strong>honores.“</strong></span> <span class='ocrx_word' id='word_1_370' title='bbox 1493 2033 1608 2069; x_wconf 85' lang='lat' dir='ltr'><strong>Certe</strong></span> 
     </span>
     <span class='ocr_line' id='line_1_65' title="bbox 883 2089 1607 2139; baseline -0.004 -11"><span class='ocrx_word' id='word_1_371' title='bbox 883 2091 1056 2128; x_wconf 82' lang='lat' dir='ltr'><strong>declarat</strong></span> <span class='ocrx_word' id='word_1_372' title='bbox 1094 2089 1171 2126; x_wconf 88' lang='lat' dir='ltr'><strong>hoc</strong></span> <span class='ocrx_word' id='word_1_373' title='bbox 1201 2089 1374 2139; x_wconf 80' lang='lat' dir='ltr'><strong>insigne,</strong></span> <span class='ocrx_word' id='word_1_374' title='bbox 1422 2102 1503 2126; x_wconf 85' lang='lat' dir='ltr'><strong>esse</strong></span> <span class='ocrx_word' id='word_1_375' title='bbox 1542 2102 1607 2125; x_wconf 91' lang='lat' dir='ltr'><strong>eos</strong></span> 
     </span>
     <span class='ocr_line' id='line_1_66' title="bbox 882 2147 1607 2186; baseline -0.006 0"><span class='ocrx_word' id='word_1_376' title='bbox 882 2149 991 2186; x_wconf 75' lang='lat' dir='ltr'><strong>viros</strong></span> <span class='ocrx_word' id='word_1_377' title='bbox 1025 2160 1158 2184; x_wconf 82' lang='lat' dir='ltr'><strong>sacros</strong></span> <span class='ocrx_word' id='word_1_378' title='bbox 1192 2152 1231 2182; x_wconf 87' lang='lat' dir='ltr'><strong>et</strong></span> <span class='ocrx_word' id='word_1_379' title='bbox 1266 2153 1437 2184; x_wconf 87' lang='lat' dir='ltr'><strong>sanctos.</strong></span> <span class='ocrx_word' id='word_1_380' title='bbox 1506 2147 1607 2183; x_wconf 56' lang='lat' dir='ltr'><strong>Nam</strong></span> 
     </span>
     <span class='ocr_line' id='line_1_67' title="bbox 881 2203 1606 2253; baseline -0.004 -10"><span class='ocrx_word' id='word_1_381' title='bbox 881 2206 1049 2243; x_wconf 74' lang='lat' dir='ltr'><strong>vittatos</strong></span> <span class='ocrx_word' id='word_1_382' title='bbox 1070 2204 1191 2242; x_wconf 85' lang='lat' dir='ltr'><strong>fuisse</strong></span> <span class='ocrx_word' id='word_1_383' title='bbox 1213 2203 1449 2253; x_wconf 82' lang='lat' dir='ltr'><strong>sacerdotes,</strong></span> <span class='ocrx_word' id='word_1_384' title='bbox 1482 2210 1606 2252; x_wconf 88' lang='lat' dir='ltr'><strong>vates,</strong></span> 
     </span>
     <span class='ocr_line' id='line_1_68' title="bbox 883 2261 1607 2310; baseline -0.001 -10"><span class='ocrx_word' id='word_1_385' title='bbox 883 2263 998 2310; x_wconf 86' lang='lat' dir='ltr'><strong>deos,</strong></span> <span class='ocrx_word' id='word_1_386' title='bbox 1041 2262 1134 2298; x_wconf 78' lang='lat' dir='ltr'><strong>satis</strong></span> <span class='ocrx_word' id='word_1_387' title='bbox 1162 2268 1304 2298; x_wconf 88' lang='lat' dir='ltr'><strong>notum</strong></span> <span class='ocrx_word' id='word_1_388' title='bbox 1333 2267 1404 2302; x_wconf 85' lang='lat' dir='ltr'><strong>est.</strong></span> <span class='ocrx_word' id='word_1_389' title='bbox 1450 2262 1499 2299; x_wconf 82' lang='lat' dir='ltr'><strong>cf.</strong></span> <span class='ocrx_word' id='word_1_390' title='bbox 1522 2261 1607 2299; x_wconf 84' lang='lat' dir='ltr'><strong>val.</strong></span> 
     </span>
     <span class='ocr_line' id='line_1_69' title="bbox 882 2318 1324 2367; baseline -0.002 -10"><span class='ocrx_word' id='word_1_391' title='bbox 882 2320 941 2360; x_wconf 73' lang='lat' dir='ltr'><strong>Fi.</strong></span> <span class='ocrx_word' id='word_1_392' title='bbox 962 2320 1028 2357; x_wconf 86' lang='lat' dir='ltr'><strong>lib.</strong></span> <span class='ocrx_word' id='word_1_393' title='bbox 1051 2319 1078 2367; x_wconf 88' lang='lat' dir='ltr'><strong>I,</strong></span> <span class='ocrx_word' id='word_1_394' title='bbox 1109 2321 1204 2360; x_wconf 79' lang='grc'><strong>836.</strong></span> <span class='ocrx_word' id='word_1_395' title='bbox 1231 2318 1324 2359; x_wconf 74' lang='lat'>840.</span> 
     </span>
    </p>

    <p class='ocr_par' dir='ltr' id='par_1_11' title="bbox 881 2375 1610 3001">
     <span class='ocr_line' id='line_1_70' title="bbox 940 2375 1608 2426; baseline -0.009 -7"><span class='ocrx_word' id='word_1_396' title='bbox 940 2380 1022 2419; x_wconf 87' lang='grc'><strong>666</strong></span> <span class='ocrx_word' id='word_1_397' title='bbox 1055 2390 1137 2426; x_wconf 87' lang='lat' dir='ltr'><strong>sqq.</strong></span> <span class='ocrx_word' id='word_1_398' title='bbox 1196 2376 1372 2413; x_wconf 78' lang='lat' dir='ltr'><strong>Platonis</strong></span> <span class='ocrx_word' id='word_1_399' title='bbox 1408 2376 1519 2413; x_wconf 89' lang='lat' dir='ltr'><strong>locus</strong></span> <span class='ocrx_word' id='word_1_400' title='bbox 1559 2375 1608 2413; x_wconf 91' lang='lat' dir='ltr'><strong>de</strong></span> 
     </span>
     <span class='ocr_line' id='line_1_71' title="bbox 881 2433 1608 2486; baseline -0.001 -14"><span class='ocrx_word' id='word_1_401' title='bbox 881 2435 979 2486; x_wconf 81' lang='lat' dir='ltr'><strong>Bep.</strong></span> <span class='ocrx_word' id='word_1_402' title='bbox 1001 2434 1046 2482; x_wconf 82' lang='grc' dir='ltr'><strong>Π,</strong></span> <span class='ocrx_word' id='word_1_403' title='bbox 1078 2448 1114 2485; x_wconf 90' lang='lat' dir='ltr'><strong>p.</strong></span> <span class='ocrx_word' id='word_1_404' title='bbox 1139 2436 1219 2474; x_wconf 81' lang='lat'><strong>363</strong></span> <span class='ocrx_word' id='word_1_405' title='bbox 1245 2440 1335 2470; x_wconf 89' lang='lat' dir='ltr'><strong>ante</strong></span> <span class='ocrx_word' id='word_1_406' title='bbox 1358 2433 1493 2471; x_wconf 89' lang='lat' dir='ltr'><strong>oculos</strong></span> <span class='ocrx_word' id='word_1_407' title='bbox 1512 2447 1608 2471; x_wconf 72' lang='lat' dir='ltr'><strong>ver-</strong></span> 
     </span>
     <span class='ocr_line' id='line_1_72' title="bbox 881 2491 1609 2543; baseline 0 -14"><span class='ocrx_word' id='word_1_408' title='bbox 881 2493 958 2529; x_wconf 85' lang='lat' dir='ltr'><strong>sari</strong></span> <span class='ocrx_word' id='word_1_409' title='bbox 978 2492 1123 2543; x_wconf 85' lang='lat' dir='ltr'><strong>potuit.</strong></span> <span class='ocrx_word' id='word_1_410' title='bbox 1165 2491 1287 2538; x_wconf 86' lang='lat' dir='ltr'><strong>Quod</strong></span> <span class='ocrx_word' id='word_1_411' title='bbox 1305 2492 1510 2529; x_wconf 83' lang='lat' dir='ltr'><strong>Musaeum</strong></span> <span class='ocrx_word' id='word_1_412' title='bbox 1533 2505 1609 2542; x_wconf 89' lang='lat' dir='ltr'><strong>po-</strong></span> 
     </span>
     <span class='ocr_line' id='line_1_73' title="bbox 885 2549 1609 2600; baseline 0 -14"><span class='ocrx_word' id='word_1_413' title='bbox 885 2549 1078 2587; x_wconf 82' lang='lat' dir='ltr'><strong>tissimum</strong></span> <span class='ocrx_word' id='word_1_414' title='bbox 1099 2549 1281 2586; x_wconf 83' lang='lat' dir='ltr'><strong>nominat</strong></span> <span class='ocrx_word' id='word_1_415' title='bbox 1302 2556 1432 2600; x_wconf 83' lang='lat' dir='ltr'><strong>poeta,</strong></span> <span class='ocrx_word' id='word_1_416' title='bbox 1454 2550 1609 2586; x_wconf 76' lang='lat' dir='ltr'><strong>miran-</strong></span> 
     </span>
     <span class='ocr_line' id='line_1_74' title="bbox 884 2606 1610 2658; baseline -0.001 -14"><span class='ocrx_word' id='word_1_417' title='bbox 884 2614 953 2644; x_wconf 90' lang='lat' dir='ltr'><strong>tur</strong></span> <span class='ocrx_word' id='word_1_418' title='bbox 977 2608 1106 2658; x_wconf 84' lang='lat' dir='ltr'><strong>lntpp.</strong></span> <span class='ocrx_word' id='word_1_419' title='bbox 1138 2606 1336 2644; x_wconf 86' lang='lat' dir='ltr'><strong>Homerus</strong></span> <span class='ocrx_word' id='word_1_420' title='bbox 1350 2620 1443 2644; x_wconf 89' lang='lat' dir='ltr'><strong>sane</strong></span> <span class='ocrx_word' id='word_1_421' title='bbox 1457 2607 1610 2644; x_wconf 86' lang='lat' dir='ltr'><strong>Aeneae</strong></span> 
     </span>
     <span class='ocr_line' id='line_1_75' title="bbox 883 2664 1608 2716; baseline -0.003 -14"><span class='ocrx_word' id='word_1_422' title='bbox 883 2665 923 2702; x_wconf 89' lang='lat' dir='ltr'><strong>in</strong></span> <span class='ocrx_word' id='word_1_423' title='bbox 944 2665 1081 2702; x_wconf 83' lang='lat' dir='ltr'><strong>inferis</strong></span> <span class='ocrx_word' id='word_1_424' title='bbox 1105 2677 1320 2702; x_wconf 83' lang='lat' dir='ltr'><strong>occurrere</strong></span> <span class='ocrx_word' id='word_1_425' title='bbox 1352 2679 1432 2702; x_wconf 89' lang='lat' dir='ltr'><strong>non</strong></span> <span class='ocrx_word' id='word_1_426' title='bbox 1463 2664 1608 2716; x_wconf 82' lang='lat' dir='ltr'><strong>potuit.</strong></span> 
     </span>
     <span class='ocr_line' id='line_1_76' title="bbox 884 2723 1608 2773; baseline -0.003 -14"><span class='ocrx_word' id='word_1_427' title='bbox 884 2723 1085 2759; x_wconf 82' lang='lat' dir='ltr'><strong>Turbatae</strong></span> <span class='ocrx_word' id='word_1_428' title='bbox 1110 2723 1275 2760; x_wconf 78' lang='lat' dir='ltr'><strong>fuissent</strong></span> <span class='ocrx_word' id='word_1_429' title='bbox 1293 2729 1520 2773; x_wconf 84' lang='lat' dir='ltr'><strong>temporum</strong></span> <span class='ocrx_word' id='word_1_430' title='bbox 1540 2735 1608 2758; x_wconf 87' lang='lat' dir='ltr'><strong>ra-</strong></span> 
     </span>
     <span class='ocr_line' id='line_1_77' title="bbox 881 2778 1609 2828; baseline -0.003 -11"><span class='ocrx_word' id='word_1_431' title='bbox 881 2780 1021 2820; x_wconf 82' lang='lat' dir='ltr'><strong>tiones.</strong></span> <span class='ocrx_word' id='word_1_432' title='bbox 1063 2782 1160 2817; x_wconf 86' lang='lat' dir='ltr'><strong>Cum</strong></span> <span class='ocrx_word' id='word_1_433' title='bbox 1183 2786 1316 2817; x_wconf 84' lang='lat' dir='ltr'><strong>autem</strong></span> <span class='ocrx_word' id='word_1_434' title='bbox 1340 2780 1387 2817; x_wconf 90' lang='lat' dir='ltr'><strong>de</strong></span> <span class='ocrx_word' id='word_1_435' title='bbox 1409 2778 1609 2828; x_wconf 84' lang='lat' dir='ltr'><strong>antiquio-</strong></span> 
     </span>
     <span class='ocr_line' id='line_1_78' title="bbox 881 2835 1607 2888; baseline -0.007 -12"><span class='ocrx_word' id='word_1_436' title='bbox 881 2838 994 2876; x_wconf 84' lang='lat' dir='ltr'><strong>ribus</strong></span> <span class='ocrx_word' id='word_1_437' title='bbox 1042 2838 1181 2888; x_wconf 84' lang='lat' dir='ltr'><strong>aliquis</strong></span> <span class='ocrx_word' id='word_1_438' title='bbox 1230 2843 1329 2875; x_wconf 82' lang='lat' dir='ltr'><strong>esset</strong></span> <span class='ocrx_word' id='word_1_439' title='bbox 1368 2835 1607 2884; x_wconf 81' lang='lat' dir='ltr'><strong>laudandus,</strong></span> 
     </span>
     <span class='ocr_line' id='line_1_79' title="bbox 884 2895 1608 2947; baseline -0.007 -14"><span class='ocrx_word' id='word_1_440' title='bbox 884 2895 1068 2947; x_wconf 87' lang='lat' dir='ltr'><strong>Orpheus</strong></span> <span class='ocrx_word' id='word_1_441' title='bbox 1091 2909 1187 2933; x_wconf 72' lang='lat' dir='ltr'><strong>vero</strong></span> <span class='ocrx_word' id='word_1_442' title='bbox 1207 2896 1282 2933; x_wconf 83' lang='lat' dir='ltr'><strong>iam</strong></span> <span class='ocrx_word' id='word_1_443' title='bbox 1304 2907 1388 2945; x_wconf 90' lang='lat' dir='ltr'><strong>sup.</strong></span> <span class='ocrx_word' id='word_1_444' title='bbox 1415 2896 1494 2934; x_wconf 85' lang='lat'><strong>119</strong></span> <span class='ocrx_word' id='word_1_445' title='bbox 1523 2905 1608 2930; x_wconf 88' lang='lat' dir='ltr'><strong>me-</strong></span> 
     </span>
     <span class='ocr_line' id='line_1_80' title="bbox 884 2951 1609 3001; baseline -0.006 -10"><span class='ocrx_word' id='word_1_446' title='bbox 884 2959 1062 2991; x_wconf 81' lang='lat' dir='ltr'><strong>moratus</strong></span> <span class='ocrx_word' id='word_1_447' title='bbox 1086 2959 1203 3000; x_wconf 70' lang='lat' dir='ltr'><strong>esset,</strong></span> <span class='ocrx_word' id='word_1_448' title='bbox 1236 2953 1305 2990; x_wconf 70' lang='lat' dir='ltr'><strong>vix</strong></span> <span class='ocrx_word' id='word_1_449' title='bbox 1334 2951 1432 2988; x_wconf 86' lang='lat' dir='ltr'><strong>alius</strong></span> <span class='ocrx_word' id='word_1_450' title='bbox 1452 2956 1609 3001; x_wconf 84' lang='lat' dir='ltr'><strong>praeter</strong></span> 
     </span>
    </p>
   </div>
  </div>
 </body>
</html>
