1779 3420
136 196 238 246 334
468 191 520 238 P.
560 185 915 239 VIRGILII
952 182 1330 233 MARONIS

136 316 474 371 Vestibulum
497 324 619 365 ante
642 315 817 380 ipsum
838 310 1126 377 primoque
1152 308 1205 356 in
1229 307 1415 358 limine
1432 307 1665 373 Pyrrhus

136 387 396 445 Exsultat,
435 386 554 435 telis
579 394 632 435 et
653 384 773 435 luce
801 396 1052 431 coruscus
1079 395 1233 429 aena:
1565 384 1668 432 470

140 458 322 523 Qualis
340 456 434 506 ubi
453 457 506 505 in
531 455 709 505 lucem
732 451 958 502 coluber
979 448 1118 499 mala
1138 450 1378 514 gramina
1402 458 1597 515 pastUS,

209 557 326 605 470.
363 563 516 600 AENA.
660 552 775 599 471.
817 547 1037 607 QUAms,

252 692 321 736 (—
341 691 422 727 469.
455 691 670 737 primusque
701 686 807 720 Hafn.
842 686 884 719 11.
918 684 1012 731 apud
1049 684 1185 729 Dorph.
1236 685 1339 728 lVr.)
1446 684 1517 720 470
1550 684 1667 728 Vulgo

143 738 403 784 interpungitur
444 737 620 770 Exsultat
658 736 764 776 telz'S,
807 732 903 778 quod
947 732 1088 765 mutavi.
1145 740 1317 764 coruscat
1352 732 1523 765 Montalb.
1558 730 1669 765 Wall.

145 795 181 821 et
212 788 266 820 ed.
304 788 394 820 Ven.
443 785 564 818 ahena
603 782 770 827 scriptum
798 794 818 814 a
849 792 918 813 seo.
948 792 1052 812 manu
1082 780 1116 811 in
1146 779 1323 824 perveteri
1351 778 1543 823 exemplari
1576 778 1668 812 Gell.

144 837 197 875 11,
231 835 254 868 3
289 839 452 866 testatur.
563 827 631 864 471
677 831 840 862 Praestat
877 828 1130 872 interpungere
1167 833 1250 870 post
1296 826 1443 871 tegebat
1463 853 1471 866 ,
1529 832 1567 858 ut
1604 826 1669 858 sit:

147 881 276 925 Qualis
306 893 354 912 sc.
383 878 547 912 exsultat
576 875 746 918 coluber,
787 888 890 921 quem
921 874 1079 920 tegebat.
1133 874 1172 905 in
1204 874 1318 906 lucem
1346 873 1495 906 offendit
1523 880 1608 918 post
1637 880 1672 906 et

146 930 227 962 luce
247 939 350 960 versu
368 938 445 971 sup.
467 931 503 957 et
521 924 616 968 quod
633 923 787 956 otiosum
809 929 882 956 est:
911 923 975 954 etsi
994 928 1055 954 aut
1074 921 1240 953 exsultat
1259 927 1414 964 repetas,
1440 928 1498 954 aut
1517 921 1563 953 ad
1582 933 1671 954 con-

145 975 265 1010 volvit
280 973 412 1006 trahas.
459 973 674 1004 Burmannus
697 970 922 1003 Homericum
956 966 1019 1002 ἐπὶ
1049 967 1129 1012 χειῇ
1150 979 1358 1012 comparans
1380 968 1470 1001 coni.
1492 981 1511 1001 e
1540 968 1672 1007 lustro,

146 1029 186 1055 ut
203 1021 376 1054 referatur
396 1019 458 1053 ad:
484 1020 592 1052 micat
613 1018 769 1059 arduus,
795 1017 935 1049 dubitat
955 1024 1072 1049 tamen
1093 1027 1135 1047 an
1163 1015 1323 1048 lustrum
1341 1015 1384 1047 de
1413 1014 1589 1060 serpentis
1610 1026 1673 1047 cu-

149 1069 211 1103 bili
232 1074 267 1101 et
284 1068 423 1101 latebra
452 1066 599 1099 dicatur.
648 1064 739 1097 Mihi
757 1064 943 1098 videbatur
963 1063 1148 1109 ingluvies
1165 1062 1276 1095 latere
1294 1062 1328 1094 in
1356 1069 1523 1107 corrupta
1542 1062 1673 1095 lectio-

147 1129 202 1157 ne,
229 1127 297 1160 quo
320 1115 447 1147 ducere
468 1119 616 1158 possunt
637 1113 737 1145 mala
754 1113 927 1158 gramina
940 1119 1076 1157 pastus
1097 1115 1133 1141 et.
1159 1110 1347 1142 tumidum.
1393 1118 1528 1155 pastus
1545 1110 1673 1155 inglu—

148 1165 240 1197 viem
261 1162 359 1194 mala
375 1162 567 1208 gramina,
593 1159 712 1203 paullo
736 1158 941 1203 exquisitius
956 1184 964 1199 ‚
990 1157 1053 1191 sed
1075 1162 1226 1201 propter
1249 1157 1316 1189 hoc
1336 1157 1449 1201 ipsum
1469 1158 1565 1189 forte
1587 1169 1605 1189 a
1627 1156 1674 1188 li-

151 1209 278 1244 brariis
307 1216 520 1252 corruptum.
570 1209 701 1250 Georg.
731 1208 799 1247 111,
824 1207 893 1241 431
924 1205 969 1238 de
999 1210 1165 1247 serpente
1194 1204 1410 1249 chersydro:
1442 1205 1501 1237 lzic
1513 1202 1677 1250 piscibus

149 1266 270 1291 atram
290 1254 482 1301 Improba-s
500 1255 701 1299 ingluviem
722 1255 898 1299 ranisque
916 1250 1129 1297 loquacibus
1154 1251 1294 1296 explet:
1323 1263 1365 1283 ex
1384 1263 1452 1296 quo
1469 1251 1549 1284 loco
1571 1251 1675 1283 etiam

149 1304 217 1338 alia
237 1303 273 1335 in
293 1303 383 1335 hanc
405 1301 703 1346 comparationem
724 1301 886 1334 traducta
908 1310 989 1332 mox
1006 1297 1154 1332 videbis.
1182 1299 1232 1330 Ut
1254 1297 1363 1342 igitur
1381 1298 1431 1331 ibi
1452 1299 1599 1344 explere
1615 1300 1676 1331 ιἠ-

148 1352 320 1399 gluviem,
347 1349 396 1382 sic
415 1349 451 1382 h.
470 1349 494 1382 l.
514 1349 645 1382 dictum
666 1354 719 1380 est
736 1360 890 1394 pascere
913 1346 1127 1392 ingluviem,
1153 1345 1229 1377 fere
1252 1352 1289 1378 ut
1308 1345 1394 1379 alibi
1412 1358 1567 1391 pascere
1584 1358 1676 1378 ven—

149 1407 252 1432 trem.
302 1396 406 1431 Silius
430 1403 546 1429 autem
566 1397 707 1428 satiare
728 1396 930 1441 ingluviem
952 1393 1040 1426 dixit
1062 1392 1260 1425 imitatione
1282 1393 1423 1437 Virgilii
1444 1393 1506 1426 lib.
1526 1395 1587 1434 Vl,
1611 1392 1678 1427 155

150 1445 361 1491 Ingluviem
385 1445 551 1477 immensi
576 1444 717 1475 ventris
733 1442 1000 1487 gravidamque
1030 1441 1183 1472 venenis
1203 1441 1340 1472 Alvum
1364 1441 1541 1486 deprensi
1557 1441 1678 1473 satia-—

152 1492 241 1526 bant
258 1491 370 1538 fonte
392 1492 528 1524 leones.
576 1489 735 1522 Malebat
751 1489 877 1522 Valck.
910 1488 955 1521 ad
982 1487 1136 1520 Theocr.
1160 1499 1194 1530 p.
1217 1488 1286 1522 252
1305 1486 1397 1520 inter
1421 1488 1501 1520 loca
1532 1488 1678 1527 habere,

152 1551 240 1585 quae
259 1537 429 1582 Virgilius
451 1543 701 1569 retractaturus
724 1536 857 1568 fuisset.
900 1535 1087 1569 Schrader.
1109 1533 1204 1567 varie
1224 1535 1382 1568 tentabat
1398 1534 1532 1568 locum:
1556 1536 1594 1568 in
1617 1535 1679 1567 lu—

153 1588 216 1620 cis.
240 1587 280 1619 in
306 1585 422 1620 silvis.
447 1590 484 1616 ut
504 1584 598 1627 apud
621 1582 743 1616 Silium
762 1584 877 1622 XVII,
901 1581 984 1622 449,
1009 1581 1089 1614 loco
1119 1592 1161 1613 ex
1199 1588 1322 1614 nostro
1350 1594 1540 1626 expresso,
1568 1589 1620 1615 est
1640 1582 1679 1614 in

154 1633 300 1680 campis.
347 1632 494 1665 Poterat
515 1637 551 1663 et
572 1630 742 1675 scriptum
761 1641 856 1663 esse:
893 1629 1023 1672 Qualis
1045 1626 1106 1661 abi
1123 1628 1253 1661 exiluit
1276 1628 1332 1661 vel
1356 1630 1500 1662 exultat
1521 1627 1679 1662 coluber.

155 1762 310 1802 raudus
337 1761 379 1800 in
408 1759 662 1812 τειχομαχίας
683 1758 888 1798 narratio—

156 1835 219 1862 ne.
278 1820 463 1858 Subeunt
482 1825 619 1856 tamen
641 1818 707 1856 alii
736 1819 776 1855 in
798 1830 890 1855 cae-

158 1892 296 1918 sorum
314 1878 447 1916 locum
470 1890 508 1914 v.
532 1876 638 1924 467,
670 1883 710 1914 et
737 1876 890 1914 interea

159 1951 210 1975 ex
243 1935 532 1988 posterioribus
567 1933 777 1972 ordinibus
814 1933 892 1972 tela

159 2009 179 2033 e
193 1994 409 2046 longinquo
429 1993 683 2044 ingeruntur.
742 1992 776 2029 N
780 2006 893 2030 arra-

160 2054 217 2092 tio
237 2052 333 2091 inde
353 2052 396 2090 in
415 2051 501 2089 solo
520 2050 777 2102 Neoptolemo
796 2050 894 2088 sub-

161 2111 276 2149 sistit.
306 2124 344 2149 v.
368 2109 448 2151 461
477 2109 581 2146 uncle
605 2111 735 2146 onmis
771 2111 894 2146 Troia

161 2170 311 2207 videri:
343 2167 547 2206 illustrant
564 2165 691 2219 intpp.
713 2180 763 2204 ex
782 2166 896 2205 Iliad.

162 2243 199 2276 ν,
220 2228 284 2269 13.
317 2224 393 2275 143
436 2224 510 2262 etsi
534 2224 619 2276 ipsa
650 2224 776 2263 turris
797 2237 897 2277 poe-

163 2291 228 2323 tae
255 2297 306 2321 ex
339 2282 449 2321 Iliad.
477 2299 529 2332 φ,
562 2283 646 2325 5⁶26
677 2297 760 2334 sqq.
802 2289 897 2321 nata

164 2355 247 2380 esse
266 2339 449 2389 videtur,
479 2340 548 2378 ubi
567 2341 752 2379 Hectoris
771 2342 896 2379 fatum

165 2413 216 2438 ex
266 2412 311 2436 ea
353 2398 546 2449 prospicit
584 2399 765 2437 Priamus
806 2413 897 2436 cum

164 2456 358 2496 Troianis.
429 2455 591 2506 Egregia
634 2463 769 2495 autem
806 2471 899 2495 cum

167 2521 254 2553 arte
291 2513 391 2551 haec
427 2513 577 2551 inserta
608 2521 702 2552 sunt
732 2529 753 2552 a
781 2522 899 2567 poeta

167 2573 219 2612 ad
268 2584 403 2609 rerum
454 2571 595 2608 faciem
649 2573 898 2622 variandam,

168 2629 279 2682 quod
288 2629 408 2667 etiam
419 2628 616 2667 Wartono
630 2630 901 2670 observatum.

226 2686 312 2729 469
332 2700 417 2737 sqq.
448 2687 714 2738 Expugnatur
734 2690 900 2728 tandem

171 2745 277 2797 regia
304 2757 376 2796 pei·
406 2744 710 2796 Neoptolemmn
737 2746 902 2785 Achillis

170 2805 215 2854 fi,
244 2802 316 2854 qui
350 2802 456 2854 ipsas
492 2803 598 2840 sores
633 2810 721 2841 erat
744 2819 902 2856 aggres-

168 2875 250 2900 sus.
310 2860 411 2899 Nam
435 2859 515 2898 hoc
536 2866 596 2899 est
616 2870 709 2898 ante
727 2863 903 2900 vestibu-

169 2920 257 2960 lum
283 2920 444 2971 ipsum,
475 2917 516 2957 h.
542 2931 575 2957 e.
605 2918 788 2969 ianuam,
825 2934 903 2971 qua

947 1757 1048 1797 illud
1079 1758 1279 1806 intratur,
1310 1760 1524 1810 primoque
1556 1761 1597 1795 in
1627 1759 1681 1796 ll-

948 1818 1067 1853 mine.
1133 1816 1295 1867 Egregie
1326 1822 1461 1854 autem
1501 1829 1591 1854 eum
1613 1829 1680 1854 re—

950 1875 1243 1927 praesentavit:
1274 1876 1469 1923 exsultat,
1498 1888 1573 1925 pro
1600 1888 1681 1926 pu·—

950 1938 1058 1984 gnat.
1089 1933 1177 1969 leli-s
1196 1941 1230 1969 et
1251 1933 1339 1970 luce
1354 1947 1540 1971 coruscus
1558 1947 1679 1981 aena,

950 1990 993 2030 h.
1013 2004 1045 2028 e.
1065 1991 1205 2039 armis,
1249 1989 1434 2040 thorace,
1480 1990 1605 2042 clipeo
1646 1997 1684 2028 et

952 2049 1074 2100 galea,
1106 2049 1249 2097 aereis,
1280 2048 1607 2100 splendentibus;
1637 2055 1684 2086 ut

953 2119 1069 2160 saepe
1095 2107 1204 2159 apud
1222 2107 1444 2146 Homerum
1476 2103 1684 2159 λαμπόμε-

954 2181 1027 2214 νος
1063 2165 1181 2203 simili
1210 2165 1250 2203 in
1286 2178 1342 2208 re,
1382 2165 1492 2204 Iliad.
1531 2180 1568 2213 ν,
1600 2163 1680 2206 341

950 2220 1048 2264 ὄσσε
1083 2218 1122 2264 δ’
1157 2220 1330 2275 ἄμερδεν
1363 2219 1481 2277 Αὕγή
1521 2222 1684 2276 χαλκείη

955 2278 1153 2335 κορύθων
1174 2277 1255 2322 α’πό
1276 2277 1590 2333 λαμπομενάων.

1013 2339 1093 2381 471
1107 2362 1164 2369 --
1175 2338 1271 2381 475.
1324 2339 1502 2391 Pyrrhus
1521 2338 1685 2376 iuvenili

956 2397 1125 2436 audacia
1180 2398 1387 2435 exsultans
1431 2403 1687 2449 comparatus

958 2470 1051 2494 cum
1074 2461 1257 2506 serpente
1288 2456 1362 2493 sub
1389 2469 1561 2494 vernum
1580 2461 1683 2492 tem-

956 2528 1032 2567 pus
1051 2514 1152 2565 pelle
1175 2519 1297 2551 exuta
1321 2526 1340 2550 e
1367 2527 1539 2552 caverna
1559 2511 1687 2564 prod-

958 2578 1092 2611 eunte.
1130 2571 1321 2622 Respexit
1343 2571 1475 2608 locum
1498 2569 1689 2608 Nicandri

961 2630 1080 2668 Ther.
1099 2632 1149 2670 31
1166 2628 1311 2677 -34,
1344 2628 1460 2666 simul
1482 2634 1613 2666 tamen
1638 2627 1690 2665 ad

960 2686 1126 2727 Homeri
1143 2687 1325 2736 ductum,
1356 2687 1425 2724 sed
1446 2686 1628 2724 ornatius
1650 2691 1691 2723 et

961 2761 1054 2785 cum
1080 2745 1328 2793 variatione,
1360 2744 1471 2782 Iliad.
1503 2760 1537 2796 χ,
1569 2746 1691 2786 93—-

962 2805 1017 2847 95
1045 2803 1115 2852 Ὡς
1132 2801 1176 2843 δὲ
1204 2798 1365 2855 δράκων
1400 2801 1466 2843 ἐπὶ
1493 2805 1582 2858 χειῇ
1605 2797 1691 2854 ὀρέ-

963 2875 1105 2915 στερος
1133 2858 1264 2914 ἄνδρα
1295 2859 1440 2913 μένῃσι
1467 2856 1693 2914 Βεβρωκώς

962 2917 1068 2962 κακὰ
1089 2912 1277 2973 φάρμακ’
1311 2916 1465 2971 (mala,
1509 2917 1631 2957 noxia
1654 2921 1694 2953 et
