1811 3388
496 238 620 284 AD
692 235 1129 284 LIBRUM
1200 238 1290 285 III
1558 244 1657 293 565

147 364 267 413 nique
297 377 407 401 sacra
437 363 602 401 faciunt.
664 362 813 401 Similia
843 377 1010 415 prorsus
1037 363 1218 403 invenies
1249 365 1357 416 apud
1378 365 1540 419 DionyS.
1567 368 1656 409 Hal.

145 421 175 469 Ι,
206 420 274 468 51,
305 421 434 471 quiet
462 419 562 458 haec
590 418 734 470 habet,
767 421 808 458 in
829 421 926 459 locis
949 421 1010 460 his
1034 421 1198 472 Italiae,
1236 436 1338 473 quae
1369 423 1520 462 Aeneas
1539 439 1657 477 prae-

144 477 489 528 ternavigaverat,
532 477 726 515 adventus
753 481 818 516 sui
845 480 973 517 mulla
1007 493 1097 516 elmi
1126 481 1332 532 reliquisse
1363 484 1539 532 vestigia
1566 499 1657 522 cum

143 536 232 572 alia
258 542 342 571 tum
365 537 487 572 etiam
501 535 694 587 phialam
717 550 877 574 aeream
899 539 942 574 in
958 537 1104 587 templo
1123 539 1292 575 lunonis
1313 539 1453 576 litteris
1478 542 1657 592 antiquis

142 593 303 629 Aeneae
329 606 496 641 nomen,
534 595 605 644 qui
632 593 730 630 deae
761 594 959 643 donarat,
994 595 1278 633 declarantem.
1342 596 1551 648 Templum
1578 597 1656 637 hoc

140 650 310 687 lunonis
338 651 539 687 Laciniae
570 656 629 688 est
658 650 762 688 infra
792 651 1017 691 Crotonem.
1077 652 1174 690 Fuit
1201 659 1241 691 et
1270 653 1312 690 in
1340 651 1401 691 his
1431 654 1528 692 locis
1557 656 1655 693 Siris

141 706 236 744 olim
254 707 351 744 urbs
368 707 635 746 Troianorum
661 707 817 746 colonia
845 709 1010 760 credita,
1039 723 1135 747 mox
1156 710 1478 749 Heracleensium
1501 713 1654 762 navale,

140 764 181 801 in
210 777 288 815 qua
320 764 543 803 Palladium
569 766 734 803 Iliacum
766 765 995 805 dedicatum
1021 767 1228 819 indigenae
1248 769 1538 808 monstrabant.
1568 771 1649 810 vid.

138 822 284 861 Strabo
304 822 369 860 lib.
389 823 453 872 Vl,
485 837 523 875 p.
547 825 632 865 264
657 822 703 861 A.

254 880 433 918 Tandem
450 881 493 918 in
511 881 697 918 Siciliam
715 881 959 932 perveniunt
980 882 1143 921 Troiani
1162 889 1201 921 et
1218 883 1269 922 ad
1289 886 1487 934 Drepana
1511 897 1650 923 escen-

139 951 226 975 sum
247 937 411 978 faciunt.
471 938 550 977 Sed
583 938 632 977 de
655 937 718 976 his
738 939 815 977 alio
836 939 1023 978 Excursu
1046 947 1183 993 agetur
1204 942 1257 980 ad
1273 942 1339 982 lib.
1359 941 1406 982 V.

541 1243 1108 1303 EXCURSUS
1176 1246 1238 1300 ΙΙ

360 1345 448 1390 De
495 1348 832 1391 Error-am
872 1350 1149 1392 Aeneae
1198 1348 1420 1390 asinis.

249 1449 312 1499 III,
344 1452 369 1492 8
406 1454 489 1491 Vix
521 1455 658 1504 prima
690 1456 890 1505 inceperat
928 1462 1062 1492 aestas
1091 1454 1146 1491 Ec
1175 1461 1295 1504 pater
1318 1454 1514 1491 Anchises
1548 1455 1642 1492 (lare

125 1505 230 1555 satis
267 1509 357 1545 vela
389 1510 561 1548 iubebat.
636 1511 718 1549 Etsi
747 1511 788 1549 in
816 1518 934 1563 poeta
965 1518 1193 1562 temporum
1231 1510 1405 1548 rationes
1443 1511 1641 1549 subtiliter

130 1563 285 1615 exigere
313 1566 414 1604 velle
448 1568 729 1619 importunum
763 1569 888 1618 soret,
919 1568 1047 1606 multo
1074 1568 1217 1619 magis,
1257 1568 1286 1604 si
1310 1569 1429 1606 tacite
1456 1582 1500 1605 ea
1523 1582 1640 1619 prae-

130 1627 260 1659 tereat
283 1629 353 1661 aut
378 1624 509 1663 minus
541 1625 705 1664 definite
737 1633 912 1678 apponat
930 1626 1011 1677 ipse
1029 1632 1168 1677 poeta:
1200 1625 1230 1662 si
1254 1631 1385 1663 tamen
1413 1631 1640 1677 temporum

128 1680 342 1717 momentis
355 1682 427 1720 ⁴vel
458 1683 687 1721 cardinibus
718 1697 902 1735 expresse
930 1683 1093 1721 adiectis
1116 1682 1233 1720 semel
1264 1683 1438 1721 animum
1469 1682 1640 1721 adhaec

129 1737 398 1789 converterit,
429 1753 479 1778 ne
501 1747 651 1779 temere
672 1741 713 1779 id
746 1741 879 1779 secisse
911 1740 1118 1788 videatur,
1148 1740 1221 1792 ipsi
1251 1740 1388 1790 utique
1415 1741 1639 1778 curandum

127 1800 186 1831 est
206 1794 510 1846 diligentissime.
570 1799 648 1836 Sed
670 1797 794 1836 habet
826 1799 945 1837 etiam
970 1798 1021 1836 ad
1044 1798 1169 1836 multa
1188 1797 1372 1835 Aeneidis
1400 1798 1486 1835 loca
1508 1798 1638 1849 inpri-

128 1852 278 1902 misque
319 1852 439 1892 huius
477 1855 569 1894 libri
606 1856 847 1894 declaranda
891 1870 1072 1907 magnam
1108 1855 1348 1904 utilitatem,
1387 1861 1435 1893 ut
1483 1868 1638 1893 errores

127 1909 280 1948 Aeneae
310 1911 354 1948 in
390 1926 514 1951 annos
545 1927 637 1952 suos
674 1914 875 1966 dispertiri
902 1913 1049 1965 possis,
1098 1919 1139 1951 et
1174 1912 1381 1950 doctrinae
1417 1913 1636 1963 exquisitae

123 1967 438 2020 prudentiaeque
470 1971 624 2022 Virgilii
652 1985 745 2022 pars
778 1985 861 2009 non
882 1971 1024 2021 exigua
1048 1983 1092 2007 ea
1111 1983 1154 2008 re
1185 1972 1426 2008 continetur.
1485 1970 1636 2008 Pendet

125 2031 259 2063 autem
281 2031 370 2064 tota
397 2027 479 2066 sere
509 2042 708 2067 annorum
734 2028 838 2067 ratio
869 2041 919 2066 ex
951 2028 1019 2066 illo
1047 2040 1167 2067 versu
1202 2027 1269 2065 lib.
1300 2027 1328 2076 Ι,
1359 2027 1442 2069 755
1463 2028 1580 2065 ZVam
1599 2036 1634 2065 te

124 2085 210 2119 iam
240 2087 412 2134 septima
430 2095 568 2135 porlal
603 2086 797 2124 Omnibus
829 2094 1021 2123 errantem
1053 2087 1162 2123 terris
1190 2099 1240 2121 ac
1251 2083 1450 2135 fluctibus
1482 2093 1628 2132 aestas,

127 2146 211 2177 tum
230 2153 281 2177 ex
308 2141 355 2178 iis
385 2143 538 2192 verbis,
569 2157 670 2193 quae
699 2156 821 2195 supra
847 2142 1147 2194 adscripsimus,
1179 2142 1242 2190 III,
1273 2143 1312 2190 8,
1343 2154 1422 2192 quo
1451 2147 1631 2192 tempore

121 2196 273 2235 Aeneas
293 2198 504 2238 Antandro
536 2201 711 2240 solverit.
770 2199 929 2238 Scilicet

344 2270 378 2295 a.
409 2258 450 2295 C.
480 2257 527 2296 N.
1083 2256 1277 2294 Errorum
1307 2254 1459 2293 Aeneae

383 2317 493 2356 1184
745 2314 864 2352 Troia
893 2319 1009 2365 capta
1232 2326 1266 2350 a.
1301 2316 1320 2352 1

121 2371 192 2408 Est
219 2371 252 2408 is
281 2384 301 2408 e
327 2371 485 2423 vulgari
519 2372 779 2423 computandi
818 2372 973 2409 ratione
1002 2385 1035 2408 a.
1064 2370 1117 2407 Μ.
1149 2371 1272 2412 2820.
1301 2369 1342 2407 P.
1375 2369 1401 2406 l.
1437 2369 1629 2410 3530.—

120 2434 212 2466 ante
230 2429 399 2480 primam
422 2430 581 2481 Olymp.
605 2443 640 2467 a.
664 2428 747 2470 408
765 2442 815 2466 ex
836 2428 1040 2467 Eratosth.
1061 2429 1210 2465 Canon.
1231 2425 1312 2478 (ap.
1331 2425 1493 2464 Diodor.
1517 2427 1545 2475 I,
1570 2425 1626 2479 5.)

120 2492 159 2523 et
189 2499 318 2524 annus
354 2486 438 2528 434
471 2500 546 2525 sec.
584 2486 762 2524 Marmor
789 2486 981 2525 Arundel.
1006 2507 1062 2515 -
1093 2484 1254 2522 tandem
1285 2489 1377 2521 ante
1407 2484 1451 2521 U.
1480 2484 1520 2521 C.
1551 2497 1626 2520 an-

119 2557 193 2581 nus
217 2544 313 2586 431.
372 2544 606 2583 Firmarunt
633 2557 783 2582 annum
802 2545 880 2582 viri
902 2543 1011 2581 docti
1036 2542 1135 2580 adeo
1155 2541 1314 2579 calculis
1333 2541 1625 2578 astronomicis:

119 2601 261 2651 quibus
285 2601 350 2640 vir
372 2602 529 2640 acutiss.
552 2601 690 2640 Gibort
709 2601 854 2639 adiecit
872 2614 1001 2653 nuper
1028 2600 1188 2651 eclipsin
1209 2598 1381 2637 XXVIII
1397 2598 1564 2649 Augusti
1591 2612 1623 2635 a.

119 2664 210 2695 ante
239 2659 280 2697 C.
310 2661 421 2701 1185
459 2660 638 2709 adeoque
662 2673 792 2708 anno,
833 2659 900 2710 qui
924 2658 1125 2696 excidium
1157 2656 1267 2694 urbis
1297 2656 1528 2708 praecessit,
1562 2656 1624 2693 sa-

118 2720 243 2752 etam:
283 2729 404 2765 quam
430 2718 646 2766 quaerebat
677 2717 722 2754 in
757 2717 865 2754 caelo
889 2722 979 2768 post
1009 2714 1248 2767 Sarpedonis
1277 2719 1448 2751 mortem
1478 2712 1623 2750 obscu-

117 2777 206 2808 rato
228 2772 336 2810 Iliad.
355 2789 396 2822 π,
428 2776 524 2817 567.
584 2775 725 2812 Troiae
757 2774 956 2812 excidium
986 2774 1118 2824 paullo
1153 2777 1245 2809 ante
1270 2771 1479 2808 solstitium
1501 2771 1621 2806 aesti—

118 2842 212 2865 vum
234 2829 433 2878 incidisse,
465 2832 564 2869 miro
585 2845 778 2869 consensu
807 2830 856 2884 (si
881 2830 1123 2881 Aeschylum
1143 2830 1344 2880 exceperis
1364 2828 1499 2877 Agam.
1525 2828 1619 2888 835.

117 2882 221 2935 α’μφὶ
262 2883 474 2928 Πλειάδων
504 2886 647 2935 δύσιν,
696 2889 763 2938 qui
794 2895 1032 2925 autumnum
1070 2887 1237 2924 innuere
1276 2884 1454 2936 videtur)
1494 2883 1618 2944 tradit

115 2948 230 2980 vetus
260 2943 445 2993 Graecia,
475 2958 606 2983 mense
636 2946 796 2996 quidem
819 2945 1101 2996 Thargelione,
1143 2944 1214 2981 etsi
1243 2943 1283 2980 in
1322 2943 1384 2980 die
1414 2955 1494 2978 non
1523 2946 1616 2977 satis
