1811 3388
311 207 726 259 AENEIDOS
763 207 902 258 LIB.
940 210 1028 271 Vl,
1067 215 1359 265 603—608

1504 221 1600 269 941

87 332 354 397 Adcubat,
388 343 440 384 et
472 333 719 382 manibus
751 333 1006 400 prohibet
1038 336 1348 400 contingere
1382 357 1606 403 mensas,

86 404 437 469 Exsurgitque
460 402 635 452 facem
663 402 953 467 adtollenS,
993 414 1152 471 atque
1176 407 1382 456 intonat
1407 426 1514 462 ore.

86 473 209 534 Hic,
248 473 438 538 quibus
459 474 610 522 invisi
630 473 844 537 fratres,
874 474 1006 523 dum
1027 477 1130 524 vita
1150 477 1416 541 manebat,

180 601 250 634 606
285 613 445 634 mensam
481 601 616 646 aliquot
649 602 770 639 Heius,
805 609 841 636 et
874 605 988 637 Burm.
1036 604 1180 637 Scilicet
1211 604 1249 638 id
1284 604 1422 639 solutae
1456 607 1610 642 orationi

88 647 304 681 conveniret.

87 692 178 727 Pier.
205 702 238 726 et
263 694 372 729 Goth.
398 701 481 728 tert.

85 789 264 827 nialibzcs
286 792 404 827 toris:
439 790 628 840 quoniam
653 791 820 842 geniali-

85 846 161 883 bus
192 847 338 898 epulis,
365 847 404 886 h.
424 861 454 887 e.
477 849 669 899 opiparis,
690 850 820 898 lautis,

87 917 186 953 quae
208 907 256 942 ad
276 904 521 943 hilaritatem
536 907 722 954 invitant,
743 907 820 945 ha-

84 961 226 999 bendis
247 963 365 1014 positi
387 970 493 1001 sunt.
514 964 594 1001 vid.
613 964 663 1002 ad
679 966 819 1016 Georg.

85 1018 115 1068 I,
137 1022 232 1063 302.
267 1020 337 1058 ubi
362 1022 541 1071 genialis
567 1022 708 1060 hiems.
753 1024 818 1060 ἰιι-

85 1086 173 1114 cent
193 1077 338 1128 sicle-ra
360 1093 433 1129 pro
454 1085 568 1117 sunt:
600 1086 714 1118 torus
744 1095 818 1118 au-

85 1148 177 1172 reus
199 1141 270 1173 est.
333 1136 385 1173 De
411 1137 565 1186 fiale-ris·
597 1139 816 1188 quaeritur.

85 1193 194 1229 Lecti
247 1193 467 1232 substructi
511 1201 606 1232 sunt
648 1196 816 1247 pedibus

86 1256 156 1287 aut
174 1251 310 1289 fulcris
323 1281 332 1299 ,
365 1251 403 1290 h.
431 1264 462 1290 e.
481 1266 721 1304 quocunque
740 1254 815 1292 alio

84 1308 188 1345 basis
232 1322 403 1358 genere,
444 1324 518 1361 pro
557 1313 654 1348 lecto
694 1325 814 1350 aureo

84 1372 203 1417 poeta
219 1367 366 1417 sidera
388 1368 533 1419 posuit.
593 1368 717 1416 Quod
739 1384 814 1408 au—

83 1429 165 1461 tem
200 1425 375 1462 fabulam
412 1425 460 1462 de
490 1426 627 1463 Ixione
653 1428 720 1465 Ge.
750 1428 814 1476 HI,

85 1483 153 1529 38,
184 1484 249 1522 39.
292 1483 356 1531 lV,
394 1482 477 1524 484
517 1484 675 1521 allatam
707 1499 816 1523 nunc

85 1539 251 1588 (leserit⁷
284 1540 393 1590 quod
412 1542 612 1579 mirantur
635 1543 713 1580 viri
737 1544 814 1580 do-

85 1598 137 1634 cti
173 1595 237 1649 (cs.
277 1597 489 1637 Schrader.
529 1599 579 1636 ad
608 1600 811 1638 Musaeum

82 1669 169 1706 pag.
190 1656 286 1696 285.
347 1656 523 1699 ‚Ouwens
550 1658 594 1694 N.
619 1658 666 1695 H.
686 1673 723 1710 p.
743 1661 811 1699 23.

84 1714 138 1754 35
174 1714 247 1765 sq.)
288 1713 330 1750 id
368 1721 510 1766 poetae
553 1714 664 1753 haud
693 1716 813 1754 dubie

83 1770 180 1807 licet
200 1772 351 1819 facere,
383 1772 529 1824 quippe
561 1774 627 1823 qui
656 1775 813 1812 nullum

83 1827 289 1866 doctrinae
312 1835 483 1880 systema
506 1832 678 1869 condere
702 1832 813 1870 velit.

86 1885 191 1931 (Vid.
216 1899 317 1936 quae
336 1888 474 1940 scripsi
493 1888 534 1926 in
557 1889 600 1927 V.
622 1890 664 1928 L.
686 1890 736 1927 ad
755 1903 815 1929 vs,

83 1946 177 1984 602.
218 1943 334 1996 lsVr.)

142 2001 395 2043 608—614.
427 2001 510 2040 Hos
531 2016 671 2041 versus
700 2005 816 2054 equi-

84 2058 173 2095 dem
207 2060 497 2097 sententiarum
530 2067 570 2098 et
595 2062 811 2099 verborum

81 2115 281 2167 gravitate
300 2117 708 2156 commendatissimos
733 2132 814 2156 esse

82 2174 215 2211 velim.
276 2174 402 2211 Fuere
423 2176 615 2212 nonnulla
647 2176 685 2212 in
718 2177 812 2214 Pla—

82 2231 189 2268 tonis
208 2231 305 2269 locis
336 2232 376 2269 in
411 2233 596 2271 Excurss
625 2234 810 2283 laudatis,

82 2301 183 2339 quae
206 2289 315 2339 sequi
347 2290 501 2340 potuit,
533 2290 601 2327 sed
635 2292 710 2328 alia
739 2292 812 2329 sibi

80 2346 153 2397 ipsi
177 2346 320 2383 debere
345 2347 531 2396 videtur5
563 2349 634 2385 etsi
661 2349 708 2386 de
735 2349 812 2386 hoc

80 2403 181 2441 nihil
204 2404 395 2442 affirmari
417 2412 563 2456 potest.
628 2406 658 2442 A
675 2407 812 2444 multis

81 2462 185 2499 enim
222 2463 364 2513 passim
406 2463 534 2513 poetis
573 2464 814 2515 antiquiori-

79 2519 156 2556 bus
207 2526 484 2570 argumentum
532 2520 639 2558 idem
693 2522 812 2560 fuisse

79 2583 300 2615 tractatum
324 2578 498 2615 videtur.
539 2579 684 2616 Confer
707 2593 812 2630 quo-

80 2647 157 2684 que
178 2649 356 2673 scurram
382 2635 710 2687 Aristophanem,
744 2638 811 2688 qui

80 2693 256 2742 exagitat
275 2706 344 2731 seu
363 2692 622 2745 philosophos
643 2707 711 2731 seu
731 2695 811 2732 ini-

79 2749 199 2786 tiatos
214 2780 223 2797 ,
244 2751 283 2787 in
306 2751 406 2788 Rau.
430 2752 509 2793 145
530 2754 684 2794 -151.
722 2752 811 2790 Ho-

78 2820 233 2853 merus,
267 2809 337 2845 etsi
366 2809 602 2857 Tantalum,
635 2810 808 2860 Tityum,

78 2877 124 2901 ac
165 2864 380 2915 Sisyphum
432 2879 579 2917 poenas
617 2868 809 2906 scelerum

76 2921 188 2959 luere
232 2922 274 2959 in
316 2922 410 2960 locis
459 2923 594 2961 inferis
638 2927 807 2974 monuit,

402 649 470 683 607
486 648 597 694 faces
621 649 755 682 Zulich.
804 652 972 697 increpat
994 651 1096 684 Leid.
1122 651 1177 685 ed.
1201 652 1347 686 Mediol.
1373 665 1450 687 curn
1474 654 1610 700 aliquot

576 697 644 731 608
670 698 723 729 Hi
746 697 800 730 ed.
827 699 915 731 Ven.

879 807 962 830 non
999 798 1133 832 tamen
1169 799 1237 831 aut
1265 794 1353 832 loca
1386 808 1608 846 poenarum

880 851 1051 889 discreta
1070 858 1138 889 aut
1153 853 1301 890 scelera
1321 853 1460 891 definit
1473 883 1482 901 ,
1502 867 1608 904 quo-

878 922 969 946 rum
998 923 1147 961 poenae
1171 910 1406 961 exigantur,
1444 918 1607 963 praeter

878 980 1004 1004 unum
1038 968 1280 1019 periurium,
1312 968 1422 1006 Iliad.
1450 985 1486 1022 y,
1509 972 1604 1011 279.

876 1039 909 1071 τ,
943 1025 1039 1067 258.
1071 1027 1166 1067 259.
1203 1026 1304 1063 cons.
1335 1028 1473 1064 Iorlc'n.
1505 1027 1604 1065 Diss.

877 1081 940 1129 Vl,
960 1095 997 1133 p.
1022 1086 1117 1124 230.
1180 1083 1336 1121 Scilicet
1362 1089 1603 1135 temporum,

877 1139 1021 1189 quibus
1044 1140 1229 1190 vivebat,
1261 1141 1491 1193 simplicitas
1519 1148 1605 1180 erat

876 1203 1010 1245 tanta,
1039 1203 1085 1235 ut
1111 1211 1230 1250 super
1252 1200 1429 1237 moribus
1449 1213 1493 1236 ac
1514 1201 1602 1238 vir-

874 1260 962 1292 tute
981 1255 1162 1293 nondum
1190 1257 1354 1294 subtiles
1386 1258 1508 1295 initae
1538 1271 1602 1295 es-

874 1319 962 1350 sent
1007 1314 1190 1352 rationes.
1251 1316 1306 1352 De
1353 1316 1603 1365 gravioribus

874 1371 1087 1408 sceleribus
1101 1385 1261 1410 monere
1280 1373 1373 1410 satis
1390 1379 1474 1411 tum
1495 1380 1603 1423 erat3

872 1428 992 1478 inque
1013 1429 1059 1466 iis
1079 1429 1332 1469 habebantur
1355 1431 1492 1468 caedes
1506 1461 1515 1479 ,
1536 1432 1601 1469 in-

872 1485 997 1523 iuriae
1027 1487 1068 1524 in
1108 1488 1303 1539 supplices
1344 1494 1383 1526 et
1413 1487 1600 1540 hospites,

873 1545 1035 1582 tandem
1075 1546 1327 1596 periurium3
1376 1552 1423 1583 ut
1460 1554 1600 1585 contra

871 1602 1000 1653 prima
1020 1601 1281 1641 humanitatis
1301 1605 1494 1642 elementa
1512 1606 1602 1642 sue-

872 1673 915 1696 re
937 1661 1126 1698 sanctitas
1149 1661 1291 1702 ἱκετῶν
1315 1668 1354 1700 et
1385 1662 1535 1712 ξένων,
1560 1660 1604 1704 τό

873 1713 993 1769 ἕὶγυς,
1037 1713 1132 1770 α’ραὶ
1163 1725 1199 1756 et
1236 1715 1462 1770 Ἐριννύες,
1504 1721 1601 1758 reli-

871 1775 933 1822 gio
956 1776 1205 1827 sepulturae,
1237 1778 1524 1826 terminorum,
1562 1784 1602 1816 et

871 1832 1144 1872 iurisiurandi.
1204 1835 1284 1872 Nec
1315 1837 1431 1873 aliter
1457 1836 1496 1873 in
1530 1836 1602 1873 de-

876 1890 1011 1942 calogo
1051 1905 1073 1928 a
1110 1891 1218 1930 Mose
1255 1894 1417 1944 prodito
1450 1894 1601 1931 sactum

875 1948 1030 1986 videas:
1063 1951 1263 1988 atrociora
1294 1958 1452 1989 tantum
1485 1952 1600 2002 flagi—

873 2006 929 2043 tia
951 2007 981 2043 is
1003 2007 1184 2057 attingit,
1220 2021 1239 2044 a
1263 2009 1406 2058 quibus
1429 2009 1495 2059 qui
1524 2023 1598 2046 va-

873 2070 955 2111 cet,
984 2077 1128 2115 parum
1159 2064 1292 2103 adhuc
1323 2067 1373 2103 ad
1407 2065 1597 2103 honesta-

869 2126 951 2158 tem
982 2122 1191 2172 profecisse
1220 2123 1333 2160 nobis
1356 2124 1479 2161 videri
1502 2130 1597 2175 pot—

869 2184 939 2215 est.
1000 2179 1052 2216 At
1069 2180 1182 2217 Maro
1201 2192 1249 2217 ex
1267 2179 1597 2233 philosophorum

870 2235 1025 2286 scriptis
1059 2251 1174 2274 suum
1203 2238 1417 2276 Tartarum
1447 2240 1597 2276 consti-

869 2293 950 2330 tuit
998 2292 1064 2345 (cf.
1109 2296 1202 2332 Exc.
1244 2295 1370 2348 Vlll),
1411 2297 1597 2348 idemque

870 2350 1081 2400 scelerum,
1114 2352 1257 2402 quibus
1275 2354 1468 2405 supplicia
1489 2356 1529 2392 in
1552 2368 1596 2393 eo

870 2409 1087 2446 constituta
1118 2416 1237 2458 sunt,
1268 2424 1474 2450 recensum
1504 2413 1599 2450 facit

868 2466 1003 2517 paullo
1027 2468 1280 2518 ampliorem5
1313 2477 1598 2509 commemorat

870 2524 1111 2574 impietatem
1132 2538 1221 2577 erga
1240 2539 1326 2575 eos,
1348 2527 1492 2578 quibus
1510 2529 1596 2580 pie—

869 2583 962 2618 tatis
1001 2595 1137 2620 sensus
1194 2584 1390 2634 debetur3
1440 2600 1596 2635 avaros,

870 2638 994 2677 duros
1021 2646 1060 2676 et
1082 2640 1340 2692 inhumanos3
1371 2643 1598 2694 adulteros3

868 2697 1103 2748 perduelles
1172 2700 1235 2736 Ex
1272 2700 1377 2738 vitae
1416 2701 1593 2752 philoso-

868 2754 961 2805 phia
994 2756 1160 2806 profecit
1188 2758 1342 2795 Auctor
1372 2758 1595 2796 Telemachi

867 2812 1099 2860 lib.XV1H‚
1132 2828 1170 2865 p.
1197 2818 1275 2856 130
1308 2817 1458 2867 egregio
1488 2817 1595 2853 loco!

866 2870 1152 2921 Ingratosille,
1186 2874 1417 2921 mendaces,
1451 2873 1594 2910 adula-

867 2933 976 2965 tores
1005 2930 1197 2968 nominat.
1259 2930 1401 2968 Filium
1429 2930 1593 2981 impium
