1731 3420
110 182 141 227 4
339 215 341 217 .
500 154 1121 225 DlsoulslTlo
1191 152 1217 200 1

111 303 243 351 haec
278 296 468 347 eadem
497 293 579 342 illa
629 298 775 348 sunt,
828 285 1018 352 quibus
1055 278 1285 329 maxime
1328 271 1617 322 hominum

112 370 297 422 animis
330 364 604 415 admiratio
642 359 779 410 iniici
815 363 1014 423 potest,
1055 366 1188 417 quae
1223 345 1345 395 ideo
1376 342 1621 407 inprimis

114 442 265 508 epico
287 435 502 486 carmini
529 432 777 482 idoneam
800 425 1074 476 materiam
1097 415 1450 484 suppeditant.
1481 414 1620 483 Con-

113 513 288 560 iuncta
312 509 487 572 itaque
523 520 643 552 cum
670 499 859 549 eadem
892 495 975 544 illa
1014 488 1362 541 admiratione
1387 492 1466 533 est
1486 482 1620 532 utilt

114 582 229 630 tatis
249 578 380 626 ratio
396 616 408 635 ,
448 574 514 623 de
538 589 637 638 qua
670 586 779 619 non
815 567 988 615 minus
1012 560 1177 611 multa
1198 565 1320 607 sunt
1342 555 1621 620 disputata,

115 659 373 717 quatenus
395 653 583 711 poetae
616 641 766 707 epico
794 635 1061 703 proposita
1092 647 1203 680 esse
1232 627 1438 677 debeat.
1487 628 1619 673 Nar-

115 730 197 769 ret
234 718 316 767 illa
349 730 561 779 magna,
606 709 843 776 grandia,
890 702 1179 772 praeclara;
1225 697 1417 748 utilitas
1451 692 1620 761 profi-

117 790 324 839 ciscitur
359 803 419 834 ex
452 784 557 832 hoc
589 783 730 847 ipso,
781 775 926 845 quod
962 789 1185 836 magnos
1205 785 1389 818 sensus
1415 775 1467 815 et
1488 762 1621 813 asfe-

118 869 252 921 ctus,
290 871 543 919 magnum
570 850 726 900 animi
750 848 939 909 robur,
976 843 1123 892 factis
1155 841 1385 906 actisque
1415 851 1622 902 expres-

117 946 234 978 sum
257 926 511 975 videmus.

253 1000 314 1047 II.
361 992 651 1045 Admiratio
683 990 884 1055 itaque,
942 999 1159 1034 necesse
1195 996 1305 1029 non
1350 987 1452 1040 est,
1502 985 1562 1025 ut
1597 994 1621 1023 a

117 1084 297 1117 rerum
331 1075 382 1114 et
407 1073 622 1112 naturae
655 1057 915 1108 miraculis
936 1064 1169 1122 petatur;
1208 1050 1328 1108 sed,
1369 1047 1519 1115 quod
1546 1044 1622 1095 sa-

120 1138 214 1186 cile
248 1135 607 1200 unusquisque
630 1128 890 1192 intelligit,
929 1128 1257 1175 admiratione
1295 1122 1501 1169 animos
1524 1135 1622 1165 no-

119 1217 251 1257 stros
291 1204 528 1254 afficiunt
577 1201 798 1250 omnino
840 1218 919 1247 res
954 1217 985 1245 α
1025 1215 1218 1261 magna
1254 1197 1403 1241 animi
1444 1195 1625 1240 virtulo

118 1275 410 1343 profectam
457 1289 567 1320 non
600 1270 843 1337 quidem,
889 1267 1101 1334 qualem
1129 1271 1409 1331 praecepta
1446 1259 1624 1327 philo—

119 1345 334 1411 sophiae
364 1341 788 1400 informaverint3
835 1337 926 1387 sed
953 1338 1060 1385 vim
1093 1335 1317 1384 dicimus
1344 1332 1507 1381 animi
1543 1331 1624 1379 in—

120 1418 321 1480 signem
346 1414 398 1461 in
418 1410 769 1475 excogitandis
796 1407 1038 1466 consiliis,
1061 1406 1146 1455 vel
1172 1406 1224 1454 in
1247 1405 1305 1453 iis
1330 1419 1625 1468 exsequen-

122 1487 198 1534 dis
224 1483 584 1550 prudentiam,
626 1481 680 1528 in
706 1479 976 1528 laboribus
1005 1475 1342 1543 perferendis
1377 1482 1624 1522 constan-

119 1557 274 1615 tiam,
322 1554 374 1601 in
408 1550 662 1601 adeundis
685 1549 929 1615 periculis
957 1547 1252 1606 audaciam3
1302 1543 1503 1593 etiamsi
1540 1541 1627 1589 illa

121 1643 148 1674 a
176 1623 371 1688 gloriae
404 1631 454 1670 et
489 1620 654 1669 laudis
679 1618 880 1677 studio,
934 1626 1021 1666 aut
1041 1617 1103 1666 ab
1127 1617 1224 1676 ira,
1264 1615 1417 1674 odio,
1456 1612 1628 1661 vindi-

122 1703 232 1743 ctae
277 1692 557 1758 cnpiditate
596 1688 834 1756 profecta
868 1686 1028 1736 fuerit
1061 1696 1148 1736 aut
1185 1686 1251 1735 ad
1282 1685 1531 1734 immania
1577 1692 1628 1730 et

120 1781 268 1812 saeva
303 1762 434 1811 sacta
479 1760 788 1826 eruperit*).
873 1758 1139 1809 Convenit
1174 1758 1350 1823 itaque
1385 1754 1626 1813 omnino,

120 1843 178 1882 ut
202 1851 225 1881 a
252 1848 443 1895 magno
472 1832 608 1891 viro,
646 1845 836 1893 magna
867 1829 1063 1891 ingenii
1089 1829 1166 1888 vi,
1207 1826 1411 1891 magnis
1434 1841 1625 1889 corpo-

122 1904 189 1951 ris
211 1902 428 1959 viribus,
467 1900 668 1963 magnis
692 1899 849 1948 animi
874 1899 1112 1947 motibus
1135 1906 1187 1946 et
1208 1895 1507 1955 affectibus,
1546 1896 1625 1943 in—

123 1982 203 2021 ter
236 1988 446 2033 magnas
468 1969 827 2029 difficultates,
868 1986 1012 2017 casus
1044 1977 1094 2017 et
1123 1967 1377 2034 pericula,
1422 1966 1626 2030 magnis

124 2041 390 2106 praesidiis
419 2050 470 2089 et
493 2039 712 2098 auxiliis,
750 2040 951 2102 magnis
973 2039 1038 2087 de
1062 2039 1248 2088 caussis
1271 2046 1542 2103 susceptae
1574 2046 1627 2085 et

122 2120 295 2173 gestae
319 2128 401 2159 res
427 2111 551 2170 sint3
588 2109 729 2175 atqui
757 2109 979 2157 eaedem
1002 2108 1112 2158 fere
1134 2125 1218 2157 res
1245 2109 1399 2157 etiam
1430 2116 1625 2157 eventu

126 2181 288 2228 clarae
313 2189 363 2227 et
388 2181 613 2243 insignes
633 2180 917 2245 magnique
951 2179 1173 2245 exempli
1201 2195 1311 2228 esse
1342 2179 1528 2241 solent,
1567 2186 1628 2226 ut

125 2259 212 2299 aut
248 2250 419 2313 magni
452 2250 665 2298 alicuius
697 2249 791 2297 viri
825 2258 911 2298 aut
943 2250 1126 2315 populi
1163 2249 1245 2298 vel
1282 2250 1495 2298 civitatis
1539 2258 1628 2298 aut

124 2320 330 2383 generis
359 2319 492 2368 adeo
523 2319 740 2367 humani
764 2317 1002 2367 fortunas
1026 2320 1077 2368 in
1107 2329 1388 2386 utramque
1416 2330 1625 2387 partem

127 2390 442 2440 contineant.
513 2388 887 2452 Magnitudinis
922 2390 1055 2438 adeo
1092 2391 1220 2453 vim,
1258 2392 1538 2441 notionem
1569 2408 1627 2439 ac

127 2476 364 2521 sensum,
405 2468 673 2525 tamquam
695 2459 948 2523 animam,
988 2461 1477 2527 omniapermeare,
1516 2463 1627 2511 ani-

244 2600 276 2653 *)
309 2601 436 2638 Etiam
464 2615 608 2652 pravos
631 2615 761 2639 mores
796 2603 900 2640 serre
922 2604 1106 2642 carminis
1127 2606 1226 2657 epici
1250 2612 1454 2656 naturam,
1487 2607 1536 2644 ab
1557 2619 1626 2644 eo-

127 2657 216 2721 deni
238 2665 370 2722 vetere
395 2660 675 2708 Grammatico,
697 2674 813 2710 quein
837 2662 969 2712 paullo
990 2670 1080 2700 ante
1104 2664 1286 2713 excitavi,
1305 2665 1627 2717 pronuntiatum,

128 2722 197 2783 etsi
230 2715 304 2753 alno
338 2718 437 2753 {orte
468 2730 602 2754 sensu:
648 2725 805 2768 poetam
841 2732 992 2757 neeesse
1019 2727 1076 2757 est
1105 2720 1258 2773 (sensus
1285 2724 1453 2775 requirit
1482 2727 1628 2765 τοῦτον

128 2789 203 2826 γαρ
225 2775 306 2842 Osi,
323 2788 430 2842 „¹¹³¹”
459 2772 635 2841 σξαρὸντα
661 2773 704 2816 δὲ
735 2783 969 2828 corruptum
994 2778 1069 2831 est)
1106 2785 1317 2831 μιμεῖσθαι
1353 2777 1402 2822 ου’
1422 2780 1552 2835 μόνον
1579 2780 1628 2822 tc}

128 2844 275 2897 7‘9'lftc‘
312 2838 420 2899 ''¹⁴‚'''¹‘
456 2830 553 2871 αλλιὶ
587 2831 653 2871 καὶ
692 2831 739 2873 m*
773 2838 928 2885 φαῦλα·
973 2834 1070 2877 ἄνευ
1102 2835 1176 2891 γαρ
1207 2836 1360 2880 τούτων
1402 2838 1630 2895 παράδοξοι

127 2896 289 2938 πραξεις
311 2906 358 2929 ου
382 2890 646 2931 συνίστανται.
