1779 3420
72 184 176 232 724

76 311 136 349 nis
156 315 294 362 parte,
324 322 404 359 qua
439 308 491 347 ad
519 308 672 346 exitum
693 306 801 345 sesti-

76 368 199 406 nabat
227 367 314 416 illa,
356 366 433 404 hoc
462 372 542 413 est,
569 365 620 403 ad
650 365 801 403 ltaliam

75 425 319 478 procedebat
350 424 616 462 Troianorum
656 421 800 459 classis.

76 483 273 521 Iudicium
305 489 444 533 poetae
477 482 519 519 in
544 480 622 518 hoc
643 490 816 529 quoque*

77 541 241 592 agnovit
275 539 510 590 Segraisius,
559 537 669 588 quod
709 549 802 586 gra-

75 599 244 639 vissimis
272 597 497 643 all'ectibus,
529 595 672 645 quibus
695 593 799 630 libro

77 663 221 708 quarto
254 655 415 706 legentis
444 652 599 690 animus
621 650 801 702 agitaba-

76 721 168 762 tur,
200 727 307 751 nunc
339 711 516 750 succedit
545 709 711 747 hilarior
732 721 800 746 re-

76 786 166 811 rum
199 771 337 818 facies,
379 769 569 807 ludorum
592 766 799 814 festivitas,

77 829 340 868 certaminum
352 832 518 864 eventus
535 838 581 862 ac
596 824 800 876 praemio-

76 901 166 925 rum
185 886 367 925 varietas.

134 945 185 982 Ut
205 949 335 980 autem
355 942 397 979 in
425 940 616 978 ludorum
637 938 800 977 omnino

76 1001 350 1052 cogitationem
364 998 556 1037 incideret
574 1003 716 1049 poetae
734 997 801 1034 in·-

75 1060 244 1111 genium,
264 1059 392 1096 facere
416 1058 519 1094 sorte
543 1055 676 1107 potuit
696 1056 801 1106 Ery-

75 1118 150 1165 cis,
199 1116 331 1154 herois
364 1114 568 1166 indigetis,
606 1113 801 1151 recorda-

72 1175 151 1222 tio,
191 1174 259 1224 qui
294 1174 336 1211 in
376 1173 423 1210 iis
464 1172 579 1219 locis,
620 1171 669 1208 ad
699 1183 800 1221 quae

74 1231 235 1270 Troiani
256 1231 515 1283 appulerant,
548 1229 699 1267 clarum
720 1242 800 1280 pu-

72 1291 195 1341 gilatu
214 1302 358 1327 nomen
379 1288 563 1326 habebat.
607 1287 801 1324 Catroeus

73 1348 234 1398 quidem
264 1346 382 1385 valde
411 1352 554 1383 acutus
584 1344 657 1382 sibi
683 1344 801 1382 vide-

72 1406 193 1443 batur
222 1405 261 1442 in
290 1404 389 1452 hoc,
419 1403 529 1454 quod
554 1403 707 1454 primus
735 1402 800 1439 vi-

75 1464 216 1512 disset,
249 1462 300 1500 ad
323 1462 440 1500 ludos
460 1462 502 1499 in
527 1461 702 1498 Caesaris
720 1458 799 1497 lio-

75 1535 211 1559 norem
233 1520 281 1558 ab
313 1521 492 1571 Augusto
524 1518 681 1556 habitos
706 1517 799 1555 Vir-

72 1580 205 1630 gilium
219 1578 450 1629 respexisse.
481 1577 628 1615 Verum
643 1582 682 1614 et
694 1574 800 1613 idem

72 1637 173 1674 illud
206 1642 475 1673 commentum
501 1635 576 1672 iam
603 1648 623 1671 a
650 1634 800 1672 veteri-

73 1694 147 1731 bus
178 1693 556 1731 commentatoribus
592 1692 666 1729 suit
700 1690 800 1728 alla-

72 1759 185 1799 tum,
218 1758 257 1789 et
287 1765 356 1790 seu
383 1750 611 1788 affirmandi
632 1763 700 1786 seu
726 1761 800 1785 ne—

73 1809 191 1859 gandi
204 1823 360 1846 caussas
377 1809 538 1847 idoneas
559 1807 682 1845 habet
706 1806 800 1843 nul-

74 1867 143 1905 las.
203 1867 416 1905 Enimvero
441 1867 489 1903 ab
511 1866 686 1903 Homero
707 1864 800 1901 inde

74 1925 208 1962 nullus
229 1925 338 1962 sacile
357 1925 431 1962 suit
459 1929 598 1976 poeta,
630 1923 697 1973 qui
719 1935 800 1959 non

76 1988 352 2032 argumentum
368 1982 444 2019 hoc
458 1982 508 2019 ad
528 1982 699 2018 istorum
723 1978 802 2017 ho-

74 2041 238 2087 minum,
252 2042 497 2077 Graecorum
510 2038 701 2090 inprimis,
715 2037 803 2074 ani-

75 2112 160 2135 mos
200 2112 245 2135 ac
282 2112 420 2135 sensus
458 2096 802 2143 iucundissimum,

76 2156 298 2206 attingeret.
368 2156 413 2193 In
445 2154 606 2193 Graecis
639 2154 801 2204 quidem

404 179 848 231 P.·V1RG1L11
884 175 1260 226 MARONIS

859 304 988 356 poetis
1026 303 1244 355 deperditis
1285 304 1403 356 plura
1445 302 1586 343 huius-

859 362 968 399 modi
991 362 1221 410 certamina,
1248 362 1354 400 ludis
1373 363 1588 414 praecipue

859 419 1118 468 funebribus,
1154 420 1272 458 fuisse
1297 426 1491 468 tractata,
1524 421 1589 458 vel

860 490 912 514 ex
932 477 1089 528 Hygino
1116 477 1266 527 discas,
1298 479 1323 515 s.
1345 478 1587 516 CCLXXlII.

861 535 1045 586 Inprimis
1071 535 1156 573 ludi
1179 535 1364 573 funebres
1384 536 1424 574 in
1449 534 1588 573 Achil-

857 592 904 629 lis
932 591 1126 630 honorem
1161 607 1182 629 a
1215 592 1384 631 Thetide
1412 593 1587 631 instituti

860 649 990 687 nobile
1016 651 1182 688 fuerunt
1214 657 1515 702 argumentum,
1547 665 1585 689 v.

859 707 1003 759 Odyss.
1023 724 1066 757 ω,
1099 709 1152 750 85
1177 722 1273 758 sqq.,
1306 709 1415 758 quod
1436 708 1586 761 repeti-

858 771 947 803 tum
988 765 1125 803 videas
1168 780 1189 803 a
1223 766 1377 814 Quinto
1413 766 1586 815 Cal.1V‚

862 827 942 865 110
974 837 1070 874 sqq„
1104 837 1219 876 saepe
1252 824 1357 861 idem
1385 837 1586 862 memora-—

858 887 946 918 tum
970 881 1010 918 in
1029 882 1214 932 Tragicis.
1264 882 1586 932 Argonautarum

858 938 1073 977 certamina
1097 953 1135 979 v.
1160 940 1200 977 in
1221 939 1406 991 Orphicis
1427 939 1508 981 575
1529 953 1585 990 sq.

860 996 975 1045 Hinc,
1008 997 1254 1035 Graecorum
1275 1004 1484 1048 poetarum
1512 1010 1585 1034 ex—

858 1055 1011 1105 emp10,
1061 1055 1230 1092 Romani
1275 1068 1434 1106 quoque
1475 1054 1585 1092 hunc

857 1112 1121 1150 certaminum
1150 1114 1283 1151 locum
1313 1113 1457 1164 passim
1492 1126 1584 1150 car-

858 1170 1033 1208 minibus
1065 1172 1145 1208 suis
1172 1171 1457 1218 intexuerunt,
1490 1171 1583 1208 Vir-

858 1228 940 1279 gilii
981 1229 1156 1266 maxime
1187 1229 1354 1278 iudicio,
1403 1228 1584 1279 inprimis

859 1286 979 1323 Silius
1011 1286 1118 1335 XVI,
1151 1289 1232 1329 249
1253 1300 1335 1336 sqq.
1366 1293 1405 1324 et
1435 1287 1584 1323 Statius

859 1343 983 1382 Theb.
1003 1344 1071 1381 lib.
1095 1344 1157 1392 Vl,
1189 1358 1288 1394 quos
1310 1357 1399 1382 cum
1423 1344 1584 1395 Virgilio

857 1401 1112 1452 Homeroque
1131 1416 1378 1454 comparasse
1393 1415 1470 1439 non
1487 1414 1584 1454 poe-

857 1460 1012 1508 nitebit,
1040 1460 1157 1497 simul
1180 1466 1226 1498 ut
1244 1460 1451 1510 intelligas,
1485 1467 1583 1507 tum,

858 1531 977 1568 quam
1009 1531 1151 1569 parum
1183 1518 1224 1555 in
1256 1524 1373 1569 poeta
1404 1532 1466 1555 ars
1499 1518 1583 1554 sine

856 1575 1012 1626 ingenio
1038 1576 1181 1623 valeat,
1214 1582 1322 1624 tum,
1360 1589 1477 1626 quam
1504 1575 1583 1612 ini-

858 1647 934 1684 qua
955 1634 1036 1670 eius
1057 1648 1142 1671 sors
1160 1633 1230 1680 sit,
1260 1635 1347 1683 qui,
1381 1647 1470 1671 cum
1499 1634 1583 1670 aln's

859 1697 989 1728 aetate
1016 1691 1282 1728 anterioribus
1304 1691 1509 1739 succedat,
1542 1691 1582 1727 in

857 1755 1072 1798 angustum
1092 1749 1325 1786 imitationis
1352 1749 1489 1786 orbem
1519 1761 1582 1785 se—

858 1806 934 1844 mel
954 1819 994 1843 se
1012 1806 1231 1843 immiserit.
1277 1807 1317 1843 ln
1340 1820 1493 1844 sumina
1516 1819 1583 1844 re-

857 1878 947 1902 rum
977 1864 1087 1915 copia
1113 1877 1263 1915 pauper
1280 1871 1319 1901 et
1337 1863 1494 1902 ieiunus
1524 1871 1583 1902 est

857 1923 1019 1959 Statius.
1051 1923 1244 1972 Spiritum
1258 1923 1459 1973 poeticum
1475 1927 1582 1959 atte—

860 1979 914 2017 rit
934 1980 972 2016 in
996 1980 1164 2017 exilibus
1185 1980 1449 2027 ornamentis,
1467 1993 1581 2030 quae,

860 2037 933 2074 etsi
956 2044 993 2074 et
1016 2037 1098 2088 ipsa
1120 2029 1377 2089 voluptatem?
1396 2038 1582 2085 ass'erunt,

860 2101 993 2132 tamen
1026 2096 1211 2133 carminis
1245 2110 1399 2134 summa
1438 2109 1581 2148 parum

859 2153 1044 2191 delectat.
