1811 3388
466 217 590 264 AD
663 212 1241 261 LIBRUMII
1513 216 1613 264 409

94 348 175 387 bet.
234 344 458 385 Nobiliores
489 348 586 382 sunt
611 355 807 393 gemmae,
850 340 969 389 aliae,
1001 353 1103 391 quae
1131 346 1259 378 totam
1287 340 1486 388 fabulam,
1517 341 1616 379 Dio-

94 405 249 444 medem
278 409 318 441 et
334 403 515 454 Ulyssem
547 406 639 438 ante
666 400 807 451 templi
840 400 946 437 sores
969 398 1077 437 inter
1110 412 1149 436 se
1177 399 1418 436 altercantes
1454 398 1503 436 de
1525 399 1616 436 Pal-

93 463 221 511 ladio,
253 460 362 512 quod
398 460 472 497 iste
504 472 628 497 manu
657 464 785 507 tenet,
827 455 1040 495 exhibent:
1081 456 1121 494 in
1161 470 1240 507 quo
1264 469 1407 507 genere
1431 456 1618 508 princeps

94 527 154 558 est
181 518 398 569 Sardonyx
428 530 536 555 nunc
573 516 616 554 in
647 514 952 568 Dactyliotheca
982 514 1102 552 Ducis
1134 514 1436 553 Mai-lburiensis
1475 527 1617 553 serva-

93 585 180 626 tus,
221 576 354 616 verbis
391 574 628 627 insculptis:
684 577 974 624 Καλπουρνιου
1015 576 1204 624 Σευηρου
1235 579 1275 611 et
1299 573 1341 610 in
1377 585 1446 610 ara
1488 573 1617 624 Φηλιξ,

93 649 241 676 εποιειε
284 632 525 687 (delineatus
556 633 623 670 ille
657 631 700 670 in
743 631 1065 684 splendidissimo
1094 644 1234 683 opere:
1275 632 1470 669 Gemmae
1504 633 1616 668 anti-

94 707 198 746 quae
219 694 353 730 Ducis
374 691 681 730 Marlburiensis
713 693 785 728 To.
810 692 839 728 I
854 689 936 727 tab.
952 692 1021 731 39.
1042 689 1194 727 maiore
1213 702 1306 726 cum
1326 689 1407 727 fide
1427 702 1547 739 quam
1576 688 1618 725 in

93 749 328 789 Stoschiano
359 763 479 802 opere
517 750 783 787 Gemmarum
811 749 1066 786 caelataram
1093 747 1175 785 tab.
1207 748 1262 789 35
1287 753 1359 785 aut
1388 761 1410 784 a
1438 748 1614 784 Braecio

93 809 175 848 tab.
206 808 292 861 75).
353 808 499 846 Similis
539 806 616 845 alia
645 812 705 845 est
743 806 785 844 in
828 808 977 844 Museo
1015 806 1188 844 Florent.
1222 805 1272 854 II,
1303 808 1373 853 28,
1410 807 1446 845 1.
1505 804 1618 842 Aliae

92 880 268 920 gemmae
303 866 425 905 modo
454 864 686 904 Diomedem
721 865 872 912 solum,
912 863 1034 901 modo
1073 864 1255 915 Ulyssem
1287 862 1504 910 exhibent,
1545 875 1616 901 eo-

94 925 186 964 dem
210 931 346 963 tamen
375 924 519 962 habitu
548 937 593 961 ac
617 929 754 975 gestu,
795 936 840 960 ac
866 924 898 960 si
926 922 1029 959 alter
1050 921 1248 970 adstaret,
1290 935 1381 959 cum
1406 934 1486 972 quo
1516 934 1616 958 con-—

94 983 222 1022 tentio
258 989 328 1021 est.
389 981 623 1020 Diomedem
662 981 793 1019 solum
822 980 1048 1019 Palladium
1081 993 1204 1017 manu
1244 985 1449 1017 tenentem
1490 985 1530 1015 et
1567 978 1617 1016 de

94 1055 164 1080 ara
196 1041 443 1079 desilientem
483 1040 667 1078 reddunt
699 1052 875 1090 gemmae
909 1038 1089 1076 omnium
1122 1038 1412 1086 nobilissimae,
1450 1036 1617 1074 Diosco-

94 1099 191 1138 ridis
226 1099 374 1148 altera,
407 1099 533 1136 altera
563 1098 720 1135 Solonis
749 1097 911 1135 nomine
939 1096 1170 1147 insignitae:
1210 1096 1275 1133 illa
1304 1096 1345 1134 in
1372 1108 1467 1147 gaza
1498 1095 1618 1132 Ducis

94 1157 373 1208 Devoniensis,
417 1156 518 1195 haec
553 1157 594 1194 in
628 1156 748 1194 domo
787 1154 1062 1193 Sti-ozziorum
1100 1160 1315 1193 asservata.
1385 1156 1618 1191 Successere

95 1216 298 1254 artificum
335 1215 624 1253 aemulantium
658 1216 897 1262 certamina,
952 1212 1137 1264 inprimis
1175 1213 1216 1250 in
1250 1211 1459 1259 Diomede,
1502 1211 1617 1248 cuius

94 1274 248 1326 generis
286 1273 438 1311 multae
470 1279 566 1311 sunt
597 1285 775 1323 gemmae
810 1283 988 1309 summae
1024 1270 1141 1320 artis,
1193 1276 1287 1308 sunt
1318 1270 1418 1307 aliae
1443 1268 1491 1306 ab
1520 1268 1615 1306 imi-

95 1332 237 1369 tatrice
274 1345 422 1381 manu,
476 1332 597 1369 etiam
625 1345 646 1368 a
675 1331 866 1382 Lipperto
902 1335 943 1366 et
971 1328 1107 1366 Tassio
1144 1341 1374 1379 expressae,
1422 1339 1520 1379 quas
1550 1326 1618 1364 hic

97 1402 414 1428 commemorare
444 1402 602 1428 necesse
633 1402 715 1426 non
747 1394 819 1426 est.
877 1386 1079 1438 Agebatur
1109 1400 1132 1423 a
1162 1400 1226 1424 me
1260 1392 1416 1425 tantum
1450 1385 1540 1432 hoc,
1571 1391 1618 1422 ut

94 1447 346 1486 nobilitatem
388 1454 427 1485 et
473 1447 746 1485 celebritatem
786 1445 945 1484 fabulae
993 1445 1250 1483 declararem.
1318 1444 1452 1482 Unum
1490 1442 1617 1480 attin-

94 1520 202 1557 gam:
242 1506 539 1544 Commemorat
579 1511 718 1543 noster
746 1518 884 1542 caesos
917 1503 1098 1541 custodes
1129 1504 1260 1540 arcis:
1302 1502 1452 1540 visitur
1482 1506 1618 1539 autem

94 1564 137 1602 in
166 1577 319 1615 gemma
349 1563 595 1602 Dioscoridis
625 1563 788 1613 aliisque
820 1567 1070 1613 prostratum
1099 1560 1141 1598 in
1171 1567 1283 1599 terra
1313 1566 1353 1598 et
1377 1558 1618 1598 obvolutum

96 1636 243 1674 corpus
276 1619 334 1675 (in
362 1636 445 1660 una
477 1635 630 1673 gemma
650 1621 777 1659 Musei
807 1620 986 1658 Florent.
1018 1618 1175 1657 nudum
1207 1616 1485 1670 conspicitur).
1546 1617 1618 1655 Al-

96 1679 285 1718 cathoum
313 1693 394 1717 esse
429 1680 635 1732 probabile
666 1680 733 1727 fit,
772 1691 891 1729 quem
922 1691 1079 1715 caesum
1111 1676 1195 1714 edit
1227 1677 1406 1724 Quintus
1437 1677 1489 1726 X,
1522 1675 1618 1717 352.

95 1739 221 1776 Porro
253 1738 297 1775 in
327 1738 535 1776 columella
566 1738 700 1776 adstat
723 1737 878 1787 signum
909 1736 1045 1787 paullo
1074 1735 1305 1773 obscuriore
1325 1735 1467 1786 specie,
1497 1734 1619 1785 vulgo

95 1810 169 1848 pro
209 1796 390 1835 Minerva
429 1796 634 1845 habitum,
675 1795 796 1833 etiam
837 1809 859 1831 a
899 1793 1257 1842 Winckehnmnm,
1299 1806 1411 1830 nunc
1449 1792 1619 1830 aliarum

95 1868 342 1906 gemmarum
377 1854 678 1906 comparatione
707 1853 958 1892 intellectum
994 1857 1074 1899 est,
1122 1851 1320 1902 Apollinis
1361 1851 1405 1888 id
1435 1863 1516 1888 esse
1547 1866 1620 1890 πο-

95 1909 262 1965 λιούχου
304 1926 373 1950 seu
419 1909 608 1968 πατρῴου
650 1912 931 1950 Troianorum.
1002 1906 1184 1964 (Prodiit
1222 1910 1375 1947 interea
1416 1909 1621 1961 superiore

98 1984 204 2008 anno
237 1971 390 2022 elegans
422 1971 605 2009 collectio
643 1976 904 2022 ectyporum,
937 1981 1027 2006 aere
1058 1980 1363 2019 expressorum,
1407 1979 1426 2004 e
1457 1966 1621 2018 gemmis

97 2028 319 2067 Palladium
349 2036 514 2082 raptum
545 2028 864 2081 exprimentibus
895 2040 986 2065 cum
1007 2032 1223 2065 comment.
1250 2026 1364 2063 Conr.
1392 2023 1619 2078 Levezow.)

433 2311 1157 2371 EXCURSUS
1245 2311 1302 2366 V

616 2428 702 2471 De
762 2427 1105 2470 Laocoonte.

214 2543 261 2592 II,
297 2546 389 2586 199.
420 2546 506 2582 Ilio
536 2544 654 2582 aliud
681 2546 816 2581 maius
847 2546 1000 2581 miseris
1030 2545 1233 2596 multoque
1264 2544 1509 2581 tremendum
1537 2543 1621 2580 Ob—

101 2601 234 2637 iic-itm·
273 2605 409 2652 magis
450 2612 570 2654 alque
611 2603 839 2652 improvida
879 2611 1044 2652 peolorrc
1075 2602 1208 2639 turbat
1222 2619 1232 2639 .·
1279 2604 1484 2641 Laoc-0021.
1547 2602 1621 2638 Se-

103 2657 242 2706 quitur
273 2659 381 2710 apud
418 2667 579 2711 poetam
619 2660 730 2698 locus
770 2660 835 2698 vel
866 2659 1029 2711 nuperis
1070 2660 1252 2698 virorum
1293 2660 1508 2697 doctorum
1540 2659 1623 2697 dis-

103 2715 379 2764 putationibus
409 2719 694 2767 nobilissimus,
723 2724 762 2755 et
792 2732 814 2755 a
845 2718 1008 2769 Virgilio
1041 2732 1197 2756 sumina
1233 2731 1324 2755 Cum
1360 2723 1445 2755 arte
1465 2723 1623 2755 tracta-

104 2777 189 2819 tus;
228 2787 346 2824 super
385 2789 464 2826 quo
503 2784 542 2814 et
582 2776 697 2813 nobis
736 2776 856 2814 liccat
887 2776 1035 2828 partim
1068 2776 1116 2813 (le
1147 2782 1284 2827 poetae
1317 2775 1513 2823 inventis,
1556 2781 1625 2812 aut

103 2828 210 2865 unde
240 2830 305 2867 ille
336 2834 606 2872 narrationem
647 2834 808 2884 eiusque
851 2841 1089 2872 ornamenta
1131 2834 1352 2886 acceperit,
1393 2833 1542 2885 partim
1575 2832 1624 2869 de

103 2885 296 2924 Vaticano
345 2890 478 2928 similis
518 2893 742 2942 argumenti
790 2893 898 2943 signo
943 2905 1158 2942 quaerere,
1199 2907 1296 2931 num
1334 2893 1367 2930 ei
1407 2892 1622 2942 quicquam

104 2956 194 2981 cum
227 2951 344 2994 poeta
375 2961 585 2986 commune
616 2950 680 2987 sit.
751 2951 830 2988 Sed
872 2950 923 2988 ad
954 2957 1170 3001 utramque
1213 2950 1486 3001 quaes-tionem
1530 2948 1623 2985 satis
