1779 3420
131 203 234 251 482

461 199 514 248 Ρ.
552 199 918 254 VIRGILII
961 198 1334 250 MARONIS

130 329 340 375 Ancora
368 323 437 374 de
461 341 621 391 prora
648 326 861 388 iacitur3
900 334 1038 375 stant
1061 325 1221 375 litore
1244 343 1467 393 puppes,

199 399 342 460 Ergo
365 395 630 462 insperata
657 396 881 446 tandem
904 395 1098 446 tellure
1122 397 1295 463 potiti,

130 470 555 533 Lustramurque
579 468 719 532 Iovi,
748 468 994 534 votisque
1018 467 1360 517 incendimus
1390 482 1529 526 aras3

225 586 295 620 278
316 585 484 631 potimur
508 585 631 629 Puget.

727 586 798 621 279
832 587 1126 630 Lustramasque
1154 585 1211 618 ed.
1239 587 1330 618 Ven.
1363 585 1414 629 (et
1444 583 1523 616 Alb.
1566 584 1661 627 Wr.)

132 635 431 677 Lustramurque
454 632 540 665 deo:
566 631 657 665 coni.
677 634 727 666 Io.
750 633 937 666 Schrader.
955 645 1005 666 sc.
1025 631 1200 677 Apollini3
1234 639 1273 664 ut
1292 634 1377 666 Iovi
1396 644 1414 664 e
1436 631 1527 664 mala
1548 630 1663 664 inter-

133 679 335 724 pretatione
356 679 572 724 provenerit.
623 681 721 713 votis
738 681 809 713 inc.
826 685 909 712 tert.
927 679 1097 713 Rotteud.

128 769 200 801 tur
234 762 361 801 oratio
393 776 432 801 v.
465 761 550 804 274
577 769 617 800 et
651 762 735 804 275
763 778 863 814 pro-

125 823 309 872 gressiva
330 837 342 858 .·
398 826 444 859 ut
487 834 569 858 non
608 821 863 872 copulentur,

129 878 199 917 sed
241 878 427 930 deinceps
464 885 755 917 enumerentur
808 881 863 917 Ec

128 939 336 975 Leucatae
348 958 402 965 —
415 937 470 974 Ec
492 934 561 988 (sc.
577 937 745 975 ulterius
764 951 863 989 pro-

126 994 282 1048 gressis)
321 996 502 1044 aperilur
537 996 704 1046 Apollo.
768 995 864 1033 Fuit

128 1059 263 1091 autem
286 1052 417 1091 nobile
442 1053 638 1105 templum
666 1053 862 1105 Apollinis

128 1110 300 1159 Actiaci,
327 1110 473 1162 idque,
506 1118 553 1150 ut
579 1126 688 1150 nunc
705 1125 755 1150 ex
776 1111 814 1150 h.
835 1112 861 1150 l.

126 1169 381 1220 intelligitur,
431 1168 471 1207 in
509 1169 597 1208 loco
637 1170 769 1218 edito,
811 1183 862 1207 ex

127 1241 238 1266 more
259 1226 522 1279 templorum3
542 1234 581 1265 et
603 1235 763 1267 constat
782 1228 862 1266 iam

126 1286 221 1324 satis
256 1298 301 1323 ea
334 1285 384 1323 de
417 1298 461 1323 re
490 1298 510 1322 e
547 1287 637 1325 loco
670 1287 860 1325 strabon.

127 1344 266 1396 V11,p.
289 1345 373 1387 500
401 1344 432 1381 Β
460 1341 519 1397 (p.
547 1344 662 1398 325).
722 1345 862 1397 Itaque

124 1403 225 1441 bene
256 1403 451 1453 Pompon.
481 1402 572 1440 sab.
601 1404 778 1454 Apollo,
819 1404 864 1441 id

125 1469 209 1509 est,
247 1475 349 1511 pars
388 1461 464 1498 illa
502 1475 655 1510 saxea,
708 1464 750 1499 in
778 1476 862 1514 qua

125 1520 320 1570 templum
372 1518 581 1569 Apollinis
631 1529 726 1557 erat.
808 1521 863 1557 De

128 1577 276 1628 templo
307 1577 412 1614 conf.
435 1578 599 1615 sueton.
632 1577 776 1617 octav.
807 1581 861 1620 96

125 1642 229 1673 extr.
252 1635 387 1685 ibique
412 1634 588 1687 interpp.
648 1636 702 1673 De
733 1635 860 1688 Apol-

127 1693 217 1731 linis
239 1693 347 1743 signo
368 1692 523 1742 aliquo,
557 1693 666 1743 quod
695 1694 735 1732 in
759 1709 859 1746 pro-

125 1750 328 1789 montorio
348 1751 519 1800 steterit,
545 1752 760 1804 Spencium
781 1753 860 1790 Po-

127 1810 263 1862 lyniet.
285 1808 434 1859 Dialog.
461 1809 563 1857 Vlll,
603 1824 640 1862 p.
675 1813 729 1852 33
762 1809 862 1848 haec

127 1867 306 1919 accipere
325 1866 492 1905 mireris.
553 1868 652 1906 Nam
686 1869 860 1907 nobilem

125 1925 320 1978 Apollinis
378 1924 531 1963 Actiaci
587 1932 762 1965 statuam
820 1928 860 1966 in

127 1983 274 2035 templo
296 1983 370 2021 isto
398 1983 518 2021 fuisse
536 1997 692 2022 necesse
721 1992 781 2024 est
813 2000 864 2024 ex

127 2041 332 2080 communi
355 2055 466 2079 more
490 2040 539 2094 *).
587 2042 705 2081 Urbis
726 2050 862 2082 autem

126 2107 166 2138 et
187 2099 326 2151 templi
343 2106 587 2138 vetustatem
608 2101 660 2139 ad
679 2109 861 2154 tempora

126 2159 300 2197 Troiana
320 2164 486 2196 revocat
503 2165 618 2210 poeta
631 2173 700 2199 seu
717 2168 861 2199 aucto-

126 2217 247 2254 ritate
260 2229 329 2254 seu
340 2223 566 2255 commento
579 2232 663 2257 suo.
688 2216 860 2271 (—278.

125 2277 357 2325 insperata,
418 2275 459 2313 in
502 2289 582 2326 quo
618 2277 859 2329 explicando

128 2332 254 2370 haesit
272 2332 455 2382 Servius,
488 2347 561 2372 nec
591 2335 759 2384 iniuria,
792 2349 861 2374 re—

126 2390 335 2428 ferendum
354 2397 414 2428 est
431 2391 482 2428 ad
502 2393 679 2443 pericula
691 2408 748 2433 vs.
763 2397 860 2436 282.

128 2462 184 2498 sq.
205 2456 528 2488 commemorata.
564 2451 675 2504 lt‘r.)

186 2508 281 2547 279.
313 2505 540 2556 Antequam
566 2508 758 2548 ludorum
779 2511 862 2549 sol-

128 2563 262 2601 lennia
277 2564 352 2601 rite
372 2564 561 2603 celebrari
579 2567 755 2619 possint,
786 2582 861 2606 ex-

922 763 1100 815 piatione
1127 768 1167 800 et
1197 760 1437 800 lustratione
1464 775 1566 813 opus
1590 767 1660 799 est.

923 823 1169 859 Lustramur
1185 821 1302 869 lovi,
1337 820 1527 858 invocato
1555 818 1661 869 Iove,

923 879 988 917 cui
1028 892 1188 917 sacrum
1224 878 1428 931 piaculare
1477 877 1659 916 offertur.

925 936 1056 991 (Grat.
1091 938 1224 989 Cyneg
1270 938 1388 978 49l.:
1439 942 1570 991 „tota
1593 935 1661 973 iu-

923 994 1660 1045 ventusLustraturqueDeae“

921 1060 997 1092 cet.
1019 1054 1087 1092 ubi
1111 1052 1193 1092 vid.
1222 1053 1316 1091 Ulit.
1353 1051 1466 1105 lVr.)
1521 1052 1661 1101 Quae-

920 1112 1025 1151 ritur
1076 1118 1233 1160 tamen,
1293 1125 1365 1149 cur
1405 1111 1516 1160 Iovi,
1576 1125 1659 1149 non

921 1170 1131 1223 Apollini?
1172 1169 1239 1208 cui
1268 1169 1354 1208 ludi
1376 1168 1452 1222 ipsi
1482 1169 1659 1207 instituti

919 1243 1002 1267 esse
1031 1229 1218 1267 debuere.
1278 1228 1399 1267 Varia
1432 1234 1659 1266 commenta

920 1288 1032 1326 vides
1052 1288 1093 1325 in
1115 1286 1331 1326 Servianis.
1383 1286 1462 1324 Sed
1484 1286 1659 1338 primum

921 1346 973 1384 ad
1000 1345 1301 1385 observandum
1336 1346 1379 1383 in
1401 1351 1568 1397 promtu
1589 1350 1658 1394 est,

920 1404 1098 1443 sollenne
1118 1404 1237 1443 fuisse
1255 1403 1397 1456 priscis
1414 1403 1657 1451 hominibus,

921 1469 970 1501 ut
1001 1463 1044 1501 in
1073 1463 1196 1502 sacris
1228 1462 1455 1514 cuicunque
1489 1461 1657 1500 deorum

922 1522 1035 1559 sactis
1058 1521 1196 1560 lovem
1214 1520 1257 1558 in
1285 1528 1421 1573 partes
1450 1526 1657 1559 vocarent.

921 1580 1048 1618 Porro
1069 1579 1318 1632 expiationes
1341 1586 1382 1618 et
1400 1579 1659 1617 lustrationes

921 1637 1084 1690 proprie
1128 1638 1179 1676 ad
1227 1637 1365 1676 Iovem
1406 1638 1657 1686 referuntur,

919 1696 1066 1748 quippe
1087 1696 1263 1734 ultorem
1279 1702 1319 1733 et
1341 1695 1544 1734 vindicem
1564 1708 1656 1733 cae—

919 1754 979 1791 dis
1004 1754 1213 1806 omnisque
1239 1754 1408 1806 piaculi,
1440 1753 1552 1805 quod
1583 1766 1657 1790 ex-

918 1812 1115 1863 piandum
1170 1819 1241 1851 est.
1313 1813 1416 1850 cons.
1469 1811 1656 1865 Apollon.

919 1869 1052 1908 Rliod.
1077 1870 1141 1920 IV,
1163 1873 1259 1912 699.
1282 1873 1365 1912 700
1386 1884 1444 1922 sq.
1465 1877 1505 1909 et
1522 1870 1656 1908 Schol.

925 1928 1107 1981 Aeschyli
1126 1930 1293 1967 Eumen.
1317 1927 1401 1970 444
1433 1928 1573 1979 docet,
1607 1928 1656 1966 ab

921 2000 967 2025 eo
1001 1987 1089 2039 ipso
1120 1987 1301 2025 Ixionem
1328 1986 1567 2037 lustratum,
1598 1986 1656 2024 ita

921 2052 968 2083 ut
990 2045 1116 2098 possit
1145 2060 1220 2097 pro
1251 2051 1416 2083 auctore
1447 2047 1551 2084 ritus
1579 2043 1655 2083 ha-

920 2104 1016 2142 beri.
1088 2103 1297 2143 Piaculum
1351 2103 1393 2141 in
1454 2104 1656 2156 Harpyias

919 2162 1175 2200 commissum
1224 2168 1338 2215 potes
1384 2176 1476 2200 cum
1514 2162 1655 2200 Servio

917 2220 1118 2272 sigillatim
1141 2220 1224 2260 huc
1246 2220 1418 2259 trahere.
1465 2224 1569 2259 volis
1588 2223 1654 2258 in—

917 2279 1122 2316 cendimus
1153 2294 1275 2327 aras,
1318 2280 1447 2317 forma
1484 2278 1656 2318 Horatio

918 2351 1079 2388 quoque
1106 2338 1382 2388 frequentata:
1417 2345 1462 2376 ut
1487 2338 1515 2387 1,
1546 2338 1587 2385 4,
1616 2340 1654 2378 7.

918 2395 989 2433 ubi
1013 2396 1226 2434 Vulcanus
1246 2396 1390 2433 ardens
1414 2397 1492 2433 ανίι
1519 2395 1655 2445 offici-

918 2468 995 2491 ηας
1024 2453 1245 2491 Mitscherl.
1276 2459 1414 2491 noster
1449 2453 1656 2505 praeclare

919 2510 1109 2549 illustrat.
1145 2511 1284 2559 docte,
1326 2524 1421 2563 pro,
1469 2517 1566 2549 vota
1612 2511 1654 2548 in

920 2569 998 2607 aris
1020 2569 1085 2608 vel
1112 2568 1344 2621 impositum
1368 2575 1435 2607 tus
1459 2575 1500 2606 et
1530 2569 1654 2608 victi—

221 2711 250 2751 '')
275 2712 461 2758 Apollinis
482 2715 626 2747 Actiaci
643 2713 778 2757 signum
801 2715 836 2747 in
862 2715 981 2748 multis
1015 2715 1161 2760 Augusti
1196 2716 1308 2749 numis
1336 2724 1371 2749 et
1401 2716 1437 2749 in
1465 2723 1552 2750 noto
1579 2721 1654 2751 An·—

132 2757 217 2790 tistii
236 2758 382 2791 denario
401 2760 564 2794 occurrit.
616 2761 707 2793 Male
725 2762 809 2794 olim
841 2762 987 2795 saliente
1017 2764 1186 2796 memoria
1212 2764 1247 2796 in
1282 2764 1349 2797 fine
1379 2770 1486 2797 notae
1509 2765 1654 2798 adiece-

132 2817 225 2845 ram,
252 2806 423 2850 Apollinis
445 2807 580 2850 signum
608 2820 684 2840 csse
713 2809 905 2854 aliquando
935 2811 1269 2854 Constantinopolin
1299 2818 1469 2845 avectum.

1520 2813 1653 2845 Tradi-

133 2859 201 2885 tum
222 2852 308 2885 illud
330 2860 383 2885 est
410 2853 452 2886 de
483 2854 581 2887 asino
613 2867 689 2887 cnm
718 2856 889 2889 asinario:
928 2857 972 2889 dc
1003 2870 1072 2901 quo
1110 2861 1255 2891 Sneton.
1290 2862 1409 2891 Octav.
1447 2861 1505 2895 96.
1553 2861 1655 2893 Hunc

130 2899 255 2945 Cpolin
275 2908 430 2932 avectum
451 2900 487 2934 in
514 2902 750 2947 hippodromo
778 2903 933 2948 positum
970 2917 1045 2937 esse
1078 2912 1195 2938 narrat
1226 2918 1301 2939 cum
1332 2905 1408 2938 aliis
1441 2907 1653 2940 Theodorus

132 2947 322 2980 Metcchita
346 2947 437 2981 Hist.
459 2950 558 2982 Rom.
579 2963 612 2993 p.
633 2952 666 2984 2.
686 2950 720 2984 4.
745 2958 779 2983 ot
799 2955 970 2995 Anonym.
990 2952 1033 2985 <le
1058 2952 1195 2997 Antiqq.
1215 2953 1315 2997 Cpol.
1332 2966 1366 2986 n.
1384 2954 1464 2989 313.
