1779 3420
73 227 171 273 170

409 225 858 275 P.V1RG1L11
903 228 1279 277 MARONIS

68 349 357 409 Venimus,
397 361 488 401 ant
516 362 690 419 raptas
712 353 778 402 ad
800 353 955 403 litora
980 363 1192 404 vertere
1218 355 1467 420 praedas:

65 424 188 470 Non
211 436 271 470 ea
294 421 370 470 vis
392 423 597 486 animo,
642 440 743 473 nec
769 433 911 473 tanta
934 425 1184 490 superbia
1208 426 1367 477 victis,

64 492 159 540 Est
184 490 358 551 locus,
397 494 716 559 Hesperiam
744 494 885 543 Graii
912 495 1238 558 cognomine
1264 495 1464 557 dicunt,
1497 500 1599 550 530

68 563 235 610 Terra
257 562 495 630 antiqua,
532 572 728 629 potens
752 564 911 612 armis
939 573 1099 630 atque
1123 565 1293 615 ubere
1316 566 1534 630 glebae3

67 632 297 682 Oenotri
325 633 541 683 coluere
563 634 683 694 viri3
726 650 872 682 nunc
893 632 1058 695 fama,
1096 636 1336 684 minores

64 702 268 752 Italiam
296 703 483 753 dixisse
510 703 658 753 ducis
687 703 755 753 de
781 704 1006 753 nomine
1031 713 1265 768 gentem.

134 799 248 849 531.
287 811 474 859 ARMIS,

159 938 228 973 528
269 939 467 972 advertere
506 939 619 973 litora
643 940 809 986 praedas
841 941 999 973 Venetus
1029 939 1178 972 Heinsii.

63 987 184 1029 Sprot.
232 998 255 1019 α
273 986 384 1019 litore
402 995 544 1019 vertere
565 986 666 1020 Leid.
691 1000 766 1020 cum
787 987 921 1032 aliquot
947 987 1052 1020 codd.
1080 987 1200 1020 Pierii.

63 1034 183 1075 Sprot.
233 1034 365 1066 animis
387 1046 461 1066 non
481 1042 590 1067 tanta
610 1035 666 1067 ed.
689 1036 814 1068 venet.

63 1079 129 1114 531
161 1082 301 1112 Potens
319 1081 429 1113 Goth.
453 1093 506 1125 pr.
557 1084 660 1115 arvis
680 1090 791 1126 atque
810 1094 844 1115 υ.
866 1096 904 1127 g.
926 1094 1021 1115 mera
1041 1082 1232 1114 aberratio.

1237 940 1287 972 ad
1322 939 1437 972 litora
1467 938 1599 971 tollere

1298 987 1366 1021 529
1393 987 1514 1018 animo
1544 994 1598 1017 est

887 1035 1097 1070 530-533
1121 1040 1332 1078 repetuntur
1350 1034 1406 1074 III,
1434 1033 1500 1067 163
1521 1045 1596 1076 sqq.

1329 1082 1398 1116 532
1430 1079 1520 1112 mule
1551 1079 1596 1112 al.

64 1128 242 1160 Oenotrii.
291 1130 462 1160 Graecum
483 1136 536 1160 est
563 1128 762 1171 Οἴνωτροι.
795 1130 838 1162 ef.
870 1127 892 1162 Ι.
912 1129 935 1162 l.
955 1142 974 1161 a
998 1131 1108 1162 Burm.
1148 1130 1331 1174 (Oenotrii
1352 1127 1482 1160 Medic..
1505 1127 1539 1159 h.
1561 1127 1596 1167 I.,

62 1174 144 1206 item
165 1175 207 1206 ab
230 1176 341 1207 altera
360 1187 460 1207 manu
484 1177 541 1217 III,
570 1177 660 1218 165„
692 1176 750 1208 ubi
772 1176 808 1208 in
837 1176 996 1221 pluribus
1027 1177 1130 1209 codd.
1162 1177 1250 1209 hane
1280 1177 1427 1207 formam
1458 1181 1595 1206 exstare

62 1221 186 1253 scribit
210 1222 392 1261 Heinsius,
420 1222 478 1266 qui
497 1224 645 1255 eamdem
669 1223 776 1256 etiam
799 1236 840 1256 ex
861 1224 968 1263 Silio,
1007 1223 1145 1260 invitis,
1184 1230 1221 1255 ut
1251 1223 1425 1254 interdum
1446 1221 1596 1260 videtur,

61 1268 161 1301 libris
183 1282 264 1302 mss.
286 1269 438 1314 ‹¹xpulit;
476 1270 545 1303 vid.
568 1277 691 1303 notata
712 1271 757 1303 ad
778 1271 839 1303 Sil.
861 1272 959 1311 XIII,
989 1271 1046 1305 51.
1086 1270 1297 1313 Οἴνωτροι,
1336 1282 1363 1302 ε.
1391 1268 1593 1311 Οἰνωτροί,

61 1329 88 1348 s.
112 1316 212 1349 etiam
239 1317 450 1360 Οἰνώτροι,
478 1324 532 1349 cst
560 1318 684 1362 populi
715 1330 859 1357 nomem
894 1318 956 1350 sed
987 1330 1090 1361 quum
1114 1317 1149 1350 h.
1179 1318 1201 1350 l.

1236 1317 1408 1349 adiectum
1440 1316 1485 1348 sit
1515 1317 1595 1355 viri,

60 1363 149 1397 nihil
169 1364 337 1409 impedit,
363 1364 547 1408 quominus
571 1366 757 1405 Oenotrii‚
782 1365 888 1398 modo
917 1362 1195 1410 τρισυλλάβως,
1240 1365 1388 1407 legatur.
1438 1362 1595 1402 Interim,

62 1422 166 1455 quum
189 1423 260 1443 non
281 1418 432 1453 constet,
458 1412 528 1444 utri
549 1412 684 1444 formae
704 1412 814 1457 magis
835 1413 975 1446 faveant
995 1412 1111 1454 codd.‚
1136 1411 1225 1445 nihil
1249 1410 1392 1445 mutavi.
1432 1410 1595 1443 Ceterum

59 1457 130 1492 vid.
150 1461 192 1493 V.
213 1460 249 1492 L.
275 1459 319 1492 ad
340 1460 421 1501 XII,
444 1460 525 1495 365.
557 1460 655 1503 Wr.)

59 1566 165 1604 citur
185 1566 309 1616 locus,
342 1567 410 1618 qui
432 1567 573 1605 incolis
594 1568 796 1620 privatur.

58 1624 144 1663 Liv.
165 1625 232 1674 III,
259 1628 316 1666 6.:
350 1625 442 1662 urbs·
466 1627 660 1664 Romana
686 1642 796 1664 mor-

57 1682 105 1720 bo
120 1685 362 1734 populatur.
390 1684 439 1721 cf.
454 1692 614 1722 vastare
627 1699 684 1723 vs.
698 1684 796 1726 471.

62 1740 215 1795 Wclz.)
255 1742 474 1794 Compara-t
491 1743 620 1780 cerda
641 1742 796 1795 Orphi-

58 1814 103 1838 ca
121 1799 339 1851 Argonaut.
361 1803 444 1842 827
458 1815 562 1851 sqq:
594 1802 794 1839 sententia

57 1859 198 1896 saltem
219 1872 300 1896 non
317 1858 415 1896 adeo
441 1859 579 1910 dispar
589 1866 658 1898 est.
688 1860 794 1899 Add.

58 1916 245 1969 Apollon.
268 1917 429 1966 111‚386
449 1931 534 1968 sqq.
575 1920 672 1960 528.
694 1919 795 1956 Verh

57 1985 134 2013 tere
149 1976 331 2027 praedas
353 1976 550 2026 exquisite
572 1991 648 2029 pro
674 1990 793 2014 aver-

56 2040 164 2083 tere,
196 2034 370 2085 abigere:
410 2040 459 2072 ut
493 2040 553 2072 est
592 2035 659 2073 lib.
695 2035 792 2084 VIII,

55 2094 153 2134 208·
179 2094 231 2140 X,
257 2095 325 2134 78·
387 2092 483 2135 529.
514 2095 582 2130 Ea
606 2096 681 2142 ιἰἱς,
718 2107 792 2131 au-

56 2150 193 2200 dacia,
225 2157 273 2189 ut
301 2150 388 2191 alia.
424 2150 562 2188 eadem
595 2166 692 2190 mox
719 2167 791 2189 su-

47 2208 208 2260 perbia,
242 2209 467 2247 insolentia.

113 2267 210 2309 530.
240 2268 300 2305 Ex
325 2269 527 2306 Enniano:
565 2270 635 2305 Exn
660 2269 786 2317 loeus,

54 2327 301 2376 Hesperiam
327 2341 452 2378 quam
478 2327 666 2363 morlales
690 2341 789 2377 per—

53 2383 263 2429 bibebant,
297 2397 531 2436 expressum
565 2397 669 2432 esse,
710 2386 788 2422 iam

53 2441 194 2480 Servio
218 2448 403 2480 notatum
431 2448 471 2480 et
492 2442 699 2481 Macrobio
724 2443 788 2491 VI,

56 2503 102 2548 1,
140 2499 382 2551 elegantiore
417 2501 558 2551 utique
592 2502 788 2539 oratione.

54 2559 242 2596 Ceterum
263 2559 314 2596 ad
335 2558 408 2596 hos
430 2573 508 2596 vss,
531 2561 614 2601 530
634 2582 691 2587 —-
705 2560 788 2600 533

53 2617 102 2654 cs.
128 2617 295 2654 Excurs.
330 2619 403 2654 la'st
447 2618 557 2654 loeas
590 2616 628 2655 h.
658 2617 682 2655 l.
716 2631 787 2667 pro

53 2675 226 2726 regione.
287 2674 376 2712 Non
408 2674 475 2712 hic
507 2675 638 2713 locum
670 2675 790 2712 habet

51 2733 311 2785 grammatica
366 2733 578 2771 subtilitas,
664 2733 787 2780 Quod

52 2798 185 2830 autem
208 2794 455 2842 llasperiam
479 2805 552 2842 pro
585 2792 699 2829 Italia
723 2792 787 2828 di—

51 2850 127 2900 eit,
161 2850 351 2887 maiorem
382 2849 505 2887 habet
534 2850 789 2900 antiquitatis

51 2909 352 2947 auctoritatem.
429 2908 553 2956 Quod
588 2910 787 2946 Graecum

52 2981 199 3005 nomen
242 2967 347 3005 inter
386 2966 531 3018 'syrios
581 2973 788 3013 memoret,

855 1581 976 1620 super
997 1567 1076 1605 hoc
1100 1567 1279 1617 argutari
1299 1566 1339 1604 in
1361 1571 1477 1617 poeta
1505 1565 1592 1617 epi-

855 1640 902 1664 co
934 1626 1056 1664 nefas.
1112 1627 1161 1663 cs.
1198 1639 1284 1676 sup.
1325 1624 1375 1662 ad
1423 1638 1460 1662 v.
1495 1627 1592 1666 321.

855 1686 952 1727 531.
993 1683 1268 1722 Nobilissimus
1301 1683 1407 1720 inter
1436 1687 1592 1720 veteres

853 1755 1007 1780 versus.
1073 1744 1193 1779 Terra
1218 1744 1413 1792 ιιηίίιμια,
1459 1755 1480 1777 a
1506 1739 1590 1791 pri-

853 1815 918 1838 ma
941 1800 1036 1838 inde
1060 1800 1269 1839 hominum
1295 1798 1487 1836 memoria
1515 1797 1589 1835 ha-

852 1859 992 1907 bitata,
1026 1859 1206 1909 adeoque
1231 1872 1311 1895 non
1339 1856 1522 1907 ignobilis
1551 1862 1591 1893 et

854 1917 1048 1966 obseura3
1094 1925 1241 1967 poten-s-
1288 1918 1414 1953 armis·
1469 1922 1590 1965 alque

853 1975 966 2013 ubere
985 1975 1147 2026 glebae,
1174 1973 1398 2012 incolarum
1418 1972 1586 2010 fortitu-

854 2034 947 2071 dine
978 2040 1016 2071 et
1047 2034 1120 2071 soli
1160 2033 1345 2071 ubertate
1378 2031 1587 2068 excellens.

852 2092 950 2130 uber
966 2091 1112 2142 glebae
1137 2091 1305 2129 ductum
1328 2090 1458 2128 videri
1490 2095 1587 2141 pot-

852 2157 912 2188 est
950 2164 1000 2188 ex
1033 2150 1246 2187 Homerico
1279 2148 1390 2186 Iliad.
1422 2150 1457 2196 ζ,
1494 2146 1586 2188 141.

851 2203 987 2259 οὖθαρ
1019 2204 1225 2262 οἷρούρης,
1259 2203 1425 2260 (γουνός
1456 2200 1585 2258 ἀρού-

850 2283 924 2319 ρης
948 2266 1026 2305 Od.
1047 2284 1084 2315 α,
1120 2269 1213 2309 193.
1242 2263 1395 2317 [Vc-lh.)
1425 2264 1496 2302 vix
1521 2269 1585 2300 ta—

850 2339 940 2362 men
969 2325 1102 2377 prisco
1132 2325 1200 2362 illo
1231 2323 1475 2375 significatu,
1506 2335 1587 2372 quo

851 2384 950 2421 uber
974 2397 1043 2421 seu
1070 2397 1241 2421 mannua
1266 2396 1311 2420 ae
1340 2382 1402 2418 lae
1430 2380 1503 2418 soli
1537 2379 1587 2417 de

847 2441 1055 2479 fertilitate
1084 2440 1272 2492 usurpari
1304 2439 1477 2487 solebat3
1516 2438 1587 2475 sed

847 2500 944 2538 uber
964 2513 1038 2551 pro
1062 2500 1249 2537 ubertate
1268 2497 1423 2535 dietum
1437 2498 1585 2534 Gram-

847 2557 983 2595 matici
1036 2557 1194 2596 docent.
1265 2557 1410 2593 Poetae
1449 2561 1584 2592 tamen

847 2622 1028 2655 veterem
1070 2615 1261 2666 loquendi
1307 2627 1460 2651 moreni
1502 2626 1584 2649 non

847 2676 1099 2725 ignorarunt.
1162 2671 1391 2711 Calliniach.
1423 2671 1465 2707 in
1504 2670 1583 2708 Del.

847 2733 902 2773 48
928 2729 1072 2783 νήσοιο
1102 2729 1323 2785 διάβροχον
1359 2727 1475 2768 ὕδατι
1507 2745 1580 2780 μα-

848 2787 942 2830 στὸν
969 2791 1084 2828 dixit.
1152 2787 1495 2838 0171ottz'l'e1asgi,
1516 2787 1582 2836 qui

848 2849 1046 2900 principio
1067 2863 1206 2898 agrum
1228 2850 1269 2885 in
1294 2846 1489 2884 interiore
1512 2846 1582 2882 lit-

848 2914 938 2944 tore
959 2907 1160 2945 inferioris
1189 2907 1324 2945 Italiae
1353 2917 1582 2955 occupave-

849 2972 961 3004 rant:
994 2966 1102 3003 unde
1134 2966 1326 3004 Oenotria
1357 2964 1465 3001 dieta
1495 2962 1582 3013 pri—
