1827 3436
399 247 817 297 AENEIDOS
858 248 997 298 LIB.
1035 250 1073 310 Ι,
1117 254 1401 301 171--181

1573 260 1664 306 101

157 378 293 423 Tum
322 375 575 422 Cererem
611 381 928 438 conruptam
962 374 1120 423 undis
1148 375 1492 443 Cerealiaque
1524 396 1666 428 arma

151 441 453 507 Expediunt
488 441 611 491 sessi
648 459 858 502 rerum3
897 442 1186 510 frugesque
1220 455 1458 511 receptas

148 514 214 559 Et
247 520 452 560 torrere
489 522 676 578 parant
709 511 939 562 flammis
985 523 1036 563 et
1065 514 1311 578 frangere
1346 533 1480 568 saxo,

257 583 461 630 Aeneas
537 582 822 647 scopulum

904 584 1107 633 interea

1615 597 1665 636 et

1567 661 1664 709 180

1181 585 1493 635 conscendit
1516 627 1527 647 ,

936 670 1159 704 omnem

147 721 497 784 Prospectum
532 719 634 769 late
667 720 855 786 pelago
892 724 1048 787 petit3
1096 724 1303 774 Anthea
1333 725 1372 773 si
1410 742 1573 791 quem

194 849 259 882 177
285 856 488 893 correptam
516 849 596 881 Exc.
626 850 810 884 Burmann.

920 852 988 886 179
1014 855 1213 886 Exterrere
1237 853 1370 886 Zulich.
1399 860 1434 886 et
1458 855 1581 887 Hamb.
1609 866 1661 897 pr.

148 894 211 927 181
234 895 370 940 pelago
406 895 481 927 late
510 902 581 927 tres
611 897 726 928 Burm.
774 897 923 930 Anthea
950 898 1031 931 libri
1059 900 1240 944 potiores3
1274 896 1426 940 Ἀνθεῦς
1457 913 1497 933 ex
1528 896 1662 941 ἄνθος,

146 940 293 973 Ductum
314 941 396 973 inde
419 953 544 974 nomen
563 942 765 975 femininum
784 939 949 987 Ἀνθεία,

977 947 1089 990 quod,
1115 947 1165 979 uti
1191 959 1232 979 ex
1253 948 1422 992 Xenoph.
1442 948 1571 992 Ephe-s.
1593 960 1660 981 no-

144 987 254 1020 vimus
268 1013 276 1028 ‚
312 988 416 1020 etiam
440 984 565 1022 ’Aveia
596 989 662 1021 fuit
689 989 713 1022 f.
746 1002 787 1022 ex
804 985 966 1032 '‘sivacog.
1000 993 1059 1025 alii
1079 997 1213 1028 Antea.
1256 996 1288 1026 si
1308 1007 1379 1038 qua
1400 1007 1419 1027 3
1440 995 1558 1027 multis
1577 994 1661 1028 olim

144 1033 271 1066 lectum
288 1035 367 1075 fuit,
395 1035 487 1079 quod
512 1042 547 1067 et
567 1035 743 1068 Charisius
764 1043 925 1071 testatur.
956 1040 998 1072 ef.
1021 1040 1110 1074 Pier.
1140 1047 1175 1073 et
1195 1041 1332 1073 Fabric.
1352 1041 1498 1074 retinuit
1515 1041 1659 1086 Cuning.

144 1080 178 1112 in
210 1093 271 1114 sua
303 1081 386 1114 edit.

442 1082 512 1114 Sed
541 1094 616 1115 voc.
641 1084 775 1128 aliquis
805 1096 879 1117 cum
906 1087 1046 1120 nomine
1073 1087 1220 1135 proprio
1247 1088 1426 1132 eleganter
1454 1089 1548 1133 iungi
1576 1090 1659 1122 satis

145 1128 298 1161 docuere
320 1128 384 1161 viri
406 1129 512 1162 docti.
540 1131 586 1174 (si
604 1142 676 1175 qua
690 1130 795 1163 Palat.
827 1132 921 1175 lVr.)

144 1234 348 1273 excitandi
373 1236 591 1285 rationein,
633 1251 718 1287 qua
754 1236 874 1276 hodie

142 1299 321 1343 pastores
351 1300 545 1343 utuntur,
578 1296 646 1344 qui
665 1302 872 1346 exceptam

143 1352 263 1400 fungo
291 1352 500 1388 scintillam
538 1352 576 1389 in
609 1353 765 1390 aridum
798 1354 872 1390 sti—

142 1408 259 1458 pulae
287 1410 535 1460 manipulum
556 1410 738 1448 condunt
757 1424 871 1449 eum-

143 1479 219 1514 que
251 1467 432 1504 fomitem
473 1468 654 1505 celeriter
686 1468 864 1517 vibrant,

143 1526 269 1561 donec
289 1538 360 1575 per
382 1539 518 1562 auram
544 1525 733 1563 suscitata
751 1526 869 1563 ssani-

141 1594 203 1617 ma
243 1583 406 1633 stipulas
444 1583 644 1634 corripiat.
704 1585 868 1634 Rapuit

139 1638 260 1688 igitur
273 1642 492 1689 stammam
519 1643 560 1677 m
583 1641 752 1690 fomite,
784 1642 807 1679 i.
835 1655 866 1679 e.

139 1697 256 1734 celeri
300 1704 412 1735 motu
450 1698 601 1748 effecit,
656 1705 702 1736 ut
730 1700 865 1748 fomes,

137 1753 177 1791 h.
201 1767 232 1792 e.
264 1756 491 1807 manipulus
511 1756 596 1804 ille,
630 1756 771 1794 ardere
800 1757 866 1794 111-

138 1812 299 1863 ciperet.
330 1813 394 1867 Sic
412 1827 492 1851 non
508 1820 579 1862 est,
601 1828 724 1864 quare
745 1828 864 1865 prae—

136 1870 374 1920 positionem
398 1873 440 1908 in
469 1872 675 1909 abundare
707 1878 863 1910 statua·-

136 1941 246 1977 mus,
298 1936 346 1967 ut
374 1929 503 1967 visum
537 1936 595 1966 est
630 1930 864 1968 W'underli-

136 1984 224 2023 chio
261 1986 300 2025 h.
327 1987 351 2025 1.
386 1993 424 2024 et
464 1988 607 2025 Iacobo
647 1987 697 2025 ad
740 1989 862 2026 Lucil.

135 2043 230 2081 Aen.
262 2058 320 2082 VS.
350 2047 418 2086 20.
468 2046 528 2083 Ita
557 2059 576 2082 e
613 2046 737 2094 soliis,
789 2059 862 2083 ex-

136 2107 249 2152 cepta
283 2103 451 2139 scintilla
482 2103 756 2154 gliscentibus,
789 2104 864 2141 ad-

135 2164 244 2196 moto
274 2160 425 2198 sulfure
465 2161 626 2198 flamma
664 2162 862 2200 excitatur

135 2216 241 2267 apud
262 2217 389 2255 valer.
412 2218 484 2267 Fi„
518 2219 583 2269 qui
610 2226 745 2270 aperte
767 2220 860 2257 Vir-

133 2274 267 2323 gilium
287 2275 466 2313 imitatus
489 2285 559 2323 est,
580 2277 625 2324 11,
645 2277 740 2318 445.
754 2291 859 2328 sqq.:

135 2337 291 2379 „tracto
314 2347 406 2384 pars
428 2334 574 2384 frangit
595 2334 741 2371 adorea
760 2349 856 2372 saxo

133 2388 278 2427 Farra2
328 2391 449 2428 citum
483 2393 631 2429 strictis
670 2393 768 2430 alius
809 2393 856 2430 dc

133 2448 317 2485 caulibus
339 2448 468 2499 ignem
487 2450 676 2487 Ostendit
696 2451 797 2488 soliis
817 2457 857 2488 et

133 2504 282 2542 sulfure
311 2507 437 2556 pascit
465 2508 628 2545 amicost<
665 2510 781 2559 lVr.)

192 2565 442 2605 177—179.
474 2565 550 2602 Hic
571 2565 682 2603 vides
702 2567 856 2617 prisco—

132 2632 222 2656 rum
260 2619 467 2659 hominum
495 2624 695 2661 rationem
722 2629 759 2660 et
789 2638 857 2662 ar-

133 2682 211 2713 tcin
243 2679 356 2728 panis
390 2680 648 2729 conficiendi,
681 2696 763 2719 11011
791 2682 856 2720 111-

132 2741 282 2781 gratam
307 2737 413 2773 illam
436 2745 475 2775 ct
494 2739 756 2776 iniucundam
784 2754 855 2777 co-

132 2790 244 2838 gnitu
273 2792 520 2843 hominibus,
554 2797 638 2846 qui,
672 2812 691 2833 a
712 2798 856 2847 quibus

134 2845 252 2884 initiis
272 2851 351 2887 vita
373 2851 544 2890 humana
569 2855 619 2891 ad
639 2854 749 2892 hunc
767 2856 854 2892 cul—

134 2907 216 2940 tum
235 2919 438 2957 progressa
459 2911 529 2958 sit,
571 2913 707 2961 quaeri
727 2913 856 2950 sciant

135 2972 155 2994 3
178 2959 442 3016 philosophis,
484 2969 552 3018 qui
572 2968 772 3008 humanae
794 2971 855 3008 vi-

932 1246 996 1277 tae
1019 1241 1179 1279 annales
1203 1249 1274 1280 aut
1305 1243 1476 1281 condere
1497 1249 1568 1280 aut
1586 1257 1657 1280 co—

930 1312 1117 1349 gnoscere
1142 1301 1319 1351 cupiunt.
1367 1302 1531 1351 fruges,
1566 1300 1604 1338 h.
1624 1314 1656 1338 e.

929 1370 1074 1406 grana,
1105 1366 1309 1408 receptas,
1354 1371 1374 1395 e
1395 1373 1495 1396 mari
1518 1372 1656 1396 serva—

931 1419 1010 1462 tas,
1043 1423 1184 1452 torrent
1198 1446 1208 1464 ,
1243 1422 1290 1453 ut
1310 1422 1462 1453 exuant
1481 1417 1657 1466 glumam

930 1477 968 1508 et
983 1472 1138 1510 facilius
1155 1474 1370 1511 comminui
1389 1474 1553 1525 possint,
1566 1481 1655 1511 tuni

915 1529 1126 1580 frangunt
1145 1545 1270 1578 saxo,
1303 1537 1348 1568 ut
1379 1532 1494 1569 inulti
1518 1533 1655 1583 populi

928 1587 1147 1625 etiamnum
1181 1603 1305 1640 grana
1339 1590 1443 1626 saxis
1477 1596 1654 1626 contun-

928 1644 1043 1683 dunt.
1098 1645 1163 1698 (cf.
1192 1647 1347 1697 Goguet
1390 1647 1556 1697 Origine
1587 1648 1655 1684 des

926 1705 1034 1740 Loc'x
1059 1710 1134 1742 ete.
1165 1706 1219 1746 Ι).
1252 1707 1289 1742 l.
1325 1706 1421 1742 Liv.
1454 1707 1503 1742 J]
1531 1714 1605 1746 art,
1626 1708 1652 1746 2

931 1762 1140 1811 Opus-cuca
1167 1769 1305 1799 nostra
1326 1763 1437 1800 Toni.
1457 1763 1485 1810 Ι,
1509 1776 1544 1813 p.
1570 1766 1652 1804 330

924 1832 1007 1868 sqq.
1030 1818 1079 1856 de
1108 1820 1341 1870 Originibus
1354 1820 1548 1870 pccnisteii
1560 1851 1569 1868 ‚
1615 1827 1654 1858 et

922 1889 1044 1927 supra
1068 1878 1216 1928 Georg-
1234 1878 1262 1926 1,
1289 1878 1403 1930 267).
1469 1879 1650 1916 Cerealia

922 1948 1053 1982 arma,
1088 1934 1127 1973 11.
1158 1935 1341 1973 utensilia
1370 1936 1650 1985 instrumenta,

922 1991 973 2028 ad
1008 1992 1268 2043 pinsendum,
1315 1999 1355 2031 et
1387 1993 1438 2031 ad
1470 2007 1650 2043 coquen-

923 2048 1019 2086 dum
1037 2064 1193 2102 panem.
1224 2057 1323 2102 puta
1345 2064 1426 2089 esse
1447 2051 1546 2089 haee
1565 2053 1649 2104 ipsa

921 2120 1041 2156 saxa,
1073 2123 1197 2159 porro
1227 2116 1444 2157 maen-am,
1487 2123 1556 2147 scu
1589 2111 1648 2148 al-

919 2178 1062 2214 veum,
1106 2181 1185 2217 quo
1224 2167 1351 2204 farina
1384 2167 1646 2218 subigeretur.

919 2222 974 2258 De
1005 2223 1202 2262 fermento
1226 2225 1330 2261 enim
1364 2225 1543 2262 nondum
1576 2241 1647 2264 co-

915 2280 1115 2331 gitabant,
1144 2282 1214 2319 sed
1230 2283 1399 2319 farinam
1419 2283 1526 2320 illam
1548 2285 1647 2322 sub-

917 2344 1070 2387 actam,
1102 2353 1172 2377 seu
1191 2340 1355 2390 pultem,
1388 2341 1579 2380 continuo
1603 2343 1645 2380 in

916 2396 1163 2445 quadrarum
1186 2398 1313 2435 forma
1329 2398 1401 2435 sub
1423 2398 1553 2436 cinere
1575 2415 1644 2438 co—

915 2454 1105 2503 quebant.
1153 2456 1272 2492 Recte
1292 2456 1431 2493 Sevius
1453 2455 1644 2495 honesta-

915 2517 996 2548 tem
1033 2513 1226 2550 sermonis
1273 2512 1339 2550 hic
1377 2516 1642 2554 commendat.

916 2569 1043 2606 Aliter
1062 2570 1173 2609 ἔντεα
1188 2568 1323 2618 ὔαιτός
1335 2571 1478 2623 Odyss.
1494 2589 1532 2621 η,
1546 2577 1641 2616 252.

903 2628 1013 2677 siff-ssi
1033 2642 1177 2677 mum,
1212 2642 1262 2665 ex
1289 2629 1581 2668 calamitatibus
1603 2639 1643 2669 et

917 2685 1094 2733 casibus,
1144 2700 1243 2735 quos
1286 2687 1515 2735 subierant,
1567 2689 1639 2740 (ita

913 2757 972 2779 res
992 2745 1134 2793 poetis)
1156 2744 1341 2781 exhausa
1362 2745 1521 2794 viribus,
1541 2761 1639 2796 quae

913 2807 1126 2852 propterea
1148 2801 1235 2838 cibo
1258 2808 1372 2838 erant
1391 2803 1639 2842 reficiendae.

976 2858 1231 2899 180-184.
1279 2859 1447 2896 Omnem
1467 2877 1638 2911 prospe-

914 2923 1021 2952 ctum,
1043 2917 1122 2952 lale
1148 2918 1248 2965 peliis
1270 2918 1422 2966 pelago
1438 2949 1447 2965 ,
1482 2919 1521 2955 in
1541 2933 1638 2969 pro—

914 2986 972 3010 sa:
1014 2980 1270 3024 prospectum
1307 2975 1430 3025 capit,
1471 2989 1637 3027 prospe-
