1779 3420
136 232 240 278 310
465 224 519 272 P.
558 221 923 272 VIRGILII
961 218 1339 268 MARONIS

141 354 298 402 Sacra
318 365 553 416 suosque
573 348 669 398 tibi
697 345 1025 397 conmendat
1047 345 1209 394 Troia
1232 346 1485 395 Penates:

138 426 251 473 Hos
273 437 401 487 cape
422 418 659 469 fatorum
687 418 937 477 comites;
977 416 1058 464 his
1081 415 1298 464 moenia
1318 430 1533 480 quaere,

140 497 332 557 Magna
352 498 627 558 pererrato
651 498 848 538 statues
874 502 1011 553 quae
1039 484 1277 552 denique
1299 494 1489 551 ponto,

144 564 230 613 Sic
253 562 346 623 ait;
386 569 438 610 et
458 560 704 610 manibus
726 558 875 607 vittas
895 560 1224 622 Vestamque
1250 564 1534 622 potentem

143 639 551 697 Aeternumque
574 629 738 694 adytis
762 626 922 677 effert
946 625 1314 693 penetralibus
1339 626 1535 690 ignem.

215 702 442 753 Diverso
466 703 670 750 interea
702 699 999 748 miscentur
1021 697 1240 747 moenia
1261 695 1438 757 luctu3

1572 489 1675 539 295

238 821 306 857 294
330 819 451 853 Heius.
471 818 686 862 distinguere
706 817 871 850 volebat:
897 817 955 849 liis
971 816 1115 849 moenia
1132 826 1268 860 quaere
1295 826 1452 860 magna,
1483 826 1524 860 p.
1556 820 1592 846 et
1628 813 1678 847 ita

146 867 182 900 iu
203 867 310 902 Witt.
328 873 416 900 erat.
465 866 584 911 (etiam
606 864 643 897 in
668 864 817 904 Medic.;
850 870 975 897 contra
997 868 1164 906 receptae
1195 859 1478 906 interpunctioni
1509 861 1606 893 favet
1634 860 1678 894 fr.

147 917 228 949 Vat.
258 914 353 958 [Vr.)
401 915 531 946 Contra
548 914 663 945 Burm.
682 911 843 955 disputat
860 910 969 955 magis
990 909 1171 943 subtiliter
1188 920 1289 954 quam
1309 920 1403 941 vere.
1458 907 1678 941 Declaranda

148 974 203 995 res
226 973 267 994 ex
283 973 348 1002 eo,
383 961 477 1006 quod
508 958 704 1004 elegantior
731 958 901 1003 loquendi
932 957 1076 999 modus,
1111 956 1140 990 si
1168 955 1354 1001 epitheton
1386 955 1442 988 vel
1471 955 1680 989 adiectivum

149 1016 228 1055 post
247 1008 429 1042 relativum
447 1007 610 1052 ponitur:
637 1007 799 1047 moenia,
824 1018 918 1051 quae
938 1016 1086 1052 magna,
1112 1015 1177 1049 pro
1200 1002 1348 1047 vulgari,
1370 1004 1515 1036 moenia
1531 1015 1681 1049 magna,

149 1069 253 1102 quae.
303 1057 441 1100 (Neque
462 1055 530 1088 hoc
554 1065 683 1086 verum.
732 1054 877 1098 Magna
903 1064 980 1085 cum
1017 1050 1051 1084 vi
1080 1050 1251 1084 relativae
1281 1049 1511 1083 enuntiationi
1552 1050 1681 1083 adiun-

149 1111 240 1136 ctum
254 1130 262 1144 ‚
288 1102 310 1135 i.
334 1115 363 1135 e.
383 1114 471 1147 quae
492 1107 676 1147 pererrato
701 1100 841 1145 quidem
862 1105 976 1144 ponto
995 1099 1153 1139 demum,
1190 1097 1254 1130 sed
1277 1109 1402 1141 magna
1417 1123 1425 1138 ,
1451 1104 1598 1130 statues.
1618 1098 1679 1139 111,

149 1151 247 1185 546.:
276 1148 569 1194 „Praeceptisque
588 1148 736 1188 Heleni,
763 1147 913 1180 dederat
932 1158 1020 1191 quae
1046 1145 1238 1178 maxima
1251 1171 1259 1186 ,
1292 1144 1362 1177 rite
1382 1144 1508 1177 Iunoni
1529 1144 1681 1178 —ado-

150 1197 260 1229 lemus
285 1197 476 1229 honores.“
526 1197 671 1241 ,Magna
693 1194 722 1228 si
743 1194 987 1240 superioribus
1012 1191 1233 1233 adiunxeris,
1268 1191 1386 1225 iacent
1407 1191 1554 1236 reliqua.
1586 1191 1681 1235 lVr.)

150 1244 219 1279 295
246 1245 309 1289 qui
325 1243 487 1287 Longob.
508 1249 543 1275 et
566 1241 626 1275 alii
647 1255 703 1287 ap.
725 1242 816 1275 Pier.
912 1242 983 1276 297
1010 1240 1121 1285 affert
1142 1240 1211 1272 duo
1233 1251 1289 1283 ap.
1307 1240 1422 1272 Burm.
1441 1251 1472 1272 v.
1492 1239 1537 1272 ad
1550 1239 1681 1283 Georg.

152 1293 212 1333 1V,
236 1292 302 1327 311
325 1297 362 1324 et
386 1291 431 1323 ad
450 1290 522 1323 Ecl.
543 1291 634 1332 VIII,
653 1288 710 1325 64.
808 1289 878 1324 298
904 1301 948 1322 m.
959 1289 1060 1334 fletu
1080 1286 1181 1320 Leid.
1203 1298 1301 1320 unus.
1322 1299 1354 1320 v.
1373 1298 1449 1332 sup.
1468 1287 1550 1321 271.

153 1387 306 1436 omnia,
338 1399 440 1437 quae
463 1399 485 1424 a
504 1392 542 1424 te
565 1385 616 1423 ad
646 1386 779 1437 ipsum
813 1384 889 1423 de-

154 1445 402 1483 fendendum
416 1445 501 1482 fieri
516 1459 560 1482 ac
578 1443 772 1497 praestari
791 1448 890 1495 pot-

154 1509 283 1542 erant.
337 1505 460 1540 etiam
505 1503 585 1541 hae
610 1532 619 1550 ‚
667 1503 889 1550 δεικτικῶς,

154 1560 340 1600 Hectoris
365 1574 509 1610 manu,
541 1559 581 1599 h.
605 1575 637 1598 e.
659 1573 760 1598 mea.

214 1622 375 1663 293-
399 1621 496 1660 297.
558 1621 736 1656 Penates
794 1623 890 1656 sunt

156 1677 299 1715 Troiae
325 1676 495 1729 publici,
531 1676 649 1728 patrii
671 1675 748 1724 dii,
780 1675 891 1714 urbis

157 1735 298 1774 tutela.
358 1733 447 1772 vid.
472 1733 707 1772 ExcursIX
727 1732 777 1770 ad
796 1732 836 1770 h.
850 1746 891 1772 v.

160 1794 286 1831 Sacra
322 1798 363 1830 et
399 1793 572 1830 Penates
608 1797 779 1843 possunt
815 1804 890 1843 pro

160 1851 300 1888 eadem
332 1863 376 1888 re
403 1849 568 1898 haberi,
599 1855 647 1887 ut
679 1849 765 1898 illa,
797 1848 891 1899 qui-

161 1910 238 1947 bus
269 1907 422 1959 generis
454 1908 565 1946 notio
592 1908 717 1955 inest,
759 1906 894 1944 decla-

160 1972 304 2005 rentur
323 1979 394 2018 per
413 1965 500 2004 hos.
547 1965 612 2003 Sic
632 1978 728 2003 mox
748 1978 786 2003 v.
810 1967 893 2007 320

167 2026 296 2062 Sacra
324 2038 450 2061 manu
491 2025 694 2075 victosque
721 2023 813 2060 cleos
837 2044 892 2051 —

163 2082 300 2120 trahit.
364 2082 416 2119 Et
445 2081 500 2119 sic
521 2094 638 2134 saepe
662 2095 779 2118 sacra
800 2080 897 2118 uni-

163 2153 309 2189 verse,
366 2139 416 2176 de
454 2139 624 2178 deorum
661 2138 897 2187 simulacris,

165 2198 284 2235 etiam
308 2197 356 2234 de
383 2197 444 2234 liis
472 2197 565 2249 ipsis
598 2197 826 2236 Penatibus,
856 2210 897 2234 v.

166 2270 198 2294 c.
216 2255 336 2293 ovid.
357 2255 463 2293 Fast.
485 2256 514 2305 I,
533 2257 629 2299 526.
687 2261 734 2293 ut
755 2255 806 2293 sit
823 2267 898 2306 pro

164 2314 343 2363 vulgari:
382 2314 570 2362 Penates,
611 2320 652 2351 et
692 2326 784 2351 cum
822 2311 899 2360 his,

167 2385 279 2408 sacra
307 2385 376 2408 sua
409 2372 484 2409 tibi
517 2371 657 2409 tradit.
727 2371 826 2409 Mox
859 2384 898 2409 v.

168 2431 264 2470 296.
310 2432 394 2470 297
461 2431 628 2468 Vestam
673 2438 708 2466 el
765 2431 902 2479 ignem

168 2501 326 2523 sacrum
377 2486 487 2523 visus
533 2493 592 2524 est
640 2485 795 2524 Aeneae
834 2500 901 2524 so-

172 2543 338 2581 mnianti
362 2544 512 2581 Hector
534 2545 671 2582 ess'erre
694 2559 713 2582 e
733 2545 904 2595 templo:

171 2602 221 2639 ad
235 2601 534 2649 declarandum,
564 2603 704 2640 urbem
726 2603 802 2639 iam
823 2614 905 2639 esse

176 2659 335 2697 excidio
386 2659 627 2697 damnatam.
706 2662 905 2707 Quaeras:

172 2731 221 2754 an
245 2717 343 2754 haec
363 2730 520 2767 quoque
540 2730 610 2768 per
627 2732 743 2754 sacra
769 2718 903 2755 decla-

172 2788 260 2814 rare
288 2780 403 2827 poeta
421 2774 582 2812 voluit'?
633 2775 770 2812 Potuit
791 2778 905 2813 sane!

172 2833 318 2884 quippe
340 2832 468 2884 poetis
489 2832 686 2881 sollenne,
713 2839 758 2869 ut
777 2834 905 2884 primo

175 2896 327 2942 ponant
363 2903 506 2941 genus,
556 2896 644 2928 ium
684 2891 906 2941 adiungant

174 2950 318 3001 species
349 2948 627 2999 synonymice:
681 2948 733 2985 ila
776 2949 905 2986 oratio

948 1385 1033 1436 ipsa
1063 1383 1111 1421 fit
1141 1382 1333 1422 ornatior.
1393 1381 1449 1421 At
1480 1382 1587 1420 enim
1617 1381 1685 1419 di-

947 1455 1064 1481 versa
1086 1447 1203 1490 sunt,
1243 1453 1344 1492 quae
1376 1447 1518 1479 narrat
1545 1446 1685 1493 poeta:

949 1500 1116 1538 Penates
1153 1499 1321 1537 mandat
1357 1498 1512 1537 Aeneae
1551 1510 1685 1537 secum

948 1557 1170 1596 efferendos
1206 1557 1330 1606 urbe,
1379 1564 1421 1596 at
1453 1558 1614 1596 Vestam
1646 1562 1687 1594 et

947 1617 1099 1668 ignem,
1130 1621 1179 1653 ut
1202 1616 1333 1654 visum
1354 1621 1441 1653 erat
1469 1628 1541 1667 per
1569 1614 1686 1665 quie-

946 1680 1027 1712 tem
1045 1674 1213 1721 Aeneae,
1233 1673 1319 1725 ipsa
1337 1673 1524 1711 Hectoris
1543 1673 1687 1711 umbra

949 1732 1074 1770 effert.
1149 1731 1193 1770 V
1189 1733 1284 1769 atas
1320 1732 1498 1783 religiose
1539 1731 1687 1783 posuit,

951 1805 1043 1829 cum
1070 1790 1198 1828 Vesta
1220 1792 1364 1827 vittata
1387 1788 1486 1842 (non
1507 1789 1612 1827 enim
1635 1788 1687 1826 ad

952 1847 1156 1887 Palladem
1181 1847 1308 1885 vittae
1335 1848 1477 1886 referri
1504 1853 1687 1899 possunt,

954 1906 1065 1958 quod
1084 1906 1220 1944 Burin.
1242 1905 1351 1960 fecit)
1376 1912 1446 1944 aut
1463 1920 1554 1943 eum
1579 1907 1689 1943 vittis

956 1964 1124 2003 dicenda
1154 1970 1267 2002 esset.
1326 1964 1419 2002 vide
1450 1977 1536 2015 sup.
1570 1963 1622 2001 ad
1650 1977 1688 2001 v.

960 2025 1053 2065 168.
1101 2023 1323 2073 Virgineus
1341 2024 1434 2060 ausi
1453 2022 1574 2059 divae
1591 2035 1687 2058 con-

956 2082 1106 2132 tingere
1126 2082 1260 2118 vittas.
1278 2102 1319 2109 -·
1342 2082 1539 2118 Fatorum
1562 2081 1691 2117 comi·-

955 2147 1011 2176 tes
1035 2144 1187 2189 quanto
1209 2138 1437 2190 potentius,
1460 2151 1600 2188 quam,
1626 2151 1690 2174 er-

956 2211 1089 2234 rorum
1106 2226 1115 2243 ,
1141 2198 1233 2234 viae
1250 2227 1259 2245 ‚
1288 2197 1485 2234 casuum!
1518 2197 1691 2233 Moenia

955 2255 1029 2293 int.
1041 2255 1183 2293 urbem
1197 2255 1419 2293 Lavinium.
1451 2267 1608 2304 magna
1625 2252 1691 2290 di-

957 2313 1021 2351 xit
1037 2319 1225 2365 respectu
1246 2314 1395 2350 Romae
1426 2311 1521 2349 inde
1550 2311 1692 2349 oriun—

960 2371 1054 2421 dae,
1083 2377 1129 2409 ut
1146 2370 1372 2419 et111,159.
1404 2369 1583 2408 Tandem
1596 2371 1692 2412 297.

960 2430 1093 2480 aslylis
1110 2429 1382 2479 penetralibus
1404 2428 1516 2481 effer!
1529 2441 1544 2466 :
1576 2427 1693 2465 Visus

961 2494 1021 2525 est
1045 2487 1198 2525 Hector
1228 2499 1278 2523 ex
1311 2487 1397 2538 ipsa
1425 2487 1566 2524 Vestae
1597 2484 1694 2522 aede

963 2545 1058 2583 deae
1075 2545 1335 2583 simuJaerum
1358 2559 1449 2582 cum
1471 2544 1561 2595 igne
1580 2556 1693 2581 sacro

963 2602 1113 2641 efferre.
1176 2601 1248 2653 (De
1284 2603 1392 2653 aclyl.
1426 2610 1575 2651 penelr.
1610 2600 1693 2638 vid.

963 2662 1053 2699 Not.
1079 2661 1130 2700 ad
1164 2662 1305 2711 Georg.
1334 2661 1370 2708 I,
1409 2662 1504 2700 379.
1542 2656 1693 2710 chlz.)

963 2720 1056 2767 Quo
1105 2733 1203 2758 vero
1240 2719 1328 2756 loco
1368 2718 1535 2755 Penates
1578 2716 1695 2768 positi

964 2779 1136 2825 fuerint,
1168 2783 1285 2829 poeta
1316 2790 1395 2813 non
1428 2774 1589 2824 docuit,
1628 2775 1695 2812 in—

963 2836 1154 2887 telligitur
1199 2842 1330 2873 tamen
1359 2847 1407 2871 ex
1439 2833 1522 2885 ipsa
1556 2846 1621 2882 re,
1654 2832 1696 2869 in

955 2894 1141 2946 'acropoli
1164 2906 1230 2931 eos
1251 2892 1407 2930 habitos
1429 2891 1558 2929 suisse.

1022 2954 1105 2993 298
1123 2954 1280 2993 -301,
1313 2950 1466 2988 [nterea
1497 2947 1587 2986 urbs
1614 2949 1697 2984 mi-
