1811 3388
458 212 584 261 AD
656 206 1093 256 LIBRUM
1165 204 1222 252 11
1504 208 1603 255 427

88 348 172 385 lure
207 341 425 383 Coroebus:
455 338 566 390 quod
598 350 679 375 non
709 334 805 372 satis
836 347 1038 384 assequor.
1097 332 1273 371 Venerat
1294 328 1360 367 ille
1386 329 1606 382 ePhrygia.

87 402 200 442 Alius
231 398 407 452 Mygdon
435 403 493 434 est
523 394 665 447 Amyci
692 393 819 432 frater
846 392 889 430 in
932 390 1128 430 Heracliis
1156 395 1197 427 et
1229 387 1530 439 Argonauticis:
1570 403 1608 427 v.

88 461 179 500 Not.
207 458 258 496 ad
283 454 468 507 Apollod.
498 468 536 506 p.
564 455 660 494 379.
721 451 908 488 Ceterum
934 462 1034 500 quae
1058 447 1347 493 subiiciuntur,
1383 445 1609 483 Coroebum

89 515 333 556 Cassandrae
364 525 500 550 amore
524 512 732 550 incensum
756 521 919 559 operam
940 507 1099 545 Priamo
1121 505 1163 543 in
1179 504 1260 542 hoe
1278 503 1384 542 bello
1406 503 1610 553 obtulisse,

91 575 290 625 eleganter
317 571 366 609 ab
392 569 608 608 Homerico
631 566 870 618 Othryoneo
891 564 1004 603 Iliad,
1026 581 1063 614 ν,
1083 565 1167 605 363
1187 576 1271 613 sqq.
1295 560 1485 600 traducta
1503 568 1610 610 sunt,

90 631 160 671 sed
199 630 328 668 multo
357 628 519 666 suavius
550 633 591 664 et
622 625 826 673 ornatius,
874 622 1057 675 inprimis
1098 620 1198 659 hoc:
1249 619 1404 672 Infelix
1433 620 1505 673 qui
1532 633 1613 657 non

90 703 258 742 sponsae
288 701 479 738 responsa
496 685 649 737 sutura
680 681 888 722 Audierat.

458 977 1033 1040 EXCURSUS
1116 974 1232 1032 X*

368 1095 874 1139 Cassandra
962 1095 1341 1149 raptata.

212 1211 259 1259 Π,
290 1212 548 1256 403—406.
586 1214 691 1250 Ecce
721 1209 952 1248 trahebatur
969 1209 1108 1260 passis
1127 1207 1338 1244 Priameia
1371 1203 1488 1253 virgo
1524 1203 1614 1239 Cri-

99 1269 215 1307 nibus
241 1285 268 1307 α
300 1273 447 1322 templo
475 1271 710 1308 Cassandra
740 1269 950 1319 adylisque
973 1268 1211 1311 ᾸἎίηενναε,
1245 1263 1317 1300 Acl
1339 1262 1492 1298 coelum
1528 1269 1614 1297 ten-

100 1327 197 1364 dens
225 1329 408 1366 ardentia
440 1330 597 1366 lumina
619 1328 806 1379 frastra:
859 1326 1068 1370 Lumina5
1119 1335 1215 1359 nam
1244 1329 1398 1358 teneras
1427 1317 1616 1356 arcebant

101 1386 266 1423 vincula
283 1387 467 1436 palmas.
532 1386 632 1423 Cum
660 1384 757 1422 mihi
787 1382 1040 1435 propositum
1070 1380 1142 1426 sit,
1183 1392 1233 1416 ex
1263 1377 1376 1415 Notis
1407 1389 1472 1425 ea,
1516 1388 1616 1426 quae

102 1456 175 1493 pro
207 1443 446 1494 digressione
481 1443 620 1481 haberi
648 1442 821 1494 possint,
872 1439 944 1477 etsi
975 1452 1068 1477 cum
1095 1437 1278 1476 Maronis
1305 1435 1486 1472 doctrina
1516 1447 1616 1471 con-

102 1500 260 1549 iuncta,
317 1502 473 1540 sublata
519 1502 560 1539 in
604 1501 808 1538 Excursus
854 1497 1038 1536 reficere:
1082 1494 1282 1533 revocabo
1323 1492 1374 1530 ad
1415 1491 1455 1530 11.
1494 1492 1519 1530 l.
1559 1504 1617 1540 ea,

104 1571 205 1608 quae
239 1566 354 1596 antea
378 1560 418 1597 in
440 1560 544 1596 Nota
566 1558 617 1596 ad
643 1557 683 1595 h.
703 1571 743 1596 v.
771 1557 1093 1608 disputaveram,
1122 1552 1278 1591 reiectis
1301 1551 1406 1599 aliis,
1438 1557 1529 1601 post
1543 1550 1618 1588 ista

105 1629 126 1652 a
147 1629 210 1653 me
242 1617 413 1666 notatis,
446 1630 546 1668 quae
574 1629 683 1654 nunc
710 1615 750 1653 in
783 1612 1123 1652 Commentatione
1154 1609 1438 1660 elegantissima
1466 1607 1619 1646 doctis-

105 1673 191 1711 simi
209 1675 399 1726 Bottigeri
423 1674 620 1726 copiosius
645 1679 740 1710 sunt
760 1672 974 1723 disputata.
1034 1668 1236 1707 Redibant
1263 1674 1397 1705 autem
1420 1666 1483 1704 illa
1519 1679 1618 1718 par-

106 1732 176 1770 tim
224 1732 273 1769 ad
323 1734 452 1784 ipsum
501 1731 687 1783 mythum
729 1730 898 1768 diversis
945 1727 1073 1766 modis
1124 1732 1335 1764 narratum
1381 1730 1422 1762 et
1464 1730 1620 1762 tracta-

106 1796 212 1838 tum,
242 1792 388 1842 partim
410 1790 460 1828 ad
480 1790 735 1841 virgilianam
764 1788 975 1826 rationem.
1019 1786 1068 1823 Et
1086 1784 1127 1822 in
1158 1784 1291 1835 priore
1325 1782 1484 1833 quidem
1506 1787 1620 1833 parte

108 1848 233 1885 otium
257 1848 352 1886 fecit
378 1862 486 1886 nunc
511 1848 674 1886 laudata
697 1846 817 1884 modo
842 1844 1032 1895 Bottigeri
1063 1843 1181 1880 docta
1212 1842 1259 1879 de
1284 1841 1362 1878 11οο
1388 1845 1621 1892 argumento

107 1906 148 1943 in
168 1905 268 1943 vase
292 1907 399 1957 picto
424 1904 722 1944 commentatio.
782 1904 954 1941 Monebo
977 1908 1138 1939 tantum
1160 1899 1259 1937 haec
1284 1913 1430 1951 pauca:
1471 1899 1621 1936 Home-

108 1977 177 2001 rus
208 1963 361 2001 facinus
391 1963 517 2001 Aiacis
540 1964 579 2001 in
611 1961 875 2000 Cassandram
907 1959 1159 1998 commissum
1189 1958 1365 2008 ignorat:
1407 1957 1515 2007 quod
1543 1957 1621 1993 iam

111 2021 256 2058 Strabo
290 2022 576 2060 observaverat
604 2020 701 2058 XIII
729 2034 767 2071 p.
799 2022 881 2060 896
912 2020 951 2055 C.
992 2016 1257 2054 Cassandram
1292 2021 1445 2062 vatem,
1477 2014 1622 2052 Priami

111 2078 253 2127 filiam,
301 2093 389 2117 011111
421 2080 561 2117 ceteris
602 2079 801 2129 captivam
847 2076 1062 2113 abductam
1105 2087 1205 2122 esse,
1259 2073 1337 2110 iam
1379 2072 1623 2121 antiquiores

115 2149 293 2172 narrasse
322 2136 526 2174 videnlur.
599 2138 767 2174 Servata
806 2134 870 2171 illa
898 2134 939 2171 in
970 2133 1120 2182 reliqua
1158 2130 1330 2182 praeda,
1380 2129 1624 2179 tandemque

114 2199 220 2230 sorte
254 2193 373 2230 ducta
401 2194 686 2244 Agamemnoni
716 2197 896 2230 cesserat.
957 2189 1077 2241 Apud
1105 2189 1290 2226 Proclum
1317 2188 1358 2225 111
1389 2193 1624 2238 argumento

116 2249 271 2288 Arctini
291 2247 407 2291 Ἰλίου
428 2252 617 2303 πέρσιδος
645 2250 725 2288 hoc
749 2263 874 2288 unum
897 2254 1108 2286 narratur:
1154 2242 1426 2297 Κασσάνδραν
1457 2243 1499 2284 δὲ
1521 2245 1626 2292 Αἴας

113 2304 275 2355 Ὀϊλέως
297 2307 396 2360 πρὸς
420 2311 513 2360 βίαν
537 2304 735 2348 ἀποσπῶν
766 2305 1051 2355 συνεφέλκεται
1080 2301 1125 2346 vd
1154 2306 1226 2355 τῆς
1246 2299 1426 2352 Ἀθηνᾶς
1459 2297 1626 2351 ξόανον·

117 2364 241 2418 (quod
267 2367 487 2404 Cassandra
520 2366 615 2403 deae
646 2365 836 2416 supplex,
870 2363 1117 2410 ἱκετεύουσα,
1158 2361 1343 2412 amplexa
1361 2358 1462 2413 erat)
1498 2356 1568 2409 ἐφ’
1592 2353 1625 2415 ᾦ

116 2423 439 2473 παροξυνθέντες
469 2424 510 2464 οἷ
531 2420 725 2474 ρΈλληνες
755 2425 997 2461 καταλεῦσαι
1029 2416 1291 2472 βουλεύονται
1333 2415 1404 2459 τόν
1447 2417 1626 2457 Αἴαντα·

118 2480 142 2521 ὁ
172 2479 213 2520 δὲ
242 2481 307 2521 ἐπὶ
347 2480 414 2521 τὸν
443 2485 515 2533 τῆς
544 2485 722 2532 Αθηνᾶς
752 2479 892 2533 βωμόν
930 2473 1174 2529 καταφεύγει
1214 2475 1281 2516 καὶ
1314 2471 1548 2523 διασώζεται
1583 2474 1626 2514 ἐκ

118 2541 190 2577 τοῦ
232 2538 486 2591 ἐπικειμένου
526 2536 736 2579 κινδύνου.
797 2538 976 2589 Apparet
1005 2549 1055 2572 ex
1091 2534 1172 2582 his,
1220 2534 1398 2572 fabulam
1441 2533 1628 2571 disertius

120 2596 237 2633 fuisse
258 2603 465 2635 tractatam
489 2597 528 2634 in
558 2610 602 2634 eo
637 2600 823 2634 carmine.
883 2594 979 2632 Fuit
1003 2593 1107 2631 enim
1134 2592 1235 2631 Aiax
1265 2593 1305 2630 in
1337 2591 1528 2629 iudicium
1552 2604 1628 2628 vo-

122 2659 233 2690 catus
260 2661 426 2706 propter
452 2655 719 2705 sacrilegium,
748 2653 826 2691 hoc
855 2658 913 2689 est
942 2651 1135 2689 iudicium
1166 2649 1291 2697 illud,
1323 2648 1430 2699 quod
1459 2650 1497 2686 in
1527 2649 1629 2685 Poe-

123 2710 193 2746 cile
214 2711 365 2761 pictum
391 2719 476 2750 erat
498 2712 687 2750 Athenis:
718 2712 885 2749 Pausan,
911 2710 938 2757 1,
972 2711 1023 2751 15
1046 2724 1082 2761 p.
1101 2710 1167 2750 37.
1200 2708 1241 2747 οἵ
1268 2709 1445 2758 βασιλεῖς
1475 2703 1628 2757 ἥθροι-

124 2766 279 2816 ῦμὲνοι,
316 2767 382 2808 dm*
416 2766 459 2810 τὸ
495 2770 668 2816 Αἴαντος
709 2769 748 2816 ἐς
789 2763 1059 2819 Κασσάνδραν
1087 2762 1292 2816 τόλμημα·
1330 2771 1369 2801 et
1398 2763 1556 2815 Delphis
1587 2762 1629 2799 in

124 2823 268 2860 Lesche
289 2839 308 2861 a
330 2826 549 2877 Polygnoto
584 2828 712 2878 pictus
735 2827 837 2864 Aiax
860 2831 944 2863 erat
965 2820 1190 2877 ὀμνύμενος
1220 2820 1323 2875 ’ὑπὲρ
1353 2825 1426 2861 τοῦ
1447 2821 1487 2869 ἐς
1520 2824 1630 2859 Κασ-

126 2875 304 2931 σᾶνὸραν
332 2882 581 2934 τολμήματος
611 2885 777 2923 Pausan.
807 2885 858 2931 X,
889 2886 956 2924 26.
1017 2882 1185 2919 Videtur
1214 2880 1312 2917 adeo
1342 2878 1443 2916 Aiax
1474 2878 1629 2930 profes-

125 2951 190 2975 sus
217 2951 316 2985 esse,
350 2941 432 2977 salsi
459 2955 497 2977 se
522 2942 697 2979 criminis
728 2941 928 2988 accusari,
959 2952 1031 2977 nec
1064 2939 1145 2976 vim
1175 2939 1327 2990 puellae
1358 2952 1378 2975 a
1402 2951 1441 2975 se
1468 2949 1549 2975 esse
1568 2936 1628 2973 sa—
