<?xml version="1.0" encoding="UTF-8"?>
<!DOCTYPE html PUBLIC "-//W3C//DTD XHTML 1.0 Transitional//EN"
    "http://www.w3.org/TR/xhtml1/DTD/xhtml1-transitional.dtd">
<html xmlns="http://www.w3.org/1999/xhtml" xml:lang="en" lang="en">
 <head>
  <title>
</title>
<meta http-equiv="Content-Type" content="text/html;charset=utf-8" />
  <meta name='ocr-system' content='tesseract 3.04.00' />
  <meta name='ocr-capabilities' content='ocr_page ocr_carea ocr_par ocr_line ocrx_word'/>
</head>
<body>
  <div class='ocr_page' id='page_1' title='image "./publiusvirgilius02virguoft/publiusvirgilius02virguoft_0945.png"; bbox 0 0 1811 3388; ppageno 0'>
   <div class='ocr_carea' id='block_1_1' title="bbox 363 176 1647 238">
    <p class='ocr_par' dir='ltr' id='par_1_1' title="bbox 363 176 1647 238">
     <span class='ocr_line' id='line_1_1' title="bbox 363 176 1647 238; baseline -0.009 -2"><span class='ocrx_word' id='word_1_1' title='bbox 363 179 781 236; x_wconf 83' lang='lat' dir='ltr'><strong>AENEIDOS</strong></span> <span class='ocrx_word' id='word_1_2' title='bbox 818 178 962 226; x_wconf 89' lang='lat' dir='ltr'>LIB.</span> <span class='ocrx_word' id='word_1_3' title='bbox 998 176 1088 238; x_wconf 82' lang='lat' dir='ltr'>VI,</span> <span class='ocrx_word' id='word_1_4' title='bbox 1120 177 1408 227; x_wconf 80' lang='lat'>580—593</span> <span class='ocrx_word' id='word_1_5' title='bbox 1551 180 1647 227; x_wconf 83' lang='lat'>937</span> 
     </span>
    </p>
   </div>
   <div class='ocr_carea' id='block_1_2' title="bbox 136 299 1657 651">
    <p class='ocr_par' dir='ltr' id='par_1_2' title="bbox 136 299 1657 514">
     <span class='ocr_line' id='line_1_2' title="bbox 137 299 1513 374; baseline -0.015 -7"><span class='ocrx_word' id='word_1_6' title='bbox 137 317 255 368; x_wconf 83' lang='lat' dir='ltr'>Ibat</span> <span class='ocrx_word' id='word_1_7' title='bbox 280 328 467 374; x_wconf 79' lang='lat' dir='ltr'>ovans,</span> <span class='ocrx_word' id='word_1_8' title='bbox 508 308 799 371; x_wconf 82' lang='lat' dir='ltr'>divomque</span> <span class='ocrx_word' id='word_1_9' title='bbox 824 301 923 351; x_wconf 87' lang='lat' dir='ltr'>sibi</span> <span class='ocrx_word' id='word_1_10' title='bbox 950 299 1207 366; x_wconf 83' lang='lat' dir='ltr'>poscebat</span> <span class='ocrx_word' id='word_1_11' title='bbox 1227 299 1513 362; x_wconf 80' lang='lat' dir='ltr'>honorem,</span> 
     </span>
     <span class='ocr_line' id='line_1_3' title="bbox 136 366 1657 445; baseline -0.018 -7"><span class='ocrx_word' id='word_1_12' title='bbox 136 387 398 438; x_wconf 83' lang='lat' dir='ltr'>Demens!</span> <span class='ocrx_word' id='word_1_13' title='bbox 437 378 528 445; x_wconf 92' lang='lat' dir='ltr'>qui</span> <span class='ocrx_word' id='word_1_14' title='bbox 547 376 762 426; x_wconf 82' lang='lat' dir='ltr'>nimbos</span> <span class='ocrx_word' id='word_1_15' title='bbox 783 381 835 422; x_wconf 84' lang='lat' dir='ltr'>et</span> <span class='ocrx_word' id='word_1_16' title='bbox 858 387 971 420; x_wconf 90' lang='lat' dir='ltr'>non</span> <span class='ocrx_word' id='word_1_17' title='bbox 995 368 1250 418; x_wconf 76' lang='lat' dir='ltr'>imitabile</span> <span class='ocrx_word' id='word_1_18' title='bbox 1270 366 1479 416; x_wconf 84' lang='lat' dir='ltr'>fulmen</span> <span class='ocrx_word' id='word_1_19' title='bbox 1556 374 1657 421; x_wconf 80' lang='lat'>590</span> 
     </span>
     <span class='ocr_line' id='line_1_4' title="bbox 138 439 1514 514; baseline -0.014 -9"><span class='ocrx_word' id='word_1_20' title='bbox 138 461 277 507; x_wconf 84' lang='lat' dir='ltr'>Aere</span> <span class='ocrx_word' id='word_1_21' title='bbox 300 461 353 501; x_wconf 82' lang='lat' dir='ltr'>et</span> <span class='ocrx_word' id='word_1_22' title='bbox 383 446 740 514; x_wconf 78' lang='lat' dir='ltr'>cornipedum</span> <span class='ocrx_word' id='word_1_23' title='bbox 760 442 917 509; x_wconf 89' lang='lat' dir='ltr'>pulsu</span> <span class='ocrx_word' id='word_1_24' title='bbox 939 439 1211 489; x_wconf 75' lang='lat' dir='ltr'><strong>simularet</strong></span> <span class='ocrx_word' id='word_1_25' title='bbox 1232 453 1514 503; x_wconf 84' lang='lat' dir='ltr'>equorum.</span> 
     </span>
    </p>

    <p class='ocr_par' dir='ltr' id='par_1_3' title="bbox 141 505 1503 651">
     <span class='ocr_line' id='line_1_5' title="bbox 141 505 1503 590; baseline -0.016 -16"><span class='ocrx_word' id='word_1_26' title='bbox 141 530 208 576; x_wconf 82' lang='lat' dir='ltr'>At</span> <span class='ocrx_word' id='word_1_27' title='bbox 225 531 377 590; x_wconf 83' lang='lat' dir='ltr'>pater</span> <span class='ocrx_word' id='word_1_28' title='bbox 401 519 748 583; x_wconf 84' lang='lat' dir='ltr'>omnipotens</span> <span class='ocrx_word' id='word_1_29' title='bbox 784 513 948 561; x_wconf 88' lang='lat' dir='ltr'>densa</span> <span class='ocrx_word' id='word_1_30' title='bbox 975 511 1115 558; x_wconf 85' lang='lat' dir='ltr'>inter</span> <span class='ocrx_word' id='word_1_31' title='bbox 1132 507 1315 557; x_wconf 91' lang='lat' dir='ltr'>nubila</span> <span class='ocrx_word' id='word_1_32' title='bbox 1333 505 1503 555; x_wconf 83' lang='lat' dir='ltr'>telum</span> 
     </span>
     <span class='ocr_line' id='line_1_6' title="bbox 145 575 1429 651; baseline -0.016 -7"><span class='ocrx_word' id='word_1_33' title='bbox 145 591 442 651; x_wconf 81' lang='lat' dir='ltr'>Contorsit3</span> <span class='ocrx_word' id='word_1_34' title='bbox 479 604 593 637; x_wconf 89' lang='lat' dir='ltr'>non</span> <span class='ocrx_word' id='word_1_35' title='bbox 614 585 701 635; x_wconf 89' lang='lat' dir='ltr'>ille</span> <span class='ocrx_word' id='word_1_36' title='bbox 727 583 893 647; x_wconf 84' lang='lat' dir='ltr'>faces,</span> <span class='ocrx_word' id='word_1_37' title='bbox 933 597 1035 630; x_wconf 89' lang='lat' dir='ltr'>nec</span> <span class='ocrx_word' id='word_1_38' title='bbox 1058 579 1241 629; x_wconf 84' lang='lat' dir='ltr'>fumea</span> <span class='ocrx_word' id='word_1_39' title='bbox 1260 575 1429 626; x_wconf 84' lang='lat' dir='ltr'>taedis</span> 
     </span>
    </p>
   </div>
   <div class='ocr_carea' id='block_1_3' title="bbox 215 679 666 727">
    <p class='ocr_par' dir='ltr' id='par_1_4' title="bbox 215 679 666 727">
     <span class='ocr_line' id='line_1_7' title="bbox 215 679 666 727; baseline -0.027 1"><span class='ocrx_word' id='word_1_40' title='bbox 215 679 331 727; x_wconf 81' lang='lat'>591.</span> <span class='ocrx_word' id='word_1_41' title='bbox 365 683 666 721; x_wconf 81' lang='lat' dir='ltr'><strong>SIMULARAT</strong></span> 
     </span>
    </p>
   </div>
   <div class='ocr_carea' id='block_1_4' title="bbox 148 774 1702 2291">
    <p class='ocr_par' dir='ltr' id='par_1_5' title="bbox 148 774 1702 2291">
     <span class='ocr_line' id='line_1_8' title="bbox 242 774 1669 826; baseline -0.013 -2"><span class='ocrx_word' id='word_1_42' title='bbox 242 791 310 826; x_wconf 83' lang='lat'>589</span> <span class='ocrx_word' id='word_1_43' title='bbox 335 790 494 823; x_wconf 78' lang='lat' dir='ltr'>honores</span> <span class='ocrx_word' id='word_1_44' title='bbox 511 786 611 820; x_wconf 82' lang='lat' dir='ltr'>multi</span> <span class='ocrx_word' id='word_1_45' title='bbox 629 785 732 819; x_wconf 89' lang='lat' dir='ltr'><strong>codd.</strong></span> <span class='ocrx_word' id='word_1_46' title='bbox 755 792 789 818; x_wconf 86' lang='lat' dir='ltr'>et</span> <span class='ocrx_word' id='word_1_47' title='bbox 807 784 887 817; x_wconf 86' lang='lat' dir='ltr'>edd.</span> <span class='ocrx_word' id='word_1_48' title='bbox 934 781 1004 817; x_wconf 87' lang='lat' dir='ltr'>Sed</span> <span class='ocrx_word' id='word_1_49' title='bbox 1022 780 1058 813; x_wconf 88' lang='lat' dir='ltr'>id</span> <span class='ocrx_word' id='word_1_50' title='bbox 1074 776 1250 825; x_wconf 81' lang='lat' dir='ltr'>pedestris</span> <span class='ocrx_word' id='word_1_51' title='bbox 1279 786 1420 821; x_wconf 85' lang='lat' dir='ltr'>quoque</span> <span class='ocrx_word' id='word_1_52' title='bbox 1450 774 1565 808; x_wconf 83' lang='lat' dir='ltr'>oratio</span> <span class='ocrx_word' id='word_1_53' title='bbox 1593 774 1669 807; x_wconf 82' lang='lat' dir='ltr'>fre-</span> 
     </span>
     <span class='ocr_line' id='line_1_9' title="bbox 148 822 1669 883; baseline -0.012 -11"><span class='ocrx_word' id='word_1_54' title='bbox 148 844 305 883; x_wconf 89' lang='lat' dir='ltr'>quentat.</span> <span class='ocrx_word' id='word_1_55' title='bbox 400 838 470 871; x_wconf 85' lang='lat'>590</span> <span class='ocrx_word' id='word_1_56' title='bbox 498 843 534 868; x_wconf 78' lang='lat' dir='ltr'>et</span> <span class='ocrx_word' id='word_1_57' title='bbox 553 832 766 867; x_wconf 72' lang='lat' dir='ltr'><em>inevitabile</em></span> <span class='ocrx_word' id='word_1_58' title='bbox 782 831 941 864; x_wconf 76' lang='lat' dir='ltr'>Pan-has.</span> <span class='ocrx_word' id='word_1_59' title='bbox 1037 829 1102 862; x_wconf 82' lang='lat'>591</span> <span class='ocrx_word' id='word_1_60' title='bbox 1131 838 1216 858; x_wconf 77' lang='lat' dir='ltr'>aere</span> <span class='ocrx_word' id='word_1_61' title='bbox 1236 822 1485 870; x_wconf 81' lang='lat' dir='ltr'>cornupedum</span> <span class='ocrx_word' id='word_1_62' title='bbox 1515 822 1583 854; x_wconf 90' lang='lat' dir='ltr'>duo</span> <span class='ocrx_word' id='word_1_63' title='bbox 1610 833 1669 864; x_wconf 86' lang='lat' dir='ltr'>ap.</span> 
     </span>
     <span class='ocr_line' id='line_1_10' title="bbox 150 869 1672 930; baseline -0.013 -11"><span class='ocrx_word' id='word_1_64' title='bbox 150 888 265 919; x_wconf 82' lang='lat' dir='ltr'>Burm.</span> <span class='ocrx_word' id='word_1_65' title='bbox 315 883 425 930; x_wconf 72' lang='lat' dir='ltr'>pulsu</span> <span class='ocrx_word' id='word_1_66' title='bbox 444 882 565 915; x_wconf 81' lang='lat' dir='ltr'>Heius.</span> <span class='ocrx_word' id='word_1_67' title='bbox 585 879 721 924; x_wconf 87' lang='lat' dir='ltr'>recepit</span> <span class='ocrx_word' id='word_1_68' title='bbox 746 891 787 911; x_wconf 84' lang='lat' dir='ltr'>ex</span> <span class='ocrx_word' id='word_1_69' title='bbox 805 878 933 912; x_wconf 86' lang='lat' dir='ltr'>Medic.</span> <span class='ocrx_word' id='word_1_70' title='bbox 954 889 972 909; x_wconf 89' lang='lat' dir='ltr'>a</span> <span class='ocrx_word' id='word_1_71' title='bbox 993 887 1037 908; x_wconf 85' lang='lat' dir='ltr'>m.</span> <span class='ocrx_word' id='word_1_72' title='bbox 1059 886 1112 919; x_wconf 86' lang='lat' dir='ltr'>pr.</span> <span class='ocrx_word' id='word_1_73' title='bbox 1145 879 1181 905; x_wconf 87' lang='lat' dir='ltr'>et</span> <span class='ocrx_word' id='word_1_74' title='bbox 1209 871 1300 904; x_wconf 88' lang='lat' dir='ltr'>Gud.</span> <span class='ocrx_word' id='word_1_75' title='bbox 1327 877 1467 914; x_wconf 85' lang='lat' dir='ltr'>praeter</span> <span class='ocrx_word' id='word_1_76' title='bbox 1494 869 1583 901; x_wconf 89' lang='lat' dir='ltr'>alios</span> <span class='ocrx_word' id='word_1_77' title='bbox 1615 880 1672 912; x_wconf 87' lang='lat' dir='ltr'>ap.</span> 
     </span>
     <span class='ocr_line' id='line_1_11' title="bbox 151 914 1673 973; baseline -0.013 -7"><span class='ocrx_word' id='word_1_78' title='bbox 151 934 265 966; x_wconf 89' lang='lat' dir='ltr'>Burm.</span> <span class='ocrx_word' id='word_1_79' title='bbox 293 938 329 964; x_wconf 86' lang='lat' dir='ltr'>et</span> <span class='ocrx_word' id='word_1_80' title='bbox 349 929 517 963; x_wconf 84' lang='lat' dir='ltr'>maiorem</span> <span class='ocrx_word' id='word_1_81' title='bbox 538 934 674 973; x_wconf 86' lang='lat' dir='ltr'>partem</span> <span class='ocrx_word' id='word_1_82' title='bbox 696 926 806 966; x_wconf 86' lang='lat' dir='ltr'>Pier.,</span> <span class='ocrx_word' id='word_1_83' title='bbox 834 925 927 957; x_wconf 82' lang='lat' dir='ltr'>inter</span> <span class='ocrx_word' id='word_1_84' title='bbox 957 933 1044 967; x_wconf 91' lang='lat' dir='ltr'>quos</span> <span class='ocrx_word' id='word_1_85' title='bbox 1076 922 1195 958; x_wconf 77' lang='lat' dir='ltr'>Rom.;</span> <span class='ocrx_word' id='word_1_86' title='bbox 1231 917 1320 951; x_wconf 81' lang='lat' dir='ltr'>adde</span> <span class='ocrx_word' id='word_1_87' title='bbox 1349 918 1474 960; x_wconf 82' lang='lat' dir='ltr'>fragm.</span> <span class='ocrx_word' id='word_1_88' title='bbox 1505 914 1620 948; x_wconf 83' lang='lat' dir='ltr'>Vatic.</span> <span class='ocrx_word' id='word_1_89' title='bbox 1652 925 1673 946; x_wconf 90' lang='lat' dir='ltr'>a</span> 
     </span>
     <span class='ocr_line' id='line_1_12' title="bbox 152 960 1674 1024; baseline -0.014 -11"><span class='ocrx_word' id='word_1_90' title='bbox 152 993 196 1013; x_wconf 90' lang='lat' dir='ltr'>m.</span> <span class='ocrx_word' id='word_1_91' title='bbox 216 991 270 1024; x_wconf 89' lang='lat' dir='ltr'>pr.</span> <span class='ocrx_word' id='word_1_92' title='bbox 296 980 366 1021; x_wconf 67' lang='lat' dir='ltr'>(est</span> <span class='ocrx_word' id='word_1_93' title='bbox 387 989 427 1010; x_wconf 85' lang='lat' dir='ltr'>ea</span> <span class='ocrx_word' id='word_1_94' title='bbox 444 976 543 1021; x_wconf 89' lang='lat' dir='ltr'>prior</span> <span class='ocrx_word' id='word_1_95' title='bbox 562 982 595 1007; x_wconf 82' lang='lat' dir='ltr'>et</span> <span class='ocrx_word' id='word_1_96' title='bbox 614 972 766 1006; x_wconf 85' lang='lat' dir='ltr'>Medicei</span> <span class='ocrx_word' id='word_1_97' title='bbox 794 978 829 1005; x_wconf 86' lang='lat' dir='ltr'>et</span> <span class='ocrx_word' id='word_1_98' title='bbox 859 973 997 1014; x_wconf 86' lang='lat' dir='ltr'>Fragm.</span> <span class='ocrx_word' id='word_1_99' title='bbox 1024 969 1106 1001; x_wconf 80' lang='lat' dir='ltr'>Vat.</span> <span class='ocrx_word' id='word_1_100' title='bbox 1135 965 1255 999; x_wconf 82' lang='lat' dir='ltr'>lectio.</span> <span class='ocrx_word' id='word_1_101' title='bbox 1295 963 1390 1006; x_wconf 80' lang='lat' dir='ltr'>Wr.)</span> <span class='ocrx_word' id='word_1_102' title='bbox 1438 962 1540 995; x_wconf 82' lang='lat' dir='ltr'>Haud</span> <span class='ocrx_word' id='word_1_103' title='bbox 1567 960 1674 994; x_wconf 84' lang='lat' dir='ltr'>dubie</span> 
     </span>
     <span class='ocr_line' id='line_1_13' title="bbox 154 1011 1673 1070; baseline -0.013 -11"><span class='ocrx_word' id='word_1_104' title='bbox 154 1026 360 1070; x_wconf 80' lang='lat' dir='ltr'>elegantiuS.</span> <span class='ocrx_word' id='word_1_105' title='bbox 410 1023 478 1056; x_wconf 82' lang='lat' dir='ltr'>Alii</span> <span class='ocrx_word' id='word_1_106' title='bbox 500 1029 535 1055; x_wconf 89' lang='lat' dir='ltr'>et</span> <span class='ocrx_word' id='word_1_107' title='bbox 556 1021 634 1054; x_wconf 87' lang='lat' dir='ltr'>edd.</span> <span class='ocrx_word' id='word_1_108' title='bbox 665 1021 746 1053; x_wconf 88' lang='lat' dir='ltr'>inde</span> <span class='ocrx_word' id='word_1_109' title='bbox 776 1020 818 1052; x_wconf 77' lang='lat' dir='ltr'>ab</span> <span class='ocrx_word' id='word_1_110' title='bbox 850 1018 938 1051; x_wconf 74' lang='lat' dir='ltr'>Aldo</span> <span class='ocrx_word' id='word_1_111' title='bbox 971 1016 1316 1058; x_wconf 76' lang='lat' dir='ltr'>interpretamentum</span> <span class='ocrx_word' id='word_1_112' title='bbox 1354 1011 1507 1043; x_wconf 84' lang='lat' dir='ltr'>habent:</span> <span class='ocrx_word' id='word_1_113' title='bbox 1544 1020 1673 1047; x_wconf 52' lang='lat' dir='ltr'>cursam</span> 
     </span>
     <span class='ocr_line' id='line_1_14' title="bbox 156 1056 1675 1117; baseline -0.014 -11"><span class='ocrx_word' id='word_1_114' title='bbox 156 1074 219 1117; x_wconf 86' lang='lat' dir='ltr'>(ita</span> <span class='ocrx_word' id='word_1_115' title='bbox 242 1073 370 1107; x_wconf 53' lang='lat' dir='ltr'>Palam</span> <span class='ocrx_word' id='word_1_116' title='bbox 398 1072 521 1103; x_wconf 84' lang='lat' dir='ltr'>eadem</span> <span class='ocrx_word' id='word_1_117' title='bbox 544 1076 597 1101; x_wconf 79' lang='lat' dir='ltr'>est</span> <span class='ocrx_word' id='word_1_118' title='bbox 615 1067 725 1100; x_wconf 86' lang='lat' dir='ltr'>altera</span> <span class='ocrx_word' id='word_1_119' title='bbox 744 1066 871 1099; x_wconf 88' lang='lat' dir='ltr'>Medic.</span> <span class='ocrx_word' id='word_1_120' title='bbox 892 1073 925 1097; x_wconf 83' lang='lat' dir='ltr'>et</span> <span class='ocrx_word' id='word_1_121' title='bbox 946 1064 1068 1106; x_wconf 82' lang='lat' dir='ltr'>fragm.</span> <span class='ocrx_word' id='word_1_122' title='bbox 1087 1062 1170 1094; x_wconf 80' lang='lat' dir='ltr'>vat.</span> <span class='ocrx_word' id='word_1_123' title='bbox 1188 1058 1307 1091; x_wconf 80' lang='lat' dir='ltr'>lectio,</span> <span class='ocrx_word' id='word_1_124' title='bbox 1338 1057 1434 1098; x_wconf 76' lang='lat' dir='ltr'>Wr.)</span> <span class='ocrx_word' id='word_1_125' title='bbox 1469 1056 1528 1089; x_wconf 87' lang='lat' dir='ltr'>alii</span> <span class='ocrx_word' id='word_1_126' title='bbox 1551 1067 1675 1087; x_wconf 75' lang='lat' dir='ltr'>curru.</span> 
     </span>
     <span class='ocr_line' id='line_1_15' title="bbox 154 1103 1676 1163; baseline -0.014 -10"><span class='ocrx_word' id='word_1_127' title='bbox 154 1119 322 1154; x_wconf 84' lang='lat' dir='ltr'>Rottend.</span> <span class='ocrx_word' id='word_1_128' title='bbox 340 1130 392 1163; x_wconf 86' lang='lat' dir='ltr'>pr.</span> <span class='ocrx_word' id='word_1_129' title='bbox 414 1130 432 1150; x_wconf 87' lang='lat' dir='ltr'>a</span> <span class='ocrx_word' id='word_1_130' title='bbox 452 1130 495 1150; x_wconf 88' lang='lat' dir='ltr'>m.</span> <span class='ocrx_word' id='word_1_131' title='bbox 515 1128 583 1149; x_wconf 89' lang='lat' dir='ltr'>sec.</span> <span class='ocrx_word' id='word_1_132' title='bbox 612 1126 754 1147; x_wconf 80' lang='lat' dir='ltr'>cursus.</span> <span class='ocrx_word' id='word_1_133' title='bbox 803 1112 994 1145; x_wconf 74' lang='lat' dir='ltr'>simularet</span> <span class='ocrx_word' id='word_1_134' title='bbox 1025 1109 1160 1152; x_wconf 85' lang='lat' dir='ltr'>aliquot</span> <span class='ocrx_word' id='word_1_135' title='bbox 1185 1106 1277 1139; x_wconf 80' lang='lat' dir='ltr'>Pier.</span> <span class='ocrx_word' id='word_1_136' title='bbox 1307 1111 1342 1137; x_wconf 86' lang='lat' dir='ltr'>et</span> <span class='ocrx_word' id='word_1_137' title='bbox 1377 1103 1528 1148; x_wconf 85' lang='lat' dir='ltr'>quinque</span> <span class='ocrx_word' id='word_1_138' title='bbox 1563 1103 1676 1134; x_wconf 87' lang='lat' dir='ltr'>Burm.</span> 
     </span>
     <span class='ocr_line' id='line_1_16' title="bbox 157 1147 1675 1209; baseline -0.013 -9"><span class='ocrx_word' id='word_1_139' title='bbox 157 1179 233 1201; x_wconf 88' lang='lat' dir='ltr'>cum</span> <span class='ocrx_word' id='word_1_140' title='bbox 255 1168 378 1209; x_wconf 79' lang='lat' dir='ltr'>fragm.</span> <span class='ocrx_word' id='word_1_141' title='bbox 396 1165 509 1197; x_wconf 86' lang='lat' dir='ltr'>Vatic.</span> <span class='ocrx_word' id='word_1_142' title='bbox 536 1176 555 1195; x_wconf 89' lang='lat' dir='ltr'>a</span> <span class='ocrx_word' id='word_1_143' title='bbox 579 1175 623 1194; x_wconf 90' lang='lat' dir='ltr'>m.</span> <span class='ocrx_word' id='word_1_144' title='bbox 652 1174 726 1204; x_wconf 85' lang='lat' dir='ltr'>pr.,</span> <span class='ocrx_word' id='word_1_145' title='bbox 761 1160 821 1193; x_wconf 87' lang='lat' dir='ltr'>alii</span> <span class='ocrx_word' id='word_1_146' title='bbox 855 1156 1060 1192; x_wconf 74' lang='lat' dir='ltr'>simulabat.</span> <span class='ocrx_word' id='word_1_147' title='bbox 1097 1153 1254 1198; x_wconf 74' lang='lat' dir='ltr'>(Wakef.</span> <span class='ocrx_word' id='word_1_148' title='bbox 1283 1151 1327 1184; x_wconf 86' lang='lat' dir='ltr'>ad</span> <span class='ocrx_word' id='word_1_149' title='bbox 1355 1152 1492 1183; x_wconf 82' lang='lat' dir='ltr'>Lucret.</span> <span class='ocrx_word' id='word_1_150' title='bbox 1524 1151 1568 1190; x_wconf 89' lang='lat' dir='ltr'>V,</span> <span class='ocrx_word' id='word_1_151' title='bbox 1593 1147 1675 1183; x_wconf 76' lang='lat'>744.</span> 
     </span>
     <span class='ocr_line' id='line_1_17' title="bbox 158 1195 1677 1255; baseline -0.014 -8"><span class='ocrx_word' id='word_1_152' title='bbox 158 1215 350 1248; x_wconf 70' lang='lat' dir='ltr'>simularet</span> <span class='ocrx_word' id='word_1_153' title='bbox 372 1212 479 1255; x_wconf 74' lang='lat' dir='ltr'>legit3</span> <span class='ocrx_word' id='word_1_154' title='bbox 505 1209 630 1242; x_wconf 84' lang='lat' dir='ltr'>vellem</span> <span class='ocrx_word' id='word_1_155' title='bbox 649 1207 835 1241; x_wconf 80' lang='lat' dir='ltr'>adiecisset</span> <span class='ocrx_word' id='word_1_156' title='bbox 856 1217 1003 1238; x_wconf 82' lang='lat' dir='ltr'>causam.</span> <span class='ocrx_word' id='word_1_157' title='bbox 1052 1201 1194 1235; x_wconf 85' lang='lat' dir='ltr'>Scilicet</span> <span class='ocrx_word' id='word_1_158' title='bbox 1218 1200 1253 1231; x_wconf 83' lang='lat' dir='ltr'>in</span> <span class='ocrx_word' id='word_1_159' title='bbox 1275 1198 1338 1231; x_wconf 87' lang='lat' dir='ltr'>tali</span> <span class='ocrx_word' id='word_1_160' title='bbox 1370 1197 1531 1230; x_wconf 84' lang='lat' dir='ltr'>oratione</span> <span class='ocrx_word' id='word_1_161' title='bbox 1560 1195 1588 1228; x_wconf 89' lang='lat' dir='ltr'>si</span> <span class='ocrx_word' id='word_1_162' title='bbox 1620 1206 1677 1226; x_wconf 86' lang='lat' dir='ltr'>res</span> 
     </span>
     <span class='ocr_line' id='line_1_18' title="bbox 158 1242 1679 1300; baseline -0.014 -6"><span class='ocrx_word' id='word_1_163' title='bbox 158 1261 252 1295; x_wconf 86' lang='lat' dir='ltr'>redit</span> <span class='ocrx_word' id='word_1_164' title='bbox 270 1260 313 1292; x_wconf 90' lang='lat' dir='ltr'>ad</span> <span class='ocrx_word' id='word_1_165' title='bbox 334 1259 588 1297; x_wconf 73' lang='lat' dir='ltr'>narrationem,</span> <span class='ocrx_word' id='word_1_166' title='bbox 613 1255 802 1300; x_wconf 77' lang='lat' dir='ltr'>requiritur</span> <span class='ocrx_word' id='word_1_167' title='bbox 822 1251 1050 1288; x_wconf 80' lang='lat' dir='ltr'>indicativus3</span> <span class='ocrx_word' id='word_1_168' title='bbox 1077 1250 1128 1281; x_wconf 90' lang='lat' dir='ltr'>sin</span> <span class='ocrx_word' id='word_1_169' title='bbox 1143 1274 1150 1288; x_wconf 91' lang='lat'>,</span> <span class='ocrx_word' id='word_1_170' title='bbox 1178 1246 1259 1292; x_wconf 87' lang='lat' dir='ltr'>quid</span> <span class='ocrx_word' id='word_1_171' title='bbox 1288 1245 1475 1278; x_wconf 81' lang='lat' dir='ltr'>sentiamus</span> <span class='ocrx_word' id='word_1_172' title='bbox 1497 1244 1540 1275; x_wconf 88' lang='lat' dir='ltr'>de</span> <span class='ocrx_word' id='word_1_173' title='bbox 1562 1242 1679 1285; x_wconf 86' lang='lat' dir='ltr'>aliqua</span> 
     </span>
     <span class='ocr_line' id='line_1_19' title="bbox 162 1289 1680 1347; baseline -0.014 -6"><span class='ocrx_word' id='word_1_174' title='bbox 162 1321 221 1347; x_wconf 83' lang='lat' dir='ltr'>re,</span> <span class='ocrx_word' id='word_1_175' title='bbox 248 1307 441 1347; x_wconf 83' lang='lat' dir='ltr'>indicatur,</span> <span class='ocrx_word' id='word_1_176' title='bbox 467 1303 725 1340; x_wconf 71' lang='lat' dir='ltr'>coniunctivus3</span> <span class='ocrx_word' id='word_1_177' title='bbox 751 1301 821 1333; x_wconf 85' lang='lat' dir='ltr'>vid.</span> <span class='ocrx_word' id='word_1_178' title='bbox 843 1301 886 1333; x_wconf 90' lang='lat' dir='ltr'>V.</span> <span class='ocrx_word' id='word_1_179' title='bbox 904 1299 943 1331; x_wconf 88' lang='lat' dir='ltr'>L.</span> <span class='ocrx_word' id='word_1_180' title='bbox 965 1298 1008 1329; x_wconf 87' lang='lat' dir='ltr'>ad</span> <span class='ocrx_word' id='word_1_181' title='bbox 1028 1298 1068 1337; x_wconf 90' lang='lat' dir='ltr'>ll,</span> <span class='ocrx_word' id='word_1_182' title='bbox 1095 1294 1175 1330; x_wconf 81' lang='lat'>346.</span> <span class='ocrx_word' id='word_1_183' title='bbox 1225 1293 1314 1325; x_wconf 92' lang='lat' dir='ltr'>Illud</span> <span class='ocrx_word' id='word_1_184' title='bbox 1344 1293 1372 1324; x_wconf 87' lang='lat' dir='ltr'>si</span> <span class='ocrx_word' id='word_1_185' title='bbox 1402 1290 1576 1335; x_wconf 86' lang='lat' dir='ltr'>sequeris,</span> <span class='ocrx_word' id='word_1_186' title='bbox 1610 1289 1680 1320; x_wconf 90' lang='lat' dir='ltr'>hoc</span> 
     </span>
     <span class='ocr_line' id='line_1_20' title="bbox 161 1334 1680 1397; baseline -0.014 -9"><span class='ocrx_word' id='word_1_187' title='bbox 161 1356 249 1387; x_wconf 88' lang='lat' dir='ltr'>dicit</span> <span class='ocrx_word' id='word_1_188' title='bbox 270 1353 458 1397; x_wconf 79' lang='lat' dir='ltr'>Virgilius:</span> <span class='ocrx_word' id='word_1_189' title='bbox 485 1350 661 1383; x_wconf 78' lang='lat' dir='ltr'>dementia</span> <span class='ocrx_word' id='word_1_190' title='bbox 685 1350 757 1382; x_wconf 83' lang='lat' dir='ltr'>eius</span> <span class='ocrx_word' id='word_1_191' title='bbox 781 1348 816 1380; x_wconf 91' lang='lat' dir='ltr'>in</span> <span class='ocrx_word' id='word_1_192' title='bbox 840 1359 882 1379; x_wconf 87' lang='lat' dir='ltr'>eo</span> <span class='ocrx_word' id='word_1_193' title='bbox 904 1344 1131 1383; x_wconf 74' lang='lat' dir='ltr'>cernebatur,</span> <span class='ocrx_word' id='word_1_194' title='bbox 1156 1340 1250 1385; x_wconf 88' lang='lat' dir='ltr'>quod</span> <span class='ocrx_word' id='word_1_195' title='bbox 1277 1339 1407 1371; x_wconf 83' lang='lat' dir='ltr'>fulmen</span> <span class='ocrx_word' id='word_1_196' title='bbox 1424 1349 1504 1371; x_wconf 86' lang='lat' dir='ltr'>aere</span> <span class='ocrx_word' id='word_1_197' title='bbox 1523 1343 1558 1369; x_wconf 87' lang='lat' dir='ltr'>et</span> <span class='ocrx_word' id='word_1_198' title='bbox 1574 1334 1680 1380; x_wconf 86' lang='lat' dir='ltr'>pulsu</span> 
     </span>
     <span class='ocr_line' id='line_1_21' title="bbox 164 1382 1682 1446; baseline -0.014 -12"><span class='ocrx_word' id='word_1_199' title='bbox 164 1413 331 1446; x_wconf 88' lang='lat' dir='ltr'>equorum</span> <span class='ocrx_word' id='word_1_200' title='bbox 361 1398 553 1436; x_wconf 86' lang='lat' dir='ltr'>simulavit3</span> <span class='ocrx_word' id='word_1_201' title='bbox 587 1398 655 1429; x_wconf 90' lang='lat' dir='ltr'>hoc</span> <span class='ocrx_word' id='word_1_202' title='bbox 692 1396 720 1428; x_wconf 83' lang='lat' dir='ltr'>si</span> <span class='ocrx_word' id='word_1_203' title='bbox 750 1393 996 1438; x_wconf 79' lang='lat' dir='ltr'>amplecteris,</span> <span class='ocrx_word' id='word_1_204' title='bbox 1038 1391 1125 1422; x_wconf 81' lang='lat' dir='ltr'>haec</span> <span class='ocrx_word' id='word_1_205' title='bbox 1154 1386 1269 1420; x_wconf 79' lang='lat' dir='ltr'>existit</span> <span class='ocrx_word' id='word_1_206' title='bbox 1296 1385 1485 1418; x_wconf 79' lang='lat' dir='ltr'>sententia:</span> <span class='ocrx_word' id='word_1_207' title='bbox 1521 1382 1682 1422; x_wconf 84' lang='lat' dir='ltr'>credidit,</span> 
     </span>
     <span class='ocr_line' id='line_1_22' title="bbox 163 1429 1683 1492; baseline -0.014 -11"><span class='ocrx_word' id='word_1_208' title='bbox 163 1449 201 1481; x_wconf 88' lang='lat' dir='ltr'>id</span> <span class='ocrx_word' id='word_1_209' title='bbox 225 1448 318 1492; x_wconf 93' lang='lat' dir='ltr'>quod</span> <span class='ocrx_word' id='word_1_210' title='bbox 337 1447 510 1479; x_wconf 85' lang='lat' dir='ltr'>dementis</span> <span class='ocrx_word' id='word_1_211' title='bbox 531 1451 584 1477; x_wconf 83' lang='lat' dir='ltr'>est</span> <span class='ocrx_word' id='word_1_212' title='bbox 610 1443 772 1484; x_wconf 86' lang='lat' dir='ltr'>credere,</span> <span class='ocrx_word' id='word_1_213' title='bbox 798 1455 824 1474; x_wconf 85' lang='lat' dir='ltr'>s.</span> <span class='ocrx_word' id='word_1_214' title='bbox 846 1440 939 1485; x_wconf 80' lang='lat' dir='ltr'>quod</span> <span class='ocrx_word' id='word_1_215' title='bbox 958 1436 1096 1471; x_wconf 88' lang='lat' dir='ltr'>minime</span> <span class='ocrx_word' id='word_1_216' title='bbox 1116 1436 1151 1467; x_wconf 88' lang='lat' dir='ltr'>in</span> <span class='ocrx_word' id='word_1_217' title='bbox 1168 1434 1315 1468; x_wconf 77' lang='lat' dir='ltr'>animum</span> <span class='ocrx_word' id='word_1_218' title='bbox 1333 1433 1498 1465; x_wconf 81' lang='lat' dir='ltr'>inducere</span> <span class='ocrx_word' id='word_1_219' title='bbox 1520 1429 1683 1470; x_wconf 86' lang='lat' dir='ltr'>debebat,</span> 
     </span>
     <span class='ocr_line' id='line_1_23' title="bbox 164 1475 1684 1536; baseline -0.014 -8"><span class='ocrx_word' id='word_1_220' title='bbox 164 1496 296 1528; x_wconf 80' lang='lat' dir='ltr'>fulmen</span> <span class='ocrx_word' id='word_1_221' title='bbox 321 1506 358 1526; x_wconf 85' lang='lat' dir='ltr'>se</span> <span class='ocrx_word' id='word_1_222' title='bbox 381 1492 543 1526; x_wconf 78' lang='lat' dir='ltr'>simulare</span> <span class='ocrx_word' id='word_1_223' title='bbox 563 1503 668 1536; x_wconf 88' lang='lat' dir='ltr'>posse</span> <span class='ocrx_word' id='word_1_224' title='bbox 688 1501 767 1522; x_wconf 86' lang='lat' dir='ltr'>aere</span> <span class='ocrx_word' id='word_1_225' title='bbox 791 1495 826 1520; x_wconf 89' lang='lat' dir='ltr'>et</span> <span class='ocrx_word' id='word_1_226' title='bbox 845 1487 947 1532; x_wconf 86' lang='lat' dir='ltr'>pulsu</span> <span class='ocrx_word' id='word_1_227' title='bbox 967 1495 1143 1530; x_wconf 85' lang='lat' dir='ltr'>equorum.</span> <span class='ocrx_word' id='word_1_228' title='bbox 1193 1483 1262 1513; x_wconf 80' lang='lat' dir='ltr'>Iam</span> <span class='ocrx_word' id='word_1_229' title='bbox 1282 1480 1385 1513; x_wconf 82' lang='lat' dir='ltr'>facile</span> <span class='ocrx_word' id='word_1_230' title='bbox 1407 1484 1566 1524; x_wconf 83' lang='lat' dir='ltr'>apparet,</span> <span class='ocrx_word' id='word_1_231' title='bbox 1582 1475 1684 1520; x_wconf 86' lang='lat' dir='ltr'>prio-</span> 
     </span>
     <span class='ocr_line' id='line_1_24' title="bbox 166 1526 1684 1576; baseline -0.014 -1"><span class='ocrx_word' id='word_1_232' title='bbox 166 1555 240 1576; x_wconf 86' lang='lat' dir='ltr'>rem</span> <span class='ocrx_word' id='word_1_233' title='bbox 262 1541 434 1574; x_wconf 81' lang='lat' dir='ltr'>rationem</span> <span class='ocrx_word' id='word_1_234' title='bbox 452 1538 697 1572; x_wconf 83' lang='lat' dir='ltr'>alienissimam</span> <span class='ocrx_word' id='word_1_235' title='bbox 719 1548 795 1568; x_wconf 83' lang='lat' dir='ltr'>esse</span> <span class='ocrx_word' id='word_1_236' title='bbox 816 1536 859 1568; x_wconf 81' lang='lat' dir='ltr'>ab</span> <span class='ocrx_word' id='word_1_237' title='bbox 882 1534 949 1566; x_wconf 86' lang='lat' dir='ltr'>hoc</span> <span class='ocrx_word' id='word_1_238' title='bbox 970 1533 1071 1573; x_wconf 87' lang='lat' dir='ltr'>loco,</span> <span class='ocrx_word' id='word_1_239' title='bbox 1096 1541 1166 1562; x_wconf 87' lang='lat' dir='ltr'>non</span> <span class='ocrx_word' id='word_1_240' title='bbox 1190 1540 1255 1573; x_wconf 86' lang='lat' dir='ltr'>per</span> <span class='ocrx_word' id='word_1_241' title='bbox 1272 1539 1329 1569; x_wconf 88' lang='lat' dir='ltr'>se,</span> <span class='ocrx_word' id='word_1_242' title='bbox 1363 1526 1426 1558; x_wconf 86' lang='lat' dir='ltr'>sed</span> <span class='ocrx_word' id='word_1_243' title='bbox 1455 1530 1602 1569; x_wconf 86' lang='lat' dir='ltr'>propter</span> <span class='ocrx_word' id='word_1_244' title='bbox 1632 1534 1684 1563; x_wconf 85' lang='lat' dir='ltr'>ea,</span> 
     </span>
     <span class='ocr_line' id='line_1_25' title="bbox 168 1569 1686 1635; baseline -0.015 -12"><span class='ocrx_word' id='word_1_245' title='bbox 168 1601 257 1635; x_wconf 81' lang='lat' dir='ltr'>quae</span> <span class='ocrx_word' id='word_1_246' title='bbox 282 1601 330 1620; x_wconf 82' lang='lat' dir='ltr'>vs.</span> <span class='ocrx_word' id='word_1_247' title='bbox 351 1589 430 1623; x_wconf 80' lang='grc'><strong>586.</strong></span> <span class='ocrx_word' id='word_1_248' title='bbox 451 1587 635 1630; x_wconf 67' lang='lat' dir='ltr'>leguntur3</span> <span class='ocrx_word' id='word_1_249' title='bbox 661 1584 736 1628; x_wconf 88' lang='lat' dir='ltr'>quis</span> <span class='ocrx_word' id='word_1_250' title='bbox 756 1582 843 1614; x_wconf 84' lang='lat' dir='ltr'>enim</span> <span class='ocrx_word' id='word_1_251' title='bbox 867 1580 933 1613; x_wconf 89' lang='lat' dir='ltr'>sibi</span> <span class='ocrx_word' id='word_1_252' title='bbox 958 1577 1185 1623; x_wconf 81' lang='lat' dir='ltr'>persuadeat,</span> <span class='ocrx_word' id='word_1_253' title='bbox 1209 1574 1299 1606; x_wconf 85' lang='lat' dir='ltr'>intra</span> <span class='ocrx_word' id='word_1_254' title='bbox 1324 1585 1454 1618; x_wconf 87' lang='lat' dir='ltr'>paucos</span> <span class='ocrx_word' id='word_1_255' title='bbox 1486 1582 1602 1603; x_wconf 87' lang='lat' dir='ltr'>versus</span> <span class='ocrx_word' id='word_1_256' title='bbox 1631 1569 1686 1601; x_wconf 82' lang='lat' dir='ltr'>bis</span> 
     </span>
     <span class='ocr_line' id='line_1_26' title="bbox 169 1619 1689 1671; baseline -0.014 -2"><span class='ocrx_word' id='word_1_257' title='bbox 169 1641 404 1670; x_wconf 85' lang='lat' dir='ltr'>narratam</span> <span class='ocrx_word' id='word_1_258' title='bbox 429 1645 506 1666; x_wconf 88' lang='lat' dir='ltr'>esse</span> <span class='ocrx_word' id='word_1_259' title='bbox 527 1644 601 1665; x_wconf 83' lang='lat' dir='ltr'>rem</span> <span class='ocrx_word' id='word_1_260' title='bbox 629 1631 773 1664; x_wconf 83' lang='lat' dir='ltr'>eandem</span> <span class='ocrx_word' id='word_1_261' title='bbox 795 1642 813 1662; x_wconf 83' lang='lat' dir='ltr'>a</span> <span class='ocrx_word' id='word_1_262' title='bbox 831 1626 1009 1671; x_wconf 72' lang='lat' dir='ltr'>Virgilio?</span> <span class='ocrx_word' id='word_1_263' title='bbox 1056 1624 1159 1658; x_wconf 87' lang='lat' dir='ltr'>Salvo</span> <span class='ocrx_word' id='word_1_264' title='bbox 1188 1621 1294 1665; x_wconf 79' lang='lat' dir='ltr'>igitur</span> <span class='ocrx_word' id='word_1_265' title='bbox 1320 1632 1422 1653; x_wconf 85' lang='lat' dir='ltr'>versu</span> <span class='ocrx_word' id='word_1_266' title='bbox 1450 1619 1552 1659; x_wconf 82' lang='grc'><strong>586.,</strong></span> <span class='ocrx_word' id='word_1_267' title='bbox 1578 1637 1621 1640; x_wconf 89' lang='grc'>-</span> <span class='ocrx_word' id='word_1_268' title='bbox 1652 1622 1689 1649; x_wconf 87' lang='lat' dir='ltr'>et</span> 
     </span>
     <span class='ocr_line' id='line_1_27' title="bbox 171 1666 1690 1727; baseline -0.014 -11"><span class='ocrx_word' id='word_1_269' title='bbox 171 1684 247 1727; x_wconf 82' lang='lat' dir='ltr'>quis</span> <span class='ocrx_word' id='word_1_270' title='bbox 275 1682 401 1714; x_wconf 80' lang='lat' dir='ltr'>eiicere</span> <span class='ocrx_word' id='word_1_271' title='bbox 422 1693 497 1713; x_wconf 87' lang='lat' dir='ltr'>eum</span> <span class='ocrx_word' id='word_1_272' title='bbox 517 1679 632 1712; x_wconf 72' lang='lat' dir='ltr'>ausit?</span> <span class='ocrx_word' id='word_1_273' title='bbox 654 1698 695 1702; x_wconf 93' lang='lat'>—-</span> <span class='ocrx_word' id='word_1_274' title='bbox 718 1677 745 1709; x_wconf 89' lang='lat' dir='ltr'>si</span> <span class='ocrx_word' id='word_1_275' title='bbox 766 1676 819 1709; x_wconf 88' lang='lat' dir='ltr'>vel</span> <span class='ocrx_word' id='word_1_276' title='bbox 840 1675 953 1707; x_wconf 85' lang='lat' dir='ltr'>nullus</span> <span class='ocrx_word' id='word_1_277' title='bbox 976 1671 1087 1705; x_wconf 82' lang='lat' dir='ltr'>codex</span> <span class='ocrx_word' id='word_1_278' title='bbox 1115 1669 1264 1703; x_wconf 75' lang='lat' dir='ltr'>haberet</span> <span class='ocrx_word' id='word_1_279' title='bbox 1293 1666 1568 1705; x_wconf 81' lang='lat' dir='ltr'>coniunctivum,</span> <span class='ocrx_word' id='word_1_280' title='bbox 1601 1674 1690 1696; x_wconf 84' lang='lat' dir='ltr'>con-</span> 
     </span>
     <span class='ocr_line' id='line_1_28' title="bbox 171 1710 1689 1763; baseline -0.015 0"><span class='ocrx_word' id='word_1_281' title='bbox 171 1731 305 1763; x_wconf 84' lang='lat' dir='ltr'>iectura</span> <span class='ocrx_word' id='word_1_282' title='bbox 325 1727 563 1761; x_wconf 83' lang='lat' dir='ltr'>restituendus</span> <span class='ocrx_word' id='word_1_283' title='bbox 593 1732 687 1759; x_wconf 84' lang='lat' dir='ltr'>esset</span> <span class='ocrx_word' id='word_1_284' title='bbox 713 1724 741 1756; x_wconf 91' lang='lat' dir='ltr'>is</span> <span class='ocrx_word' id='word_1_285' title='bbox 778 1721 889 1755; x_wconf 81' lang='lat' dir='ltr'>Verbi</span> <span class='ocrx_word' id='word_1_286' title='bbox 923 1721 1067 1759; x_wconf 78' lang='lat' dir='ltr'>modus3</span> <span class='ocrx_word' id='word_1_287' title='bbox 1098 1724 1133 1750; x_wconf 87' lang='lat' dir='ltr'>at</span> <span class='ocrx_word' id='word_1_288' title='bbox 1167 1715 1295 1759; x_wconf 77' lang='lat' dir='ltr'>legitur</span> <span class='ocrx_word' id='word_1_289' title='bbox 1325 1713 1515 1746; x_wconf 74' lang='lat' dir='ltr'>simularet</span> <span class='ocrx_word' id='word_1_290' title='bbox 1545 1711 1579 1742; x_wconf 92' lang='lat' dir='ltr'>in</span> <span class='ocrx_word' id='word_1_291' title='bbox 1612 1710 1689 1754; x_wconf 86' lang='lat' dir='ltr'>ipso</span> 
     </span>
     <span class='ocr_line' id='line_1_29' title="bbox 170 1759 1692 1820; baseline -0.015 -10"><span class='ocrx_word' id='word_1_292' title='bbox 170 1776 300 1811; x_wconf 84' lang='lat' dir='ltr'>Medic.</span> <span class='ocrx_word' id='word_1_293' title='bbox 327 1775 418 1820; x_wconf 84' lang='lat' dir='ltr'>apud</span> <span class='ocrx_word' id='word_1_294' title='bbox 439 1774 585 1817; x_wconf 83' lang='lat' dir='ltr'>Foggin.</span> <span class='ocrx_word' id='word_1_295' title='bbox 600 1798 610 1813; x_wconf 82' lang='lat'><strong>‚</strong></span> <span class='ocrx_word' id='word_1_296' title='bbox 633 1773 717 1804; x_wconf 89' lang='lat' dir='ltr'>item</span> <span class='ocrx_word' id='word_1_297' title='bbox 736 1770 772 1802; x_wconf 87' lang='lat' dir='ltr'>in</span> <span class='ocrx_word' id='word_1_298' title='bbox 792 1769 954 1802; x_wconf 77' lang='lat' dir='ltr'>Medieeo</span> <span class='ocrx_word' id='word_1_299' title='bbox 977 1766 1124 1809; x_wconf 85' lang='lat' dir='ltr'>aliisque</span> <span class='ocrx_word' id='word_1_300' title='bbox 1151 1763 1250 1795; x_wconf 86' lang='lat' dir='ltr'>libris</span> <span class='ocrx_word' id='word_1_301' title='bbox 1274 1761 1399 1802; x_wconf 87' lang='lat' dir='ltr'>Pierii,</span> <span class='ocrx_word' id='word_1_302' title='bbox 1426 1759 1616 1802; x_wconf 73' lang='lat' dir='ltr'>cademque</span> <span class='ocrx_word' id='word_1_303' title='bbox 1639 1762 1692 1788; x_wconf 85' lang='lat' dir='ltr'>est</span> 
     </span>
     <span class='ocr_line' id='line_1_30' title="bbox 172 1805 1694 1870; baseline -0.015 -13"><span class='ocrx_word' id='word_1_304' title='bbox 172 1825 271 1870; x_wconf 84' lang='lat' dir='ltr'>prior</span> <span class='ocrx_word' id='word_1_305' title='bbox 292 1823 398 1855; x_wconf 84' lang='lat' dir='ltr'>lectio</span> <span class='ocrx_word' id='word_1_306' title='bbox 420 1822 542 1865; x_wconf 75' lang='lat' dir='ltr'>fragm.</span> <span class='ocrx_word' id='word_1_307' title='bbox 564 1820 700 1861; x_wconf 85' lang='lat' dir='ltr'>Vatic.‚</span> <span class='ocrx_word' id='word_1_308' title='bbox 725 1817 821 1851; x_wconf 87' lang='lat' dir='ltr'>cuius</span> <span class='ocrx_word' id='word_1_309' title='bbox 840 1816 951 1849; x_wconf 85' lang='lat' dir='ltr'>altera</span> <span class='ocrx_word' id='word_1_310' title='bbox 980 1812 1088 1846; x_wconf 86' lang='lat' dir='ltr'>lectio</span> <span class='ocrx_word' id='word_1_311' title='bbox 1123 1816 1175 1842; x_wconf 84' lang='lat' dir='ltr'>est</span> <span class='ocrx_word' id='word_1_312' title='bbox 1205 1809 1415 1847; x_wconf 80' lang='lat' dir='ltr'>simularat,</span> <span class='ocrx_word' id='word_1_313' title='bbox 1452 1805 1546 1849; x_wconf 86' lang='lat' dir='ltr'>quod</span> <span class='ocrx_word' id='word_1_314' title='bbox 1581 1809 1694 1836; x_wconf 78' lang='lat' dir='ltr'>exstat</span> 
     </span>
     <span class='ocr_line' id='line_1_31' title="bbox 175 1851 1694 1908; baseline -0.015 -4"><span class='ocrx_word' id='word_1_315' title='bbox 175 1871 280 1904; x_wconf 85' lang='lat' dir='ltr'>etiarn</span> <span class='ocrx_word' id='word_1_316' title='bbox 298 1871 332 1902; x_wconf 89' lang='lat' dir='ltr'>in</span> <span class='ocrx_word' id='word_1_317' title='bbox 350 1868 459 1901; x_wconf 85' lang='lat' dir='ltr'>Palat.</span> <span class='ocrx_word' id='word_1_318' title='bbox 508 1868 690 1907; x_wconf 87' lang='lat' dir='ltr'>Ceterum,</span> <span class='ocrx_word' id='word_1_319' title='bbox 722 1877 765 1897; x_wconf 88' lang='lat' dir='ltr'>ne</span> <span class='ocrx_word' id='word_1_320' title='bbox 797 1864 872 1908; x_wconf 88' lang='lat' dir='ltr'>quis</span> <span class='ocrx_word' id='word_1_321' title='bbox 899 1863 993 1894; x_wconf 81' lang='lat' dir='ltr'>forte</span> <span class='ocrx_word' id='word_1_322' title='bbox 1024 1857 1207 1892; x_wconf 67' lang='lat' dir='ltr'>simularit</span> <span class='ocrx_word' id='word_1_323' title='bbox 1237 1854 1458 1888; x_wconf 78' lang='lat' dir='ltr'>scribendum</span> <span class='ocrx_word' id='word_1_324' title='bbox 1484 1852 1591 1884; x_wconf 76' lang='lat' dir='ltr'>fuisse</span> <span class='ocrx_word' id='word_1_325' title='bbox 1617 1851 1694 1882; x_wconf 75' lang='lat' dir='ltr'>exi-</span> 
     </span>
     <span class='ocr_line' id='line_1_32' title="bbox 175 1896 1694 1959; baseline -0.015 -8"><span class='ocrx_word' id='word_1_326' title='bbox 175 1919 293 1952; x_wconf 83' lang='lat' dir='ltr'>stimet</span> <span class='ocrx_word' id='word_1_327' title='bbox 315 1943 324 1959; x_wconf 92' lang='lat'>‚</span> <span class='ocrx_word' id='word_1_328' title='bbox 368 1915 557 1948; x_wconf 74' lang='lat' dir='ltr'>simularet</span> <span class='ocrx_word' id='word_1_329' title='bbox 595 1914 716 1957; x_wconf 82' lang='lat' dir='ltr'>accipe</span> <span class='ocrx_word' id='word_1_330' title='bbox 755 1911 799 1943; x_wconf 89' lang='lat' dir='ltr'>de</span> <span class='ocrx_word' id='word_1_331' title='bbox 838 1921 879 1942; x_wconf 92' lang='lat' dir='ltr'>eo</span> <span class='ocrx_word' id='word_1_332' title='bbox 923 1908 1050 1940; x_wconf 81' lang='lat' dir='ltr'>dictum</span> <span class='ocrx_word' id='word_1_333' title='bbox 1070 1932 1078 1947; x_wconf 88' lang='lat'>,</span> <span class='ocrx_word' id='word_1_334' title='bbox 1119 1903 1212 1949; x_wconf 87' lang='lat' dir='ltr'>quod</span> <span class='ocrx_word' id='word_1_335' title='bbox 1252 1902 1390 1947; x_wconf 80' lang='lat' dir='ltr'>saepius</span> <span class='ocrx_word' id='word_1_336' title='bbox 1431 1900 1549 1932; x_wconf 72' lang='lat' dir='ltr'>fiebat.</span> <span class='ocrx_word' id='word_1_337' title='bbox 1601 1896 1694 1939; x_wconf 73' lang='lat' dir='ltr'>IVr.)</span> 
     </span>
     <span class='ocr_line' id='line_1_33' title="bbox 176 1944 1696 2008; baseline -0.018 -7"><span class='ocrx_word' id='word_1_338' title='bbox 176 1967 245 2000; x_wconf 72' lang='grc'>592</span> <span class='ocrx_word' id='word_1_339' title='bbox 273 1964 512 2008; x_wconf 75' lang='lat' dir='ltr'>omnipudens</span> <span class='ocrx_word' id='word_1_340' title='bbox 529 1960 628 1994; x_wconf 88' lang='lat' dir='ltr'>Leid.</span> <span class='ocrx_word' id='word_1_341' title='bbox 678 1959 796 1992; x_wconf 80' lang='lat' dir='ltr'>media</span> <span class='ocrx_word' id='word_1_342' title='bbox 812 1958 834 1989; x_wconf 91' lang='lat' dir='ltr'>i.</span> <span class='ocrx_word' id='word_1_343' title='bbox 855 1969 890 1989; x_wconf 86' lang='lat' dir='ltr'>n.</span> <span class='ocrx_word' id='word_1_344' title='bbox 912 1955 1019 1987; x_wconf 87' lang='lat' dir='ltr'>Goth.</span> <span class='ocrx_word' id='word_1_345' title='bbox 1041 1965 1109 1985; x_wconf 85' lang='lat' dir='ltr'>sec.</span> <span class='ocrx_word' id='word_1_346' title='bbox 1204 1950 1272 1985; x_wconf 77' lang='grc'>593</span> <span class='ocrx_word' id='word_1_347' title='bbox 1298 1962 1365 1981; x_wconf 81' lang='lat' dir='ltr'>nec</span> <span class='ocrx_word' id='word_1_348' title='bbox 1385 1947 1419 1993; x_wconf 81' lang='lat' dir='ltr'>s.</span> <span class='ocrx_word' id='word_1_349' title='bbox 1450 1946 1585 1990; x_wconf 86' lang='lat' dir='ltr'>aliquot</span> <span class='ocrx_word' id='word_1_350' title='bbox 1605 1944 1696 1976; x_wconf 89' lang='lat' dir='ltr'>Pier.</span> 
     </span>
     <span class='ocr_line' id='line_1_34' title="bbox 178 1990 1697 2051; baseline -0.016 -6"><span class='ocrx_word' id='word_1_351' title='bbox 178 2019 214 2045; x_wconf 83' lang='lat' dir='ltr'>et</span> <span class='ocrx_word' id='word_1_352' title='bbox 242 2013 375 2043; x_wconf 77' lang='lat' dir='ltr'>Burm.;</span> <span class='ocrx_word' id='word_1_353' title='bbox 403 2015 439 2041; x_wconf 87' lang='lat' dir='ltr'>et</span> <span class='ocrx_word' id='word_1_354' title='bbox 461 2008 509 2041; x_wconf 88' lang='lat' dir='ltr'>sic</span> <span class='ocrx_word' id='word_1_355' title='bbox 529 2007 659 2040; x_wconf 82' lang='lat' dir='ltr'>editum</span> <span class='ocrx_word' id='word_1_356' title='bbox 681 2005 828 2051; x_wconf 87' lang='lat' dir='ltr'>primum</span> <span class='ocrx_word' id='word_1_357' title='bbox 849 2003 892 2036; x_wconf 89' lang='lat' dir='ltr'>ab</span> <span class='ocrx_word' id='word_1_358' title='bbox 912 2000 1060 2045; x_wconf 83' lang='lat' dir='ltr'>Egnatio</span> <span class='ocrx_word' id='word_1_359' title='bbox 1084 1999 1183 2033; x_wconf 85' lang='lat'>1507.</span> <span class='ocrx_word' id='word_1_360' title='bbox 1235 2000 1314 2039; x_wconf 83' lang='lat' dir='ltr'>(nec</span> <span class='ocrx_word' id='word_1_361' title='bbox 1329 1994 1364 2040; x_wconf 88' lang='lat' dir='ltr'><em>s</em></span> <span class='ocrx_word' id='word_1_362' title='bbox 1399 2005 1501 2038; x_wconf 82' lang='lat' dir='ltr'>quum</span> <span class='ocrx_word' id='word_1_363' title='bbox 1532 1997 1642 2023; x_wconf 82' lang='lat' dir='ltr'>exstet</span> <span class='ocrx_word' id='word_1_364' title='bbox 1661 1990 1697 2022; x_wconf 87' lang='lat' dir='ltr'>iu</span> 
     </span>
     <span class='ocr_line' id='line_1_35' title="bbox 179 2036 1699 2096; baseline -0.016 -4"><span class='ocrx_word' id='word_1_365' title='bbox 179 2057 265 2092; x_wconf 82' lang='lat' dir='ltr'>edit.</span> <span class='ocrx_word' id='word_1_366' title='bbox 287 2059 328 2089; x_wconf 89' lang='lat' dir='ltr'>D.</span> <span class='ocrx_word' id='word_1_367' title='bbox 349 2055 486 2088; x_wconf 82' lang='lat' dir='ltr'>Heinsii</span> <span class='ocrx_word' id='word_1_368' title='bbox 509 2055 631 2094; x_wconf 81' lang='lat'>1636.‚</span> <span class='ocrx_word' id='word_1_369' title='bbox 656 2060 760 2096; x_wconf 87' lang='lat' dir='ltr'>atque</span> <span class='ocrx_word' id='word_1_370' title='bbox 783 2051 830 2082; x_wconf 83' lang='lat' dir='ltr'>ita</span> <span class='ocrx_word' id='word_1_371' title='bbox 852 2048 1006 2081; x_wconf 83' lang='lat' dir='ltr'>ediderit</span> <span class='ocrx_word' id='word_1_372' title='bbox 1026 2046 1104 2079; x_wconf 90' lang='lat' dir='ltr'>Nic.</span> <span class='ocrx_word' id='word_1_373' title='bbox 1128 2043 1312 2083; x_wconf 82' lang='lat' dir='ltr'>Heinsius,</span> <span class='ocrx_word' id='word_1_374' title='bbox 1346 2041 1382 2073; x_wconf 84' lang='lat' dir='ltr'>id</span> <span class='ocrx_word' id='word_1_375' title='bbox 1412 2040 1550 2072; x_wconf 75' lang='lat' dir='ltr'>videtur</span> <span class='ocrx_word' id='word_1_376' title='bbox 1580 2037 1638 2069; x_wconf 88' lang='lat' dir='ltr'>hic</span> <span class='ocrx_word' id='word_1_377' title='bbox 1663 2036 1699 2068; x_wconf 87' lang='lat' dir='ltr'>in</span> 
     </span>
     <span class='ocr_line' id='line_1_36' title="bbox 180 2083 1698 2139; baseline -0.016 -1"><span class='ocrx_word' id='word_1_378' title='bbox 180 2105 249 2138; x_wconf 86' lang='lat' dir='ltr'>suis</span> <span class='ocrx_word' id='word_1_379' title='bbox 270 2104 369 2136; x_wconf 88' lang='lat' dir='ltr'>libris</span> <span class='ocrx_word' id='word_1_380' title='bbox 389 2101 581 2139; x_wconf 82' lang='lat' dir='ltr'>invenisse3</span> <span class='ocrx_word' id='word_1_381' title='bbox 604 2099 704 2132; x_wconf 82' lang='lat' dir='ltr'>etita</span> <span class='ocrx_word' id='word_1_382' title='bbox 728 2104 780 2130; x_wconf 85' lang='lat' dir='ltr'>est</span> <span class='ocrx_word' id='word_1_383' title='bbox 799 2097 834 2128; x_wconf 86' lang='lat' dir='ltr'>in</span> <span class='ocrx_word' id='word_1_384' title='bbox 854 2095 982 2127; x_wconf 82' lang='lat' dir='ltr'>Medic.</span> <span class='ocrx_word' id='word_1_385' title='bbox 1001 2106 1054 2137; x_wconf 85' lang='lat' dir='ltr'>ap.</span> <span class='ocrx_word' id='word_1_386' title='bbox 1073 2093 1182 2135; x_wconf 81' lang='lat' dir='ltr'>Fogg.</span> <span class='ocrx_word' id='word_1_387' title='bbox 1203 2096 1237 2122; x_wconf 82' lang='lat' dir='ltr'>et</span> <span class='ocrx_word' id='word_1_388' title='bbox 1254 2090 1287 2121; x_wconf 89' lang='lat' dir='ltr'>in</span> <span class='ocrx_word' id='word_1_389' title='bbox 1307 2089 1431 2130; x_wconf 79' lang='lat' dir='ltr'>fragm.</span> <span class='ocrx_word' id='word_1_390' title='bbox 1453 2085 1579 2125; x_wconf 60' lang='lat' dir='ltr'>Vatia,</span> <span class='ocrx_word' id='word_1_391' title='bbox 1597 2083 1698 2115; x_wconf 84' lang='lat' dir='ltr'>etiam</span> 
     </span>
     <span class='ocr_line' id='line_1_37' title="bbox 180 2129 1700 2195; baseline -0.016 -11"><span class='ocrx_word' id='word_1_392' title='bbox 180 2160 328 2195; x_wconf 88' lang='lat' dir='ltr'>utroque</span> <span class='ocrx_word' id='word_1_393' title='bbox 350 2149 468 2194; x_wconf 88' lang='lat' dir='ltr'>Lips.;</span> <span class='ocrx_word' id='word_1_394' title='bbox 502 2148 536 2180; x_wconf 88' lang='lat' dir='ltr'>in</span> <span class='ocrx_word' id='word_1_395' title='bbox 560 2145 729 2180; x_wconf 86' lang='lat' dir='ltr'>Picrianis</span> <span class='ocrx_word' id='word_1_396' title='bbox 758 2142 922 2177; x_wconf 79' lang='lat' dir='ltr'>coniicias</span> <span class='ocrx_word' id='word_1_397' title='bbox 954 2139 1129 2173; x_wconf 80' lang='lat' dir='ltr'>exstitisse</span> <span class='ocrx_word' id='word_1_398' title='bbox 1158 2149 1233 2169; x_wconf 83' lang='lat' dir='ltr'>non</span> <span class='ocrx_word' id='word_1_399' title='bbox 1254 2135 1307 2180; x_wconf 56' lang='lat' dir='ltr'>Ji,</span> <span class='ocrx_word' id='word_1_400' title='bbox 1343 2133 1436 2178; x_wconf 90' lang='lat' dir='ltr'>quod</span> <span class='ocrx_word' id='word_1_401' title='bbox 1465 2140 1576 2164; x_wconf 86' lang='lat' dir='ltr'>tamen</span> <span class='ocrx_word' id='word_1_402' title='bbox 1607 2129 1637 2162; x_wconf 87' lang='lat' dir='ltr'>si</span> <span class='ocrx_word' id='word_1_403' title='bbox 1664 2130 1700 2161; x_wconf 86' lang='lat' dir='ltr'>in</span> 
     </span>
     <span class='ocr_line' id='line_1_38' title="bbox 181 2176 1702 2240; baseline -0.016 -9"><span class='ocrx_word' id='word_1_404' title='bbox 181 2200 282 2232; x_wconf 85' lang='lat' dir='ltr'>Rom.</span> <span class='ocrx_word' id='word_1_405' title='bbox 310 2197 507 2240; x_wconf 83' lang='lat' dir='ltr'>legeretur,</span> <span class='ocrx_word' id='word_1_406' title='bbox 543 2205 613 2226; x_wconf 87' lang='lat' dir='ltr'>non</span> <span class='ocrx_word' id='word_1_407' title='bbox 640 2200 725 2237; x_wconf 87' lang='lat' dir='ltr'>puto</span> <span class='ocrx_word' id='word_1_408' title='bbox 757 2189 1028 2233; x_wconf 87' lang='lat' dir='ltr'>praeteriturum</span> <span class='ocrx_word' id='word_1_409' title='bbox 1051 2186 1158 2218; x_wconf 78' lang='lat' dir='ltr'>fuisse</span> <span class='ocrx_word' id='word_1_410' title='bbox 1184 2181 1387 2215; x_wconf 85' lang='lat' dir='ltr'>Bottarium.</span> <span class='ocrx_word' id='word_1_411' title='bbox 1416 2179 1511 2221; x_wconf 76' lang='lat' dir='ltr'>lVr.)</span> <span class='ocrx_word' id='word_1_412' title='bbox 1551 2176 1702 2223; x_wconf 78' lang='lat' dir='ltr'>fumida</span> 
     </span>
     <span class='ocr_line' id='line_1_39' title="bbox 182 2230 1287 2291; baseline -0.016 -12"><span class='ocrx_word' id='word_1_413' title='bbox 182 2258 236 2291; x_wconf 88' lang='lat' dir='ltr'>pr.</span> <span class='ocrx_word' id='word_1_414' title='bbox 259 2244 383 2277; x_wconf 86' lang='lat' dir='ltr'>Hamb.</span> <span class='ocrx_word' id='word_1_415' title='bbox 404 2254 469 2287; x_wconf 88' lang='lat' dir='ltr'>pro</span> <span class='ocrx_word' id='word_1_416' title='bbox 485 2253 556 2275; x_wconf 83' lang='lat' dir='ltr'>var.</span> <span class='ocrx_word' id='word_1_417' title='bbox 574 2241 656 2273; x_wconf 87' lang='lat' dir='ltr'>lect.</span> <span class='ocrx_word' id='word_1_418' title='bbox 679 2245 715 2271; x_wconf 90' lang='lat' dir='ltr'>et</span> <span class='ocrx_word' id='word_1_419' title='bbox 736 2237 842 2271; x_wconf 84' lang='lat' dir='ltr'>Goth.</span> <span class='ocrx_word' id='word_1_420' title='bbox 864 2248 953 2277; x_wconf 84' lang='lat' dir='ltr'>see.,</span> <span class='ocrx_word' id='word_1_421' title='bbox 978 2234 1070 2266; x_wconf 87' lang='lat' dir='ltr'>idem</span> <span class='ocrx_word' id='word_1_422' title='bbox 1089 2239 1124 2264; x_wconf 82' lang='lat' dir='ltr'>et</span> <span class='ocrx_word' id='word_1_423' title='bbox 1138 2256 1148 2272; x_wconf 88' lang='lat'><strong><em>‚</em></strong></span> <span class='ocrx_word' id='word_1_424' title='bbox 1172 2230 1287 2263; x_wconf 71' lang='lat' dir='ltr'>tectis.</span> 
     </span>
    </p>
   </div>
   <div class='ocr_carea' id='block_1_5' title="bbox 186 2331 926 2899">
    <p class='ocr_par' dir='ltr' id='par_1_6' title="bbox 186 2331 926 2899">
     <span class='ocr_line' id='line_1_40' title="bbox 186 2331 915 2390; baseline -0.015 -11"><span class='ocrx_word' id='word_1_425' title='bbox 186 2340 447 2390; x_wconf 80' lang='lat' dir='ltr'>conflagrasse</span> <span class='ocrx_word' id='word_1_426' title='bbox 478 2337 608 2374; x_wconf 80' lang='lat' dir='ltr'>sertui·</span> <span class='ocrx_word' id='word_1_427' title='bbox 651 2333 759 2385; x_wconf 85' lang='lat' dir='ltr'>apud</span> <span class='ocrx_word' id='word_1_428' title='bbox 790 2331 915 2384; x_wconf 53' lang='lat' dir='ltr'>Apol⁶</span> 
     </span>
     <span class='ocr_line' id='line_1_41' title="bbox 187 2391 916 2445; baseline -0.016 -8"><span class='ocrx_word' id='word_1_429' title='bbox 187 2398 268 2437; x_wconf 88' lang='lat' dir='ltr'>lod.</span> <span class='ocrx_word' id='word_1_430' title='bbox 290 2398 317 2445; x_wconf 86' lang='lat' dir='ltr'>l,</span> <span class='ocrx_word' id='word_1_431' title='bbox 347 2399 385 2444; x_wconf 85' lang='lat'>9,</span> <span class='ocrx_word' id='word_1_432' title='bbox 411 2399 449 2436; x_wconf 88' lang='lat'>7.</span> <span class='ocrx_word' id='word_1_433' title='bbox 510 2394 572 2442; x_wconf 82' lang='lat' dir='ltr'>Si,</span> <span class='ocrx_word' id='word_1_434' title='bbox 605 2391 714 2443; x_wconf 86' lang='lat' dir='ltr'>quod</span> <span class='ocrx_word' id='word_1_435' title='bbox 742 2404 792 2428; x_wconf 80' lang='lat' dir='ltr'>ex</span> <span class='ocrx_word' id='word_1_436' title='bbox 821 2402 916 2440; x_wconf 80' lang='lat' dir='ltr'>poe—</span> 
     </span>
     <span class='ocr_line' id='line_1_42' title="bbox 187 2448 918 2496; baseline -0.016 -1"><span class='ocrx_word' id='word_1_437' title='bbox 187 2458 292 2496; x_wconf 82' lang='lat' dir='ltr'>ticae</span> <span class='ocrx_word' id='word_1_438' title='bbox 324 2452 516 2492; x_wconf 82' lang='lat' dir='ltr'>orationis</span> <span class='ocrx_word' id='word_1_439' title='bbox 551 2464 627 2488; x_wconf 87' lang='lat' dir='ltr'>usu</span> <span class='ocrx_word' id='word_1_440' title='bbox 658 2450 786 2488; x_wconf 84' lang='lat' dir='ltr'>facere</span> <span class='ocrx_word' id='word_1_441' title='bbox 814 2448 918 2495; x_wconf 87' lang='lat' dir='ltr'>licet,</span> 
     </span>
     <span class='ocr_line' id='line_1_43' title="bbox 190 2505 920 2567; baseline -0.016 -14"><span class='ocrx_word' id='word_1_442' title='bbox 190 2516 318 2567; x_wconf 79' lang='lat' dir='ltr'>ipsam</span> <span class='ocrx_word' id='word_1_443' title='bbox 345 2511 486 2549; x_wconf 78' lang='lat' dir='ltr'>urbem</span> <span class='ocrx_word' id='word_1_444' title='bbox 504 2539 514 2559; x_wconf 84' lang='lat'>,</span> <span class='ocrx_word' id='word_1_445' title='bbox 557 2507 739 2555; x_wconf 85' lang='lat' dir='ltr'>Elidem,</span> <span class='ocrx_word' id='word_1_446' title='bbox 784 2505 920 2543; x_wconf 85' lang='lat' dir='ltr'>decla-</span> 
     </span>
     <span class='ocr_line' id='line_1_44' title="bbox 191 2562 922 2613; baseline -0.018 -2"><span class='ocrx_word' id='word_1_447' title='bbox 191 2579 321 2612; x_wconf 86' lang='lat' dir='ltr'>ratam</span> <span class='ocrx_word' id='word_1_448' title='bbox 341 2582 422 2606; x_wconf 81' lang='lat' dir='ltr'>esse</span> <span class='ocrx_word' id='word_1_449' title='bbox 451 2566 679 2613; x_wconf 78' lang='lat' dir='ltr'>contendis,</span> <span class='ocrx_word' id='word_1_450' title='bbox 712 2569 759 2601; x_wconf 86' lang='lat' dir='ltr'>ut</span> <span class='ocrx_word' id='word_1_451' title='bbox 788 2562 922 2600; x_wconf 75' lang='lat' dir='ltr'>Elidis</span> 
     </span>
     <span class='ocr_line' id='line_1_45' title="bbox 194 2621 924 2676; baseline -0.018 -8"><span class='ocrx_word' id='word_1_452' title='bbox 194 2630 283 2669; x_wconf 76' lang='lat' dir='ltr'>urbs</span> <span class='ocrx_word' id='word_1_453' title='bbox 314 2628 420 2667; x_wconf 83' lang='lat' dir='ltr'>dicta</span> <span class='ocrx_word' id='word_1_454' title='bbox 459 2627 508 2664; x_wconf 80' lang='lat' dir='ltr'>sit</span> <span class='ocrx_word' id='word_1_455' title='bbox 547 2638 619 2676; x_wconf 85' lang='lat' dir='ltr'>pro</span> <span class='ocrx_word' id='word_1_456' title='bbox 659 2621 770 2660; x_wconf 86' lang='lat' dir='ltr'>Elide</span> <span class='ocrx_word' id='word_1_457' title='bbox 793 2651 803 2670; x_wconf 90' lang='lat'><em>‚</em></span> <span class='ocrx_word' id='word_1_458' title='bbox 848 2634 924 2671; x_wconf 77' lang='lat' dir='ltr'>per</span> 
     </span>
     <span class='ocr_line' id='line_1_46' title="bbox 196 2677 923 2726; baseline -0.017 0"><span class='ocrx_word' id='word_1_459' title='bbox 196 2702 286 2726; x_wconf 81' lang='lat' dir='ltr'>eam</span> <span class='ocrx_word' id='word_1_460' title='bbox 315 2686 491 2723; x_wconf 65' lang='lat' dir='ltr'>mediam</span> <span class='ocrx_word' id='word_1_461' title='bbox 518 2683 601 2720; x_wconf 84' lang='lat' dir='ltr'>ibat</span> <span class='ocrx_word' id='word_1_462' title='bbox 630 2687 704 2718; x_wconf 85' lang='lat' dir='ltr'>etc.</span> <span class='ocrx_word' id='word_1_463' title='bbox 735 2685 822 2716; x_wconf 83' lang='lat' dir='ltr'>tum</span> <span class='ocrx_word' id='word_1_464' title='bbox 859 2677 923 2715; x_wconf 87' lang='lat' dir='ltr'>di-</span> 
     </span>
     <span class='ocr_line' id='line_1_47' title="bbox 196 2744 925 2793; baseline -0.016 -10"><span class='ocrx_word' id='word_1_465' title='bbox 196 2744 368 2784; x_wconf 88' lang='lat' dir='ltr'>cendum</span> <span class='ocrx_word' id='word_1_466' title='bbox 389 2774 399 2793; x_wconf 84' lang='lat'>,</span> <span class='ocrx_word' id='word_1_467' title='bbox 441 2747 600 2793; x_wconf 84' lang='lat' dir='ltr'>poetam</span> <span class='ocrx_word' id='word_1_468' title='bbox 628 2751 770 2791; x_wconf 87' lang='lat' dir='ltr'>parum</span> <span class='ocrx_word' id='word_1_469' title='bbox 805 2748 925 2773; x_wconf 88' lang='lat' dir='ltr'>accu-</span> 
     </span>
     <span class='ocr_line' id='line_1_48' title="bbox 196 2793 926 2854; baseline -0.015 -13"><span class='ocrx_word' id='word_1_470' title='bbox 196 2810 283 2842; x_wconf 83' lang='lat' dir='ltr'>rate</span> <span class='ocrx_word' id='word_1_471' title='bbox 306 2814 376 2854; x_wconf 84' lang='lat' dir='ltr'>per</span> <span class='ocrx_word' id='word_1_472' title='bbox 405 2798 607 2852; x_wconf 82' lang='lat' dir='ltr'>prolepsin</span> <span class='ocrx_word' id='word_1_473' title='bbox 635 2797 775 2834; x_wconf 85' lang='lat' dir='ltr'>urbem</span> <span class='ocrx_word' id='word_1_474' title='bbox 802 2793 926 2832; x_wconf 82' lang='lat' dir='ltr'>serius</span> 
     </span>
     <span class='ocr_line' id='line_1_49' title="bbox 198 2852 926 2899; baseline -0.015 0"><span class='ocrx_word' id='word_1_475' title='bbox 198 2860 400 2899; x_wconf 79' lang='lat' dir='ltr'>conditam</span> <span class='ocrx_word' id='word_1_476' title='bbox 448 2867 697 2895; x_wconf 84' lang='lat' dir='ltr'>memorasse.</span> <span class='ocrx_word' id='word_1_477' title='bbox 748 2853 796 2890; x_wconf 80' lang='lat' dir='ltr'>cf.</span> <span class='ocrx_word' id='word_1_478' title='bbox 832 2852 926 2890; x_wconf 81' lang='lat' dir='ltr'>Var.</span> 
     </span>
    </p>
   </div>
   <div class='ocr_carea' id='block_1_6' title="bbox 199 2905 926 2962">
    <p class='ocr_par' dir='ltr' id='par_1_7' title="bbox 199 2905 926 2962">
     <span class='ocr_line' id='line_1_50' title="bbox 199 2905 926 2962; baseline -0.011 -6"><span class='ocrx_word' id='word_1_479' title='bbox 199 2920 304 2956; x_wconf 82' lang='lat' dir='ltr'>Lect.</span> <span class='ocrx_word' id='word_1_480' title='bbox 376 2917 471 2957; x_wconf 86' lang='lat'>590.</span> <span class='ocrx_word' id='word_1_481' title='bbox 513 2915 710 2958; x_wconf 76' lang='lat' dir='ltr'>Demens3</span> <span class='ocrx_word' id='word_1_482' title='bbox 749 2923 799 2948; x_wconf 83' lang='lat' dir='ltr'>ex</span> <span class='ocrx_word' id='word_1_483' title='bbox 841 2905 926 2962; x_wconf 79' lang='grc' dir='ltr'>Νή-</span> 
     </span>
    </p>
   </div>
   <div class='ocr_carea' id='block_1_7' title="bbox 973 2317 1716 2952">
    <p class='ocr_par' dir='ltr' id='par_1_8' title="bbox 973 2317 1716 2952">
     <span class='ocr_line' id='line_1_51' title="bbox 973 2317 1703 2376; baseline -0.016 -7"><span class='ocrx_word' id='word_1_484' title='bbox 973 2344 1067 2375; x_wconf 81' lang='grc' dir='ltr'><em>πιος</em></span> <span class='ocrx_word' id='word_1_485' title='bbox 1087 2325 1199 2364; x_wconf 84' lang='lat' dir='ltr'>Iliad.</span> <span class='ocrx_word' id='word_1_486' title='bbox 1222 2325 1259 2376; x_wconf 87' lang='grc' dir='ltr'>β,</span> <span class='ocrx_word' id='word_1_487' title='bbox 1286 2325 1339 2364; x_wconf 85' lang='lat'>38</span> <span class='ocrx_word' id='word_1_488' title='bbox 1367 2328 1405 2359; x_wconf 84' lang='lat' dir='ltr'>et</span> <span class='ocrx_word' id='word_1_489' title='bbox 1434 2320 1483 2359; x_wconf 83' lang='lat' dir='ltr'>al.</span> <span class='ocrx_word' id='word_1_490' title='bbox 1506 2317 1703 2371; x_wconf 80' lang='grc' dir='ltr'><strong><em>Σχέτλιος,</em></strong></span> 
     </span>
     <span class='ocr_line' id='line_1_52' title="bbox 976 2376 1705 2434; baseline -0.015 -11"><span class='ocrx_word' id='word_1_491' title='bbox 976 2384 1022 2434; x_wconf 74' lang='grc' dir='ltr'>ὃς</span> <span class='ocrx_word' id='word_1_492' title='bbox 1043 2391 1113 2422; x_wconf 91' lang='lat' dir='ltr'>etc.</span> <span class='ocrx_word' id='word_1_493' title='bbox 1134 2382 1245 2421; x_wconf 84' lang='lat' dir='ltr'>Iliad.</span> <span class='ocrx_word' id='word_1_494' title='bbox 1269 2397 1298 2430; x_wconf 85' lang='grc' dir='ltr'>ε,</span> <span class='ocrx_word' id='word_1_495' title='bbox 1323 2380 1405 2421; x_wconf 80' lang='lat'>403</span> <span class='ocrx_word' id='word_1_496' title='bbox 1441 2380 1490 2417; x_wconf 88' lang='lat' dir='ltr'>de</span> <span class='ocrx_word' id='word_1_497' title='bbox 1521 2376 1705 2425; x_wconf 86' lang='lat' dir='ltr'>Hercule,</span> 
     </span>
     <span class='ocr_line' id='line_1_53' title="bbox 977 2437 1707 2495; baseline -0.016 -13"><span class='ocrx_word' id='word_1_498' title='bbox 977 2444 1046 2495; x_wconf 87' lang='lat' dir='ltr'>qui</span> <span class='ocrx_word' id='word_1_499' title='bbox 1083 2442 1293 2480; x_wconf 77' lang='lat' dir='ltr'>Plutonem</span> <span class='ocrx_word' id='word_1_500' title='bbox 1331 2437 1472 2488; x_wconf 78' lang='lat' dir='ltr'>sagitta</span> <span class='ocrx_word' id='word_1_501' title='bbox 1501 2447 1707 2487; x_wconf 83' lang='lat' dir='ltr'>percusse—</span> 
     </span>
     <span class='ocr_line' id='line_1_54' title="bbox 978 2495 1707 2546; baseline -0.018 -5"><span class='ocrx_word' id='word_1_502' title='bbox 978 2508 1056 2541; x_wconf 82' lang='lat' dir='ltr'>rat.</span> <span class='ocrx_word' id='word_1_503' title='bbox 1127 2500 1223 2540; x_wconf 80' lang='grc'><strong>591.</strong></span> <span class='ocrx_word' id='word_1_504' title='bbox 1254 2510 1343 2534; x_wconf 77' lang='lat' dir='ltr'>aere</span> <span class='ocrx_word' id='word_1_505' title='bbox 1370 2504 1405 2532; x_wconf 74' lang='lat' dir='ltr'>et</span> <span class='ocrx_word' id='word_1_506' title='bbox 1433 2495 1557 2546; x_wconf 74' lang='lat' dir='ltr'>pulsu</span> <span class='ocrx_word' id='word_1_507' title='bbox 1584 2507 1707 2544; x_wconf 78' lang='lat' dir='ltr'>equo-</span> 
     </span>
     <span class='ocr_line' id='line_1_55' title="bbox 979 2552 1709 2602; baseline -0.015 -5"><span class='ocrx_word' id='word_1_508' title='bbox 979 2574 1102 2598; x_wconf 79' lang='lat' dir='ltr'>rum.-</span> <span class='ocrx_word' id='word_1_509' title='bbox 1160 2568 1275 2593; x_wconf 84' lang='lat' dir='ltr'>aereo</span> <span class='ocrx_word' id='word_1_510' title='bbox 1316 2566 1469 2602; x_wconf 81' lang='lat' dir='ltr'>curru3</span> <span class='ocrx_word' id='word_1_511' title='bbox 1510 2557 1550 2589; x_wconf 85' lang='lat' dir='ltr'>et</span> <span class='ocrx_word' id='word_1_512' title='bbox 1592 2552 1709 2597; x_wconf 83' lang='lat' dir='ltr'>sorte,</span> 
     </span>
     <span class='ocr_line' id='line_1_56' title="bbox 981 2608 1712 2669; baseline -0.018 -13"><span class='ocrx_word' id='word_1_513' title='bbox 981 2616 1092 2669; x_wconf 86' lang='lat' dir='ltr'>quod</span> <span class='ocrx_word' id='word_1_514' title='bbox 1129 2614 1313 2652; x_wconf 84' lang='lat' dir='ltr'>additum</span> <span class='ocrx_word' id='word_1_515' title='bbox 1347 2611 1395 2648; x_wconf 90' lang='lat' dir='ltr'>ab</span> <span class='ocrx_word' id='word_1_516' title='bbox 1434 2610 1548 2656; x_wconf 87' lang='lat' dir='ltr'>aliis,</span> <span class='ocrx_word' id='word_1_517' title='bbox 1590 2608 1712 2645; x_wconf 85' lang='lat' dir='ltr'>aereis</span> 
     </span>
     <span class='ocr_line' id='line_1_57' title="bbox 981 2667 1712 2715; baseline -0.018 -2"><span class='ocrx_word' id='word_1_518' title='bbox 981 2673 1140 2714; x_wconf 85' lang='lat' dir='ltr'>laminis</span> <span class='ocrx_word' id='word_1_519' title='bbox 1169 2673 1211 2710; x_wconf 86' lang='lat' dir='ltr'>in</span> <span class='ocrx_word' id='word_1_520' title='bbox 1240 2670 1324 2709; x_wconf 90' lang='lat' dir='ltr'>solo</span> <span class='ocrx_word' id='word_1_521' title='bbox 1352 2667 1584 2714; x_wconf 82' lang='lat' dir='ltr'>substratis,</span> <span class='ocrx_word' id='word_1_522' title='bbox 1615 2678 1712 2715; x_wconf 89' lang='lat' dir='ltr'>quas</span> 
     </span>
     <span class='ocr_line' id='line_1_58' title="bbox 982 2724 1712 2784; baseline -0.019 -13"><span class='ocrx_word' id='word_1_523' title='bbox 982 2745 1179 2784; x_wconf 84' lang='lat' dir='ltr'>equorum</span> <span class='ocrx_word' id='word_1_524' title='bbox 1251 2727 1423 2779; x_wconf 84' lang='lat' dir='ltr'>ungulae</span> <span class='ocrx_word' id='word_1_525' title='bbox 1495 2724 1712 2775; x_wconf 88' lang='lat' dir='ltr'>pulsarent.</span> 
     </span>
     <span class='ocr_line' id='line_1_59' title="bbox 986 2780 1713 2844; baseline -0.019 -15"><span class='ocrx_word' id='word_1_526' title='bbox 986 2790 1176 2844; x_wconf 79' lang='lat'>(—592.</span> <span class='ocrx_word' id='word_1_527' title='bbox 1219 2788 1274 2824; x_wconf 91' lang='lat' dir='ltr'>De</span> <span class='ocrx_word' id='word_1_528' title='bbox 1310 2786 1351 2823; x_wconf 85' lang='lat' dir='ltr'>vi</span> <span class='ocrx_word' id='word_1_529' title='bbox 1398 2781 1615 2835; x_wconf 85' lang='lat' dir='ltr'>particulae</span> <span class='ocrx_word' id='word_1_530' title='bbox 1660 2780 1713 2816; x_wconf 81' lang='lat' dir='ltr'>Al</span> 
     </span>
     <span class='ocr_line' id='line_1_60' title="bbox 985 2835 1713 2895; baseline -0.023 -7"><span class='ocrx_word' id='word_1_531' title='bbox 985 2849 1068 2888; x_wconf 83' lang='lat' dir='ltr'>vid.</span> <span class='ocrx_word' id='word_1_532' title='bbox 1105 2847 1155 2895; x_wconf 84' lang='lat' dir='ltr'>Q.</span> <span class='ocrx_word' id='word_1_533' title='bbox 1197 2846 1242 2884; x_wconf 90' lang='lat' dir='ltr'>V.</span> <span class='ocrx_word' id='word_1_534' title='bbox 1282 2841 1489 2888; x_wconf 86' lang='lat' dir='ltr'>XXXVII,</span> <span class='ocrx_word' id='word_1_535' title='bbox 1522 2840 1560 2880; x_wconf 87' lang='lat'>5.</span> <span class='ocrx_word' id='word_1_536' title='bbox 1596 2835 1713 2887; x_wconf 63' lang='lat' dir='ltr'>lsVr.)</span> 
     </span>
     <span class='ocr_line' id='line_1_61' title="bbox 986 2893 1716 2952; baseline -0.027 -3"><span class='ocrx_word' id='word_1_537' title='bbox 986 2909 1084 2950; x_wconf 80' lang='lat'>593.</span> <span class='ocrx_word' id='word_1_538' title='bbox 1113 2919 1192 2942; x_wconf 81' lang='lat' dir='ltr'>non</span> <span class='ocrx_word' id='word_1_539' title='bbox 1238 2903 1305 2940; x_wconf 81' lang='lat' dir='ltr'>ille</span> <span class='ocrx_word' id='word_1_540' title='bbox 1336 2900 1459 2952; x_wconf 77' lang='lat' dir='ltr'>faces</span> <span class='ocrx_word' id='word_1_541' title='bbox 1490 2895 1569 2934; x_wconf 84' lang='lat' dir='ltr'>hoc</span> <span class='ocrx_word' id='word_1_542' title='bbox 1601 2893 1716 2932; x_wconf 80' lang='lat' dir='ltr'>valde</span> 
     </span>
    </p>
   </div>
  </div>
 </body>
</html>
