1827 3436
543 222 665 268 AD
737 222 1255 274 LIBRUMI
1553 240 1651 284 263

148 351 277 388 multa
300 350 483 399 rogitans
507 373 558 378 —-
576 363 696 399 porro
723 363 844 399 super
863 351 1106 400 flIemrzone,
1139 361 1175 389 et
1201 355 1398 393 Diomede
1425 367 1461 395 et
1476 360 1647 399 Achille.

147 407 291 446 Similis
323 407 452 444 sorma
479 406 670 444 orationis
697 407 779 445 Ecl.
803 407 867 456 VI,
899 410 968 449 80.
994 410 1044 449 81
1076 410 1163 459 Quo
1186 425 1301 448 cum-a
1328 413 1478 453 deserta
1496 422 1652 467 petive-

146 468 220 514 rit,
254 472 326 502 aut
346 463 488 516 quibas
515 472 608 501 ante
636 464 791 516 Infelix
812 480 890 503 sua
918 474 1021 503 tecta
1048 469 1390 517 supervolitaverit
1417 474 1516 522 alis,
1566 489 1652 526 pro,

146 521 350 573 quomodo
372 521 438 559 ille
458 522 699 568 narraverit,
733 523 1071 574 quemadmodum
1096 524 1310 564 Philomela
1329 528 1500 580 primum
1524 531 1565 569 in
1589 548 1653 570 so-

144 580 275 618 litaria
297 579 385 618 loca
412 580 579 631 sugerit,
616 594 714 618 mox
741 595 862 630 vero,
912 581 955 619 in
985 580 1246 622 hirundinem
1276 591 1452 636 mutata,
1490 589 1653 640 pristina

145 651 216 676 sua
240 643 349 676 tecta
382 638 531 676 iterum
562 639 746 690 petierit,
786 646 826 677 et
857 639 1009 678 circum
1041 654 1086 678 ea
1113 642 1324 682 volaverit.
1397 645 1494 695 Sed,
1538 654 1584 685 ut
1612 648 1653 686 in

143 701 284 734 nostro
304 695 490 734 Aeneidis
514 696 604 734 loco
628 696 777 735 rationi
804 698 1032 749 propositae
1062 712 1145 737 non
1173 701 1266 738 satis
1287 702 1506 752 confidam,
1556 706 1648 744 sacit

142 754 342 806 primum,
375 754 486 805 quod
514 754 634 792 etiam
661 769 782 807 supra
809 769 846 794 v.
868 758 953 797 489
980 758 1092 807 nigri
1108 759 1340 796 Memnonis
1365 774 1481 798 arma
1503 775 1655 800 memo-

141 818 230 850 rata
259 812 458 864 singulare
489 812 588 863 quid
619 812 669 850 de
703 813 821 852 armis
853 814 935 852 eius
960 814 1128 854 innuere
1159 816 1370 867 videntur3
1400 824 1487 857 tum
1509 820 1550 857 in
1577 819 1655 859 hoc

140 870 226 922 ipso
247 870 337 908 loco
357 884 397 911 v.
416 871 500 912 752
522 872 738 909 Diomedis
763 874 857 922 equi
884 872 1052 910 subiecti
1078 873 1258 912 similiter
1291 881 1400 913 certa
1430 877 1559 928 aliqua
1585 892 1654 916 ra-

139 928 247 967 tione
266 934 362 967 sunt
380 928 489 978 dicti,
519 929 592 966 etsi
613 942 705 978 nec,
736 929 791 966 illi
812 930 1006 980 quidnam
1029 932 1232 984 praecipui
1251 932 1490 984 habuerint,
1524 936 1653 974 dicere

138 987 180 1025 in
202 993 370 1039 promtu
388 993 460 1025 est.
489 986 530 1024 Si
552 987 643 1038 equi
669 993 764 1025 sunt
787 1001 944 1037 currus,
976 1002 1075 1039 quos
1096 989 1309 1029 Sthenelus
1330 993 1511 1043 regebat:
1542 993 1652 1033 Iliad.

139 1046 176 1094 δ,
209 1048 305 1087 366.
324 1048 422 1093 367,
454 1059 537 1083 non
562 1045 721 1083 memini
749 1045 831 1083 ulla
861 1046 1072 1098 insigniore
1103 1048 1221 1086 laude
1255 1062 1320 1087 eos
1352 1064 1374 1086 a
1396 1056 1513 1102 poeta
1541 1065 1653 1090 com-

138 1103 335 1141 mendari.
395 1103 464 1140 Sin
493 1103 585 1153 equi
611 1109 706 1141 sunt
725 1102 857 1141 Rheso
889 1118 1001 1142 caeso
1032 1105 1215 1144 abducti:
1247 1121 1332 1159 sup.
1359 1121 1397 1146 v.
1417 1109 1500 1151 469
1525 1123 1594 1160 sq„
1625 1109 1651 1147 ii

137 1161 260 1199 Rhesi
292 1167 410 1198 erant
444 1160 626 1210 dicendi,
666 1176 748 1199 non
778 1161 999 1213 Diomedi53
1046 1163 1114 1214 qui
1147 1165 1267 1202 etiam
1300 1165 1384 1202 aliis
1410 1166 1539 1216 equis,
1570 1167 1652 1204 Ae—

137 1233 234 1257 neae
266 1219 450 1257 abductis
468 1249 477 1267 ,
507 1219 762 1270 superbiebat
790 1220 831 1257 in
862 1220 968 1258 ludis
997 1221 1229 1260 funebribus
1249 1223 1443 1272 Patrocli,
1473 1224 1585 1264 Iliad.
1603 1234 1649 1274 ψ,

136 1280 221 1320 290
238 1291 295 1328 sq.
356 1277 480 1325 Quod
508 1277 670 1315 Servius
699 1277 898 1315 Diomedis
931 1292 1053 1329 equos
1086 1293 1107 1316 a
1135 1280 1335 1318 Diomedis
1357 1279 1520 1319 Thracis
1540 1282 1650 1332 equis

137 1335 360 1374 carnivoris
388 1334 580 1386 originem
611 1335 756 1373 ducere
787 1335 905 1385 dicit,
947 1338 1051 1375 inter
1076 1337 1436 1376 Grammaticorum
1467 1340 1651 1377 acumina

134 1394 392 1432 referendum
414 1406 497 1430 esse
516 1392 690 1431 videtur.
732 1394 911 1431 Tandem
932 1404 1106 1448 quantus
1128 1396 1321 1446 Achilles,
1345 1410 1463 1447 quam
1485 1411 1650 1449 magnus

136 1452 317 1504 corporis
335 1451 488 1491 viribus
510 1457 550 1489 et
570 1451 691 1489 animi
712 1451 879 1490 virtute.
