<?xml version="1.0" encoding="UTF-8"?>
<!DOCTYPE html PUBLIC "-//W3C//DTD XHTML 1.0 Transitional//EN"
    "http://www.w3.org/TR/xhtml1/DTD/xhtml1-transitional.dtd">
<html xmlns="http://www.w3.org/1999/xhtml" xml:lang="en" lang="en">
 <head>
  <title>
</title>
<meta http-equiv="Content-Type" content="text/html;charset=utf-8" />
  <meta name='ocr-system' content='tesseract 3.04.00' />
  <meta name='ocr-capabilities' content='ocr_page ocr_carea ocr_par ocr_line ocrx_word'/>
</head>
<body>
  <div class='ocr_page' id='page_1' title='image "./publiusvirgilius02virguoft/publiusvirgilius02virguoft_0832.png"; bbox 0 0 1779 3420; ppageno 0'>
   <div class='ocr_carea' id='block_1_1' title="bbox 131 195 1326 253">
    <p class='ocr_par' dir='ltr' id='par_1_1' title="bbox 131 195 1326 253">
     <span class='ocr_line' id='line_1_1' title="bbox 131 195 1326 253; baseline -0.008 0"><span class='ocrx_word' id='word_1_1' title='bbox 131 204 230 253; x_wconf 75' lang='lat'>824</span> <span class='ocrx_word' id='word_1_2' title='bbox 458 202 514 249; x_wconf 91' lang='lat' dir='ltr'>P.</span> <span class='ocrx_word' id='word_1_3' title='bbox 552 198 908 250; x_wconf 88' lang='lat' dir='ltr'>VIRGILII</span> <span class='ocrx_word' id='word_1_4' title='bbox 943 195 1326 246; x_wconf 86' lang='lat' dir='ltr'><strong>MARONIS</strong></span> 
     </span>
    </p>
   </div>
   <div class='ocr_carea' id='block_1_2' title="bbox 132 320 1652 462">
    <p class='ocr_par' dir='ltr' id='par_1_2' title="bbox 132 320 1652 462">
     <span class='ocr_line' id='line_1_2' title="bbox 132 320 1315 394; baseline -0.008 -16"><span class='ocrx_word' id='word_1_5' title='bbox 132 330 269 394; x_wconf 86' lang='lat' dir='ltr'>Ipse,</span> <span class='ocrx_word' id='word_1_6' title='bbox 310 334 467 391; x_wconf 87' lang='lat' dir='ltr'>caput</span> <span class='ocrx_word' id='word_1_7' title='bbox 482 334 670 375; x_wconf 91' lang='lat' dir='ltr'>tonsae</span> <span class='ocrx_word' id='word_1_8' title='bbox 691 323 834 373; x_wconf 86' lang='lat' dir='ltr'>foliis</span> <span class='ocrx_word' id='word_1_9' title='bbox 866 323 1103 372; x_wconf 88' lang='lat' dir='ltr'>evinctus</span> <span class='ocrx_word' id='word_1_10' title='bbox 1127 320 1315 380; x_wconf 68' lang='lat' dir='ltr'>olivae,</span> 
     </span>
     <span class='ocr_line' id='line_1_3' title="bbox 137 386 1652 462; baseline -0.008 -16"><span class='ocrx_word' id='word_1_11' title='bbox 137 399 291 446; x_wconf 81' lang='lat' dir='ltr'>Stans</span> <span class='ocrx_word' id='word_1_12' title='bbox 320 395 512 462; x_wconf 89' lang='lat' dir='ltr'>procul</span> <span class='ocrx_word' id='word_1_13' title='bbox 538 396 594 444; x_wconf 90' lang='lat' dir='ltr'>in</span> <span class='ocrx_word' id='word_1_14' title='bbox 627 411 787 461; x_wconf 88' lang='lat' dir='ltr'>prora</span> <span class='ocrx_word' id='word_1_15' title='bbox 820 402 1060 459; x_wconf 88' lang='lat' dir='ltr'>pateram</span> <span class='ocrx_word' id='word_1_16' title='bbox 1091 399 1265 454; x_wconf 78' lang='lat' dir='ltr'>tenet,</span> <span class='ocrx_word' id='word_1_17' title='bbox 1299 397 1523 453; x_wconf 82' lang='lat' dir='ltr'>extaque</span> <span class='ocrx_word' id='word_1_18' title='bbox 1551 386 1652 434; x_wconf 89' lang='lat' dir='ltr'>sal-</span> 
     </span>
    </p>
   </div>
   <div class='ocr_carea' id='block_1_3' title="bbox 135 459 1654 597">
    <p class='ocr_par' dir='ltr' id='par_1_3' title="bbox 135 459 1654 597">
     <span class='ocr_line' id='line_1_4' title="bbox 921 459 1654 510; baseline -0.004 0"><span class='ocrx_word' id='word_1_19' title='bbox 921 478 1008 510; x_wconf 91' lang='lat' dir='ltr'>sos</span> <span class='ocrx_word' id='word_1_20' title='bbox 1550 459 1654 508; x_wconf 86' lang='lat'>775</span> 
     </span>
     <span class='ocr_line' id='line_1_5' title="bbox 135 527 1410 597; baseline -0.005 -11"><span class='ocrx_word' id='word_1_21' title='bbox 135 536 360 587; x_wconf 83' lang='lat' dir='ltr'>Porricit</span> <span class='ocrx_word' id='word_1_22' title='bbox 380 535 435 584; x_wconf 90' lang='lat' dir='ltr'>in</span> <span class='ocrx_word' id='word_1_23' title='bbox 457 531 650 583; x_wconf 88' lang='lat' dir='ltr'>fluctus</span> <span class='ocrx_word' id='word_1_24' title='bbox 667 572 678 591; x_wconf 88' lang='lat'>‚</span> <span class='ocrx_word' id='word_1_25' title='bbox 719 550 776 581; x_wconf 92' lang='lat' dir='ltr'>ac</span> <span class='ocrx_word' id='word_1_26' title='bbox 797 532 917 581; x_wconf 88' lang='lat' dir='ltr'>vina</span> <span class='ocrx_word' id='word_1_27' title='bbox 937 529 1195 597; x_wconf 80' lang='lat' dir='ltr'>liquentia</span> <span class='ocrx_word' id='word_1_28' title='bbox 1215 527 1410 579; x_wconf 87' lang='lat' dir='ltr'>fundit.</span> 
     </span>
    </p>
   </div>
   <div class='ocr_carea' id='block_1_4' title="bbox 134 598 1583 808">
    <p class='ocr_par' dir='ltr' id='par_1_4' title="bbox 134 598 1583 808">
     <span class='ocr_line' id='line_1_6' title="bbox 134 598 1387 671; baseline -0.007 -15"><span class='ocrx_word' id='word_1_29' title='bbox 134 605 484 671; x_wconf 80' lang='lat' dir='ltr'>Prosequitur</span> <span class='ocrx_word' id='word_1_30' title='bbox 504 618 724 667; x_wconf 83' lang='lat' dir='ltr'>surgens</span> <span class='ocrx_word' id='word_1_31' title='bbox 748 620 776 651; x_wconf 89' lang='lat' dir='ltr'>a</span> <span class='ocrx_word' id='word_1_32' title='bbox 800 601 968 667; x_wconf 88' lang='lat' dir='ltr'>puppi</span> <span class='ocrx_word' id='word_1_33' title='bbox 989 608 1179 649; x_wconf 84' lang='lat' dir='ltr'>ventus</span> <span class='ocrx_word' id='word_1_34' title='bbox 1202 598 1387 648; x_wconf 81' lang='lat' dir='ltr'>euntis,</span> 
     </span>
     <span class='ocr_line' id='line_1_7' title="bbox 139 671 1583 734; baseline -0.01 -9"><span class='ocrx_word' id='word_1_35' title='bbox 139 676 393 728; x_wconf 80' lang='lat' dir='ltr'>Certatim</span> <span class='ocrx_word' id='word_1_36' title='bbox 417 673 544 722; x_wconf 86' lang='lat' dir='ltr'>socii</span> <span class='ocrx_word' id='word_1_37' title='bbox 572 671 773 721; x_wconf 86' lang='lat' dir='ltr'>feriunt</span> <span class='ocrx_word' id='word_1_38' title='bbox 801 687 977 733; x_wconf 83' lang='lat' dir='ltr'>mare,</span> <span class='ocrx_word' id='word_1_39' title='bbox 1018 678 1070 718; x_wconf 87' lang='lat' dir='ltr'>et</span> <span class='ocrx_word' id='word_1_40' title='bbox 1091 685 1323 734; x_wconf 85' lang='lat' dir='ltr'>aequora</span> <span class='ocrx_word' id='word_1_41' title='bbox 1346 673 1583 715; x_wconf 81' lang='lat' dir='ltr'>verrunt.</span> 
     </span>
     <span class='ocr_line' id='line_1_8' title="bbox 207 737 1447 808; baseline -0.01 -12"><span class='ocrx_word' id='word_1_42' title='bbox 207 749 274 796; x_wconf 88' lang='lat' dir='ltr'>At</span> <span class='ocrx_word' id='word_1_43' title='bbox 297 748 480 797; x_wconf 90' lang='lat' dir='ltr'>Venus</span> <span class='ocrx_word' id='word_1_44' title='bbox 506 743 709 793; x_wconf 84' lang='lat' dir='ltr'>interea</span> <span class='ocrx_word' id='word_1_45' title='bbox 730 745 1043 808; x_wconf 83' lang='lat' dir='ltr'>Neptunum</span> <span class='ocrx_word' id='word_1_46' title='bbox 1068 739 1289 788; x_wconf 87' lang='lat' dir='ltr'>exercita</span> <span class='ocrx_word' id='word_1_47' title='bbox 1311 737 1447 786; x_wconf 90' lang='lat' dir='ltr'>curis</span> 
     </span>
    </p>
   </div>
   <div class='ocr_carea' id='block_1_5' title="bbox 138 864 1663 1248">
    <p class='ocr_par' dir='ltr' id='par_1_5' title="bbox 138 864 1663 1248">
     <span class='ocr_line' id='line_1_9' title="bbox 230 864 1657 916; baseline -0.009 -5"><span class='ocrx_word' id='word_1_48' title='bbox 230 873 300 911; x_wconf 84' lang='lat'>774</span> <span class='ocrx_word' id='word_1_49' title='bbox 325 880 450 906; x_wconf 69' lang='lat' dir='ltr'>tons-at</span> <span class='ocrx_word' id='word_1_50' title='bbox 467 871 589 904; x_wconf 84' lang='lat' dir='ltr'>Franc.</span> <span class='ocrx_word' id='word_1_51' title='bbox 683 869 752 906; x_wconf 87' lang='lat'>775</span> <span class='ocrx_word' id='word_1_52' title='bbox 782 871 905 904; x_wconf 78' lang='lat' dir='ltr'>Trans</span> <span class='ocrx_word' id='word_1_53' title='bbox 921 869 1058 916; x_wconf 83' lang='lat' dir='ltr'>procul</span> <span class='ocrx_word' id='word_1_54' title='bbox 1074 867 1301 911; x_wconf 85' lang='lat' dir='ltr'>Longobard.</span> <span class='ocrx_word' id='word_1_55' title='bbox 1334 864 1452 899; x_wconf 82' lang='lat' dir='ltr'>Pierii.</span> <span class='ocrx_word' id='word_1_56' title='bbox 1501 865 1539 899; x_wconf 83' lang='lat' dir='ltr'>in</span> <span class='ocrx_word' id='word_1_57' title='bbox 1565 877 1657 912; x_wconf 81' lang='lat' dir='ltr'>pro-</span> 
     </span>
     <span class='ocr_line' id='line_1_10' title="bbox 139 912 1660 964; baseline -0.007 -10"><span class='ocrx_word' id='word_1_58' title='bbox 139 934 218 956; x_wconf 82' lang='lat' dir='ltr'>ram</span> <span class='ocrx_word' id='word_1_59' title='bbox 250 920 310 954; x_wconf 79' lang='lat' dir='ltr'>alii</span> <span class='ocrx_word' id='word_1_60' title='bbox 340 932 397 964; x_wconf 84' lang='lat' dir='ltr'>ap.</span> <span class='ocrx_word' id='word_1_61' title='bbox 428 918 596 960; x_wconf 84' lang='lat' dir='ltr'>eundem,</span> <span class='ocrx_word' id='word_1_62' title='bbox 639 925 673 951; x_wconf 90' lang='lat' dir='ltr'>et</span> <span class='ocrx_word' id='word_1_63' title='bbox 698 920 818 961; x_wconf 86' lang='lat' dir='ltr'>Sprot.</span> <span class='ocrx_word' id='word_1_64' title='bbox 850 929 870 949; x_wconf 85' lang='lat' dir='ltr'>a</span> <span class='ocrx_word' id='word_1_65' title='bbox 897 929 942 949; x_wconf 91' lang='lat' dir='ltr'>m.</span> <span class='ocrx_word' id='word_1_66' title='bbox 970 929 1024 962; x_wconf 85' lang='lat' dir='ltr'>pr.</span> <span class='ocrx_word' id='word_1_67' title='bbox 1074 915 1231 949; x_wconf 77' lang='lat' dir='ltr'>Tandem</span> <span class='ocrx_word' id='word_1_68' title='bbox 1260 913 1419 947; x_wconf 87' lang='lat' dir='ltr'>codicum</span> <span class='ocrx_word' id='word_1_69' title='bbox 1455 925 1535 957; x_wconf 80' lang='lat' dir='ltr'>pars</span> <span class='ocrx_word' id='word_1_70' title='bbox 1566 912 1660 958; x_wconf 78' lang='lat' dir='ltr'>apud</span> 
     </span>
     <span class='ocr_line' id='line_1_11' title="bbox 138 959 1659 1009; baseline -0.007 -8"><span class='ocrx_word' id='word_1_71' title='bbox 138 968 229 1002; x_wconf 88' lang='lat' dir='ltr'>Pier.</span> <span class='ocrx_word' id='word_1_72' title='bbox 249 966 370 1000; x_wconf 88' lang='lat' dir='ltr'>Heins.</span> <span class='ocrx_word' id='word_1_73' title='bbox 396 967 510 998; x_wconf 88' lang='lat' dir='ltr'>Burm.</span> <span class='ocrx_word' id='word_1_74' title='bbox 539 977 614 998; x_wconf 90' lang='lat' dir='ltr'>cum</span> <span class='ocrx_word' id='word_1_75' title='bbox 638 976 691 1009; x_wconf 84' lang='lat' dir='ltr'>pr.</span> <span class='ocrx_word' id='word_1_76' title='bbox 722 964 831 997; x_wconf 88' lang='lat' dir='ltr'>Goth.</span> <span class='ocrx_word' id='word_1_77' title='bbox 857 965 971 997; x_wconf 79' lang='lat' dir='ltr'>Stans</span> <span class='ocrx_word' id='word_1_78' title='bbox 1009 963 1109 996; x_wconf 78' lang='lat' dir='ltr'>celsa</span> <span class='ocrx_word' id='word_1_79' title='bbox 1138 964 1176 995; x_wconf 86' lang='lat' dir='ltr'>in</span> <span class='ocrx_word' id='word_1_80' title='bbox 1207 962 1336 1007; x_wconf 76' lang='lat' dir='ltr'>puppi.</span> <span class='ocrx_word' id='word_1_81' title='bbox 1385 961 1461 993; x_wconf 85' lang='lat' dir='ltr'>Hoc</span> <span class='ocrx_word' id='word_1_82' title='bbox 1489 959 1659 992; x_wconf 82' lang='lat' dir='ltr'>defendas</span> 
     </span>
     <span class='ocr_line' id='line_1_12' title="bbox 140 1005 1660 1060; baseline -0.005 -13"><span class='ocrx_word' id='word_1_83' title='bbox 140 1027 183 1048; x_wconf 86' lang='lat' dir='ltr'>ex</span> <span class='ocrx_word' id='word_1_84' title='bbox 206 1013 382 1060; x_wconf 82' lang='lat' dir='ltr'>Apollonii</span> <span class='ocrx_word' id='word_1_85' title='bbox 401 1012 505 1053; x_wconf 88' lang='lat' dir='ltr'>loco,</span> <span class='ocrx_word' id='word_1_86' title='bbox 528 1012 562 1044; x_wconf 87' lang='lat' dir='ltr'>in</span> <span class='ocrx_word' id='word_1_87' title='bbox 578 1011 670 1045; x_wconf 86' lang='lat' dir='ltr'>notis</span> <span class='ocrx_word' id='word_1_88' title='bbox 689 1011 852 1052; x_wconf 78' lang='lat' dir='ltr'>laudato,</span> <span class='ocrx_word' id='word_1_89' title='bbox 887 1010 946 1042; x_wconf 89' lang='lat' dir='ltr'>ubi</span> <span class='ocrx_word' id='word_1_90' title='bbox 974 1008 1070 1043; x_wconf 72' lang='grc' dir='ltr'>κατὰ</span> <span class='ocrx_word' id='word_1_91' title='bbox 1101 1005 1273 1053; x_wconf 79' lang='grc' dir='ltr'><em>πρύμνης</em></span> <span class='ocrx_word' id='word_1_92' title='bbox 1300 1007 1440 1040; x_wconf 86' lang='lat' dir='ltr'>victima</span> <span class='ocrx_word' id='word_1_93' title='bbox 1468 1013 1660 1044; x_wconf 62' lang='lat' dir='ltr'>mactatum</span> 
     </span>
     <span class='ocr_line' id='line_1_13' title="bbox 141 1054 1661 1105; baseline -0.005 -11"><span class='ocrx_word' id='word_1_94' title='bbox 141 1068 178 1094; x_wconf 88' lang='lat' dir='ltr'>et</span> <span class='ocrx_word' id='word_1_95' title='bbox 200 1061 234 1094; x_wconf 88' lang='lat' dir='ltr'>in</span> <span class='ocrx_word' id='word_1_96' title='bbox 258 1060 370 1105; x_wconf 84' lang='lat' dir='ltr'>puppi</span> <span class='ocrx_word' id='word_1_97' title='bbox 392 1059 476 1093; x_wconf 82' lang='lat' dir='ltr'>alias</span> <span class='ocrx_word' id='word_1_98' title='bbox 495 1059 606 1092; x_wconf 82' lang='lat' dir='ltr'>tutela</span> <span class='ocrx_word' id='word_1_99' title='bbox 629 1065 720 1100; x_wconf 77' lang='lat' dir='ltr'>erat3</span> <span class='ocrx_word' id='word_1_100' title='bbox 747 1065 782 1091; x_wconf 87' lang='lat' dir='ltr'>et</span> <span class='ocrx_word' id='word_1_101' title='bbox 804 1057 966 1090; x_wconf 74' lang='lat' dir='ltr'>similiter</span> <span class='ocrx_word' id='word_1_102' title='bbox 994 1069 1128 1089; x_wconf 85' lang='lat' dir='ltr'>sacrum</span> <span class='ocrx_word' id='word_1_103' title='bbox 1158 1055 1224 1088; x_wconf 87' lang='lat' dir='ltr'>diis</span> <span class='ocrx_word' id='word_1_104' title='bbox 1249 1055 1391 1087; x_wconf 80' lang='lat' dir='ltr'>marinis</span> <span class='ocrx_word' id='word_1_105' title='bbox 1421 1054 1461 1086; x_wconf 84' lang='lat' dir='ltr'>fit</span> <span class='ocrx_word' id='word_1_106' title='bbox 1496 1066 1572 1098; x_wconf 89' lang='lat' dir='ltr'>sup.</span> <span class='ocrx_word' id='word_1_107' title='bbox 1602 1055 1661 1096; x_wconf 91' lang='lat'>111,</span> 
     </span>
     <span class='ocr_line' id='line_1_14' title="bbox 141 1102 1661 1150; baseline -0.006 -9"><span class='ocrx_word' id='word_1_108' title='bbox 141 1108 220 1148; x_wconf 76' lang='lat'><strong>527,</strong></span> <span class='ocrx_word' id='word_1_109' title='bbox 253 1107 311 1140; x_wconf 91' lang='lat' dir='ltr'>ubi</span> <span class='ocrx_word' id='word_1_110' title='bbox 348 1106 519 1140; x_wconf 85' lang='lat' dir='ltr'>Anchises</span> <span class='ocrx_word' id='word_1_111' title='bbox 545 1105 690 1139; x_wconf 84' lang='lat' dir='ltr'>libando</span> <span class='ocrx_word' id='word_1_112' title='bbox 710 1124 757 1130; x_wconf 89' lang='lat'>·—</span> <span class='ocrx_word' id='word_1_113' title='bbox 777 1105 952 1150; x_wconf 80' lang='lat' dir='ltr'>divosque</span> <span class='ocrx_word' id='word_1_114' title='bbox 981 1105 1126 1136; x_wconf 70' lang='lat' dir='ltr'>vocavit</span> <span class='ocrx_word' id='word_1_115' title='bbox 1162 1105 1277 1135; x_wconf 74' lang='lat' dir='ltr'>Stans</span> <span class='ocrx_word' id='word_1_116' title='bbox 1314 1102 1413 1134; x_wconf 74' lang='lat' dir='ltr'>celsa</span> <span class='ocrx_word' id='word_1_117' title='bbox 1452 1102 1490 1134; x_wconf 85' lang='lat' dir='ltr'>in</span> <span class='ocrx_word' id='word_1_118' title='bbox 1530 1102 1661 1148; x_wconf 79' lang='lat' dir='ltr'>puppi.</span> 
     </span>
     <span class='ocr_line' id='line_1_15' title="bbox 142 1148 1662 1200; baseline -0.005 -12"><span class='ocrx_word' id='word_1_119' title='bbox 142 1155 236 1200; x_wconf 86' lang='lat' dir='ltr'>(add.</span> <span class='ocrx_word' id='word_1_120' title='bbox 256 1156 383 1199; x_wconf 87' lang='lat' dir='ltr'>Hymn.</span> <span class='ocrx_word' id='word_1_121' title='bbox 403 1153 438 1186; x_wconf 90' lang='lat' dir='ltr'>in</span> <span class='ocrx_word' id='word_1_122' title='bbox 455 1153 570 1186; x_wconf 81' lang='lat' dir='ltr'>Diosc.</span> <span class='ocrx_word' id='word_1_123' title='bbox 590 1152 747 1196; x_wconf 73' lang='lat' dir='ltr'>(XXXI)</span> <span class='ocrx_word' id='word_1_124' title='bbox 779 1152 847 1195; x_wconf 33' lang='lat'>10.)</span> <span class='ocrx_word' id='word_1_125' title='bbox 897 1150 967 1185; x_wconf 80' lang='lat' dir='ltr'>Sed</span> <span class='ocrx_word' id='word_1_126' title='bbox 993 1152 1203 1183; x_wconf 78' lang='lat' dir='ltr'>Burmannus</span> <span class='ocrx_word' id='word_1_127' title='bbox 1226 1160 1267 1180; x_wconf 80' lang='lat' dir='ltr'>ex</span> <span class='ocrx_word' id='word_1_128' title='bbox 1291 1149 1361 1181; x_wconf 87' lang='lat' dir='ltr'>isto</span> <span class='ocrx_word' id='word_1_129' title='bbox 1394 1148 1543 1192; x_wconf 81' lang='lat' dir='ltr'>aliisque</span> <span class='ocrx_word' id='word_1_130' title='bbox 1573 1148 1662 1181; x_wconf 86' lang='lat' dir='ltr'>locis</span> 
     </span>
     <span class='ocr_line' id='line_1_16' title="bbox 141 1194 1663 1248; baseline -0.006 -13"><span class='ocrx_word' id='word_1_131' title='bbox 141 1203 241 1248; x_wconf 78' lang='lat' dir='ltr'>(Aen.</span> <span class='ocrx_word' id='word_1_132' title='bbox 266 1202 357 1243; x_wconf 83' lang='lat' dir='ltr'>VIII,</span> <span class='ocrx_word' id='word_1_133' title='bbox 377 1202 458 1236; x_wconf 88' lang='grc'><strong>680.</strong></span> <span class='ocrx_word' id='word_1_134' title='bbox 483 1201 532 1242; x_wconf 89' lang='lat' dir='ltr'>X,</span> <span class='ocrx_word' id='word_1_135' title='bbox 549 1201 629 1236; x_wconf 71' lang='grc'><strong>261.</strong></span> <span class='ocrx_word' id='word_1_136' title='bbox 655 1211 743 1243; x_wconf 87' lang='lat' dir='ltr'>quae</span> <span class='ocrx_word' id='word_1_137' title='bbox 761 1205 879 1231; x_wconf 87' lang='lat' dir='ltr'>tamen</span> <span class='ocrx_word' id='word_1_138' title='bbox 897 1197 1011 1230; x_wconf 83' lang='lat' dir='ltr'>aliena</span> <span class='ocrx_word' id='word_1_139' title='bbox 1032 1210 1052 1230; x_wconf 87' lang='lat' dir='ltr'>a</span> <span class='ocrx_word' id='word_1_140' title='bbox 1082 1209 1119 1229; x_wconf 87' lang='lat' dir='ltr'>re</span> <span class='ocrx_word' id='word_1_141' title='bbox 1148 1195 1240 1239; x_wconf 87' lang='lat' dir='ltr'>sunt)</span> <span class='ocrx_word' id='word_1_142' title='bbox 1270 1194 1456 1240; x_wconf 81' lang='lat' dir='ltr'>repetitum</span> <span class='ocrx_word' id='word_1_143' title='bbox 1483 1195 1520 1227; x_wconf 86' lang='lat' dir='ltr'>id</span> <span class='ocrx_word' id='word_1_144' title='bbox 1548 1194 1663 1240; x_wconf 89' lang='lat' dir='ltr'>ipsum</span> 
     </span>
    </p>
   </div>
   <div class='ocr_carea' id='block_1_6' title="bbox 143 1241 1662 1288">
    <p class='ocr_par' dir='ltr' id='par_1_6' title="bbox 143 1241 1662 1288">
     <span class='ocr_line' id='line_1_17' title="bbox 143 1241 1662 1288; baseline -0.006 -6"><span class='ocrx_word' id='word_1_145' title='bbox 143 1261 220 1282; x_wconf 87' lang='lat' dir='ltr'>esse</span> <span class='ocrx_word' id='word_1_146' title='bbox 252 1254 390 1288; x_wconf 85' lang='lat' dir='ltr'>censet;</span> <span class='ocrx_word' id='word_1_147' title='bbox 435 1247 623 1280; x_wconf 91' lang='lat' dir='ltr'>secundum</span> <span class='ocrx_word' id='word_1_148' title='bbox 661 1245 887 1279; x_wconf 83' lang='lat' dir='ltr'>Heinsianam</span> <span class='ocrx_word' id='word_1_149' title='bbox 918 1244 1200 1277; x_wconf 85' lang='lat' dir='ltr'>observationem</span> <span class='ocrx_word' id='word_1_150' title='bbox 1240 1242 1284 1275; x_wconf 88' lang='lat' dir='ltr'>de</span> <span class='ocrx_word' id='word_1_151' title='bbox 1312 1241 1430 1275; x_wconf 83' lang='lat' dir='ltr'>studio</span> <span class='ocrx_word' id='word_1_152' title='bbox 1464 1242 1662 1286; x_wconf 85' lang='lat' dir='ltr'>Virgiliano</span> 
     </span>
    </p>
   </div>
   <div class='ocr_carea' id='block_1_7' title="bbox 142 1290 1257 1338">
    <p class='ocr_par' dir='ltr' id='par_1_7' title="bbox 142 1290 1257 1338">
     <span class='ocr_line' id='line_1_18' title="bbox 142 1290 1257 1338; baseline -0.004 -10"><span class='ocrx_word' id='word_1_153' title='bbox 142 1295 227 1328; x_wconf 63' lang='lat' dir='ltr'>talia</span> <span class='ocrx_word' id='word_1_154' title='bbox 248 1294 425 1328; x_wconf 84' lang='lat' dir='ltr'>variandi:</span> <span class='ocrx_word' id='word_1_155' title='bbox 452 1306 553 1338; x_wconf 87' lang='lat' dir='ltr'>quam</span> <span class='ocrx_word' id='word_1_156' title='bbox 573 1294 640 1326; x_wconf 88' lang='lat' dir='ltr'>vid.</span> <span class='ocrx_word' id='word_1_157' title='bbox 658 1293 703 1327; x_wconf 84' lang='lat' dir='ltr'>ad</span> <span class='ocrx_word' id='word_1_158' title='bbox 723 1293 795 1326; x_wconf 87' lang='lat' dir='ltr'>Ecl.</span> <span class='ocrx_word' id='word_1_159' title='bbox 813 1293 858 1334; x_wconf 87' lang='lat' dir='ltr'>V,</span> <span class='ocrx_word' id='word_1_160' title='bbox 886 1292 944 1327; x_wconf 82' lang='lat'>37.</span> <span class='ocrx_word' id='word_1_161' title='bbox 972 1298 1008 1324; x_wconf 85' lang='lat' dir='ltr'>et</span> <span class='ocrx_word' id='word_1_162' title='bbox 1036 1291 1081 1324; x_wconf 83' lang='lat' dir='ltr'>ad</span> <span class='ocrx_word' id='word_1_163' title='bbox 1105 1292 1151 1332; x_wconf 89' lang='lat' dir='ltr'>V,</span> <span class='ocrx_word' id='word_1_164' title='bbox 1177 1290 1257 1324; x_wconf 76' lang='lat'><strong>486·</strong></span> 
     </span>
    </p>
   </div>
   <div class='ocr_carea' id='block_1_8' title="bbox 1300 1289 1663 1336">
    <p class='ocr_par' dir='ltr' id='par_1_8' title="bbox 1300 1289 1663 1336">
     <span class='ocr_line' id='line_1_19' title="bbox 1300 1289 1663 1336; baseline -0.003 -14"><span class='ocrx_word' id='word_1_165' title='bbox 1300 1298 1456 1336; x_wconf 77' lang='lat' dir='ltr'>pateras</span> <span class='ocrx_word' id='word_1_166' title='bbox 1487 1289 1541 1323; x_wconf 91' lang='lat' dir='ltr'>ed.</span> <span class='ocrx_word' id='word_1_167' title='bbox 1574 1290 1663 1322; x_wconf 83' lang='lat' dir='ltr'>ven.</span> 
     </span>
    </p>
   </div>
   <div class='ocr_carea' id='block_1_9' title="bbox 142 1336 1663 1379">
    <p class='ocr_par' dir='ltr' id='par_1_9' title="bbox 142 1336 1663 1379">
     <span class='ocr_line' id='line_1_20' title="bbox 142 1336 1663 1379; baseline -0.006 -1"><span class='ocrx_word' id='word_1_168' title='bbox 142 1344 212 1378; x_wconf 74' lang='lat'>776</span> <span class='ocrx_word' id='word_1_169' title='bbox 240 1343 392 1376; x_wconf 75' lang='lat' dir='ltr'>Proiicic</span> <span class='ocrx_word' id='word_1_170' title='bbox 412 1340 467 1374; x_wconf 85' lang='lat' dir='ltr'>vel</span> <span class='ocrx_word' id='word_1_171' title='bbox 492 1343 632 1375; x_wconf 73' lang='lat' dir='ltr'>Proicit</span> <span class='ocrx_word' id='word_1_172' title='bbox 653 1340 727 1373; x_wconf 83' lang='lat' dir='ltr'>fere</span> <span class='ocrx_word' id='word_1_173' title='bbox 751 1339 874 1379; x_wconf 89' lang='lat' dir='ltr'>codd.;</span> <span class='ocrx_word' id='word_1_174' title='bbox 908 1338 1070 1371; x_wconf 79' lang='lat' dir='ltr'>defendit</span> <span class='ocrx_word' id='word_1_175' title='bbox 1097 1338 1166 1370; x_wconf 86' lang='lat' dir='ltr'>hoc</span> <span class='ocrx_word' id='word_1_176' title='bbox 1198 1343 1231 1369; x_wconf 85' lang='lat' dir='ltr'>et</span> <span class='ocrx_word' id='word_1_177' title='bbox 1259 1336 1295 1369; x_wconf 90' lang='lat' dir='ltr'>h.</span> <span class='ocrx_word' id='word_1_178' title='bbox 1322 1336 1346 1370; x_wconf 92' lang='lat' dir='ltr'>l.</span> <span class='ocrx_word' id='word_1_179' title='bbox 1370 1336 1589 1369; x_wconf 82' lang='lat' dir='ltr'>Benedictus.</span> <span class='ocrx_word' id='word_1_180' title='bbox 1619 1336 1663 1370; x_wconf 75' lang='lat' dir='ltr'>cf.</span> 
     </span>
    </p>
   </div>
   <div class='ocr_carea' id='block_1_10' title="bbox 143 1386 826 1432">
    <p class='ocr_par' dir='ltr' id='par_1_10' title="bbox 143 1386 826 1432">
     <span class='ocr_line' id='line_1_21' title="bbox 143 1386 826 1432; baseline -0.006 -9"><span class='ocrx_word' id='word_1_181' title='bbox 143 1390 190 1423; x_wconf 83' lang='lat' dir='ltr'>ad</span> <span class='ocrx_word' id='word_1_182' title='bbox 210 1402 241 1422; x_wconf 89' lang='lat' dir='ltr'>v.</span> <span class='ocrx_word' id='word_1_183' title='bbox 264 1390 344 1424; x_wconf 71' lang='grc'>238.</span> <span class='ocrx_word' id='word_1_184' title='bbox 395 1389 569 1432; x_wconf 73' lang='grc' dir='ltr'>(Ρυιτίείι</span> <span class='ocrx_word' id='word_1_185' title='bbox 588 1386 699 1420; x_wconf 82' lang='lat' dir='ltr'>Palat.</span> <span class='ocrx_word' id='word_1_186' title='bbox 729 1386 826 1428; x_wconf 73' lang='lat' dir='ltr'>lVr.)</span> 
     </span>
    </p>
   </div>
   <div class='ocr_carea' id='block_1_11' title="bbox 876 1383 1664 1428">
    <p class='ocr_par' dir='ltr' id='par_1_11' title="bbox 876 1383 1664 1428">
     <span class='ocr_line' id='line_1_22' title="bbox 876 1383 1664 1428; baseline -0.005 -9"><span class='ocrx_word' id='word_1_187' title='bbox 876 1387 948 1419; x_wconf 83' lang='lat' dir='ltr'>iam</span> <span class='ocrx_word' id='word_1_188' title='bbox 968 1387 1057 1418; x_wconf 76' lang='lat' dir='ltr'>vina</span> <span class='ocrx_word' id='word_1_189' title='bbox 1073 1384 1183 1419; x_wconf 71' lang='lat' dir='ltr'>Wall.</span> <span class='ocrx_word' id='word_1_190' title='bbox 1233 1383 1416 1428; x_wconf 74' lang='lat' dir='ltr'>liquantia</span> <span class='ocrx_word' id='word_1_191' title='bbox 1441 1384 1565 1416; x_wconf 84' lang='lat' dir='ltr'>Hamb.</span> <span class='ocrx_word' id='word_1_192' title='bbox 1595 1395 1664 1416; x_wconf 88' lang='lat' dir='ltr'>sec.</span> 
     </span>
    </p>
   </div>
   <div class='ocr_carea' id='block_1_12' title="bbox 143 1430 1664 1479">
    <p class='ocr_par' dir='ltr' id='par_1_12' title="bbox 143 1430 1664 1479">
     <span class='ocr_line' id='line_1_23' title="bbox 143 1430 1664 1479; baseline -0.005 -9"><span class='ocrx_word' id='word_1_193' title='bbox 143 1438 214 1472; x_wconf 88' lang='lat'>777</span> <span class='ocrx_word' id='word_1_194' title='bbox 239 1437 336 1469; x_wconf 86' lang='lat' dir='ltr'>Hunc</span> <span class='ocrx_word' id='word_1_195' title='bbox 357 1447 495 1468; x_wconf 89' lang='lat' dir='ltr'>versum</span> <span class='ocrx_word' id='word_1_196' title='bbox 515 1433 675 1479; x_wconf 83' lang='lat' dir='ltr'>sequenti</span> <span class='ocrx_word' id='word_1_197' title='bbox 696 1433 884 1467; x_wconf 86' lang='lat' dir='ltr'>subiiciunt</span> <span class='ocrx_word' id='word_1_198' title='bbox 903 1432 1045 1465; x_wconf 82' lang='lat' dir='ltr'>Mentel.</span> <span class='ocrx_word' id='word_1_199' title='bbox 1074 1444 1126 1476; x_wconf 87' lang='lat' dir='ltr'>pr.</span> <span class='ocrx_word' id='word_1_200' title='bbox 1154 1437 1189 1464; x_wconf 88' lang='lat' dir='ltr'>et</span> <span class='ocrx_word' id='word_1_201' title='bbox 1212 1430 1302 1463; x_wconf 85' lang='lat' dir='ltr'>Gud.</span> <span class='ocrx_word' id='word_1_202' title='bbox 1350 1430 1488 1471; x_wconf 73' lang='lat' dir='ltr'>(euntis</span> <span class='ocrx_word' id='word_1_203' title='bbox 1518 1430 1553 1462; x_wconf 88' lang='lat' dir='ltr'>in</span> <span class='ocrx_word' id='word_1_204' title='bbox 1583 1431 1664 1462; x_wconf 90' lang='lat' dir='ltr'>Me-</span> 
     </span>
    </p>
   </div>
   <div class='ocr_carea' id='block_1_13' title="bbox 146 1482 786 1523">
    <p class='ocr_par' dir='ltr' id='par_1_13' title="bbox 146 1482 786 1523">
     <span class='ocr_line' id='line_1_24' title="bbox 146 1482 786 1523; baseline -0.003 -8"><span class='ocrx_word' id='word_1_205' title='bbox 146 1483 247 1516; x_wconf 87' lang='lat' dir='ltr'>diceo</span> <span class='ocrx_word' id='word_1_206' title='bbox 268 1489 422 1515; x_wconf 86' lang='lat' dir='ltr'>mutatur</span> <span class='ocrx_word' id='word_1_207' title='bbox 448 1482 485 1514; x_wconf 87' lang='lat' dir='ltr'>in</span> <span class='ocrx_word' id='word_1_208' title='bbox 511 1490 651 1516; x_wconf 70' lang='lat' dir='ltr'>euntes.</span> <span class='ocrx_word' id='word_1_209' title='bbox 689 1482 786 1523; x_wconf 70' lang='lat' dir='ltr'>JVr.)</span> 
     </span>
    </p>
   </div>
   <div class='ocr_carea' id='block_1_14' title="bbox 891 1478 1666 1524">
    <p class='ocr_par' dir='ltr' id='par_1_14' title="bbox 891 1478 1666 1524">
     <span class='ocr_line' id='line_1_25' title="bbox 891 1478 1666 1524; baseline -0.004 -11"><span class='ocrx_word' id='word_1_210' title='bbox 891 1481 959 1515; x_wconf 84' lang='lat'>778</span> <span class='ocrx_word' id='word_1_211' title='bbox 985 1491 1145 1524; x_wconf 76' lang='lat' dir='ltr'>aequore</span> <span class='ocrx_word' id='word_1_212' title='bbox 1174 1479 1256 1510; x_wconf 74' lang='lat' dir='ltr'>Exn.</span> <span class='ocrx_word' id='word_1_213' title='bbox 1283 1478 1466 1509; x_wconf 83' lang='lat' dir='ltr'>Burmann.</span> <span class='ocrx_word' id='word_1_214' title='bbox 1515 1485 1666 1510; x_wconf 73' lang='lat' dir='ltr'>vertunt</span> 
     </span>
    </p>
   </div>
   <div class='ocr_carea' id='block_1_15' title="bbox 146 1524 1592 1572">
    <p class='ocr_par' dir='ltr' id='par_1_15' title="bbox 146 1524 1592 1572">
     <span class='ocr_line' id='line_1_26' title="bbox 146 1524 1592 1572; baseline -0.002 -9"><span class='ocrx_word' id='word_1_215' title='bbox 146 1530 312 1563; x_wconf 86' lang='lat' dir='ltr'>Rottend.</span> <span class='ocrx_word' id='word_1_216' title='bbox 333 1541 402 1563; x_wconf 90' lang='lat' dir='ltr'>sec.</span> <span class='ocrx_word' id='word_1_217' title='bbox 426 1528 536 1563; x_wconf 88' lang='lat' dir='ltr'>Goth.</span> <span class='ocrx_word' id='word_1_218' title='bbox 555 1541 623 1562; x_wconf 85' lang='lat' dir='ltr'>sec.</span> <span class='ocrx_word' id='word_1_219' title='bbox 636 1555 644 1570; x_wconf 91' lang='lat'>‚</span> <span class='ocrx_word' id='word_1_220' title='bbox 670 1536 707 1561; x_wconf 88' lang='lat' dir='ltr'>ut</span> <span class='ocrx_word' id='word_1_221' title='bbox 726 1527 811 1561; x_wconf 86' lang='lat' dir='ltr'>alibi</span> <span class='ocrx_word' id='word_1_222' title='bbox 831 1538 984 1572; x_wconf 87' lang='lat' dir='ltr'>quoque.</span> <span class='ocrx_word' id='word_1_223' title='bbox 1011 1526 1094 1567; x_wconf 81' lang='lat' dir='ltr'>(vid.</span> <span class='ocrx_word' id='word_1_224' title='bbox 1112 1526 1155 1559; x_wconf 89' lang='lat' dir='ltr'>V.</span> <span class='ocrx_word' id='word_1_225' title='bbox 1176 1525 1215 1558; x_wconf 88' lang='lat' dir='ltr'>L.</span> <span class='ocrx_word' id='word_1_226' title='bbox 1235 1524 1280 1557; x_wconf 85' lang='lat' dir='ltr'>ad</span> <span class='ocrx_word' id='word_1_227' title='bbox 1300 1525 1360 1566; x_wconf 90' lang='lat'>111,</span> <span class='ocrx_word' id='word_1_228' title='bbox 1382 1525 1463 1559; x_wconf 82' lang='lat'>668.</span> <span class='ocrx_word' id='word_1_229' title='bbox 1496 1524 1592 1568; x_wconf 85' lang='lat' dir='ltr'>Wr.)</span> 
     </span>
    </p>
   </div>
   <div class='ocr_carea' id='block_1_16' title="bbox 147 1647 876 1814">
    <p class='ocr_par' dir='ltr' id='par_1_16' title="bbox 147 1647 876 1814">
     <span class='ocr_line' id='line_1_27' title="bbox 147 1647 876 1696; baseline -0.001 -11"><span class='ocrx_word' id='word_1_230' title='bbox 147 1648 335 1686; x_wconf 86' lang='lat' dir='ltr'>Serviana</span> <span class='ocrx_word' id='word_1_231' title='bbox 358 1647 461 1686; x_wconf 85' lang='lat' dir='ltr'>ratio</span> <span class='ocrx_word' id='word_1_232' title='bbox 485 1647 602 1685; x_wconf 86' lang='lat' dir='ltr'>nimis</span> <span class='ocrx_word' id='word_1_233' title='bbox 628 1647 769 1696; x_wconf 82' lang='lat' dir='ltr'>docta,</span> <span class='ocrx_word' id='word_1_234' title='bbox 801 1648 876 1684; x_wconf 78' lang='grc' dir='ltr'>[ιι-</span> 
     </span>
     <span class='ocr_line' id='line_1_28' title="bbox 148 1705 872 1754; baseline -0.003 -11"><span class='ocrx_word' id='word_1_235' title='bbox 148 1705 208 1743; x_wconf 77' lang='lat' dir='ltr'>bet</span> <span class='ocrx_word' id='word_1_236' title='bbox 237 1706 398 1743; x_wconf 78' lang='lat' dir='ltr'>caedere</span> <span class='ocrx_word' id='word_1_237' title='bbox 429 1720 477 1742; x_wconf 83' lang='lat' dir='ltr'>ex</span> <span class='ocrx_word' id='word_1_238' title='bbox 516 1706 673 1754; x_wconf 74' lang='lat' dir='ltr'>ordine,</span> <span class='ocrx_word' id='word_1_239' title='bbox 717 1706 763 1742; x_wconf 73' lang='lat' dir='ltr'>id</span> <span class='ocrx_word' id='word_1_240' title='bbox 802 1712 872 1752; x_wconf 78' lang='lat' dir='ltr'>est,</span> 
     </span>
     <span class='ocr_line' id='line_1_29' title="bbox 149 1762 667 1814; baseline 0.004 -14"><span class='ocrx_word' id='word_1_241' title='bbox 149 1764 220 1800; x_wconf 77' lang='lat' dir='ltr'>rite</span> <span class='ocrx_word' id='word_1_242' title='bbox 230 1764 384 1814; x_wconf 77' lang='lat' dir='ltr'>peragi</span> <span class='ocrx_word' id='word_1_243' title='bbox 408 1762 667 1811; x_wconf 70' lang='lat' dir='ltr'>sacrficium.</span> 
     </span>
    </p>
   </div>
   <div class='ocr_carea' id='block_1_17' title="bbox 150 1876 889 2963">
    <p class='ocr_par' dir='ltr' id='par_1_17' title="bbox 150 1876 889 2963">
     <span class='ocr_line' id='line_1_30' title="bbox 209 1876 879 1919; baseline -0.009 0"><span class='ocrx_word' id='word_1_244' title='bbox 209 1877 463 1919; x_wconf 82' lang='grc'>774-778.</span> <span class='ocrx_word' id='word_1_245' title='bbox 503 1876 700 1915; x_wconf 83' lang='lat' dir='ltr'>Sollennis</span> <span class='ocrx_word' id='word_1_246' title='bbox 725 1876 879 1914; x_wconf 79' lang='lat' dir='ltr'>sacrifi-</span> 
     </span>
     <span class='ocr_line' id='line_1_31' title="bbox 152 1934 880 1986; baseline -0.001 -14"><span class='ocrx_word' id='word_1_247' title='bbox 152 1934 269 1972; x_wconf 86' lang='lat' dir='ltr'>candi</span> <span class='ocrx_word' id='word_1_248' title='bbox 291 1947 376 1972; x_wconf 87' lang='lat' dir='ltr'>mos</span> <span class='ocrx_word' id='word_1_249' title='bbox 402 1949 476 1986; x_wconf 90' lang='lat' dir='ltr'>pro</span> <span class='ocrx_word' id='word_1_250' title='bbox 508 1935 680 1972; x_wconf 89' lang='lat' dir='ltr'>secunda</span> <span class='ocrx_word' id='word_1_251' title='bbox 712 1935 880 1984; x_wconf 83' lang='lat' dir='ltr'>naviga-</span> 
     </span>
     <span class='ocr_line' id='line_1_32' title="bbox 150 1992 882 2042; baseline -0.001 -12"><span class='ocrx_word' id='word_1_252' title='bbox 150 1993 287 2042; x_wconf 78' lang='lat' dir='ltr'>tione3</span> <span class='ocrx_word' id='word_1_253' title='bbox 336 1992 424 2030; x_wconf 88' lang='lat' dir='ltr'>loca</span> <span class='ocrx_word' id='word_1_254' title='bbox 475 1992 714 2031; x_wconf 80' lang='lat' dir='ltr'>illustrantia</span> <span class='ocrx_word' id='word_1_255' title='bbox 766 1992 882 2030; x_wconf 83' lang='lat' dir='ltr'>affert</span> 
     </span>
     <span class='ocr_line' id='line_1_33' title="bbox 152 2049 879 2102; baseline -0.001 -14"><span class='ocrx_word' id='word_1_256' title='bbox 152 2050 292 2089; x_wconf 86' lang='lat' dir='ltr'>Cerda.</span> <span class='ocrx_word' id='word_1_257' title='bbox 362 2050 540 2088; x_wconf 85' lang='lat' dir='ltr'>Praeivit</span> <span class='ocrx_word' id='word_1_258' title='bbox 590 2050 775 2102; x_wconf 90' lang='lat' dir='ltr'>Apollon.</span> <span class='ocrx_word' id='word_1_259' title='bbox 814 2049 879 2096; x_wconf 89' lang='lat' dir='ltr'>1V,</span> 
     </span>
     <span class='ocr_line' id='line_1_34' title="bbox 156 2109 881 2157; baseline 0 -13"><span class='ocrx_word' id='word_1_260' title='bbox 156 2110 265 2149; x_wconf 84' lang='lat'>1595</span> <span class='ocrx_word' id='word_1_261' title='bbox 300 2121 384 2157; x_wconf 86' lang='lat' dir='ltr'>sqq.</span> <span class='ocrx_word' id='word_1_262' title='bbox 443 2116 580 2145; x_wconf 73' lang='lat' dir='ltr'>tonsae</span> <span class='ocrx_word' id='word_1_263' title='bbox 627 2109 780 2155; x_wconf 75' lang='lat' dir='ltr'>olivae,</span> <span class='ocrx_word' id='word_1_264' title='bbox 833 2113 881 2145; x_wconf 88' lang='lat' dir='ltr'>ut</span> 
     </span>
     <span class='ocr_line' id='line_1_35' title="bbox 153 2165 882 2218; baseline 0.001 -16"><span class='ocrx_word' id='word_1_265' title='bbox 153 2174 268 2202; x_wconf 77' lang='lat' dir='ltr'>tonsa</span> <span class='ocrx_word' id='word_1_266' title='bbox 307 2179 453 2203; x_wconf 82' lang='lat' dir='ltr'>corona</span> <span class='ocrx_word' id='word_1_267' title='bbox 499 2179 586 2218; x_wconf 87' lang='lat' dir='ltr'>sup.</span> <span class='ocrx_word' id='word_1_268' title='bbox 628 2165 726 2215; x_wconf 85' lang='lat'><strong><em>556,</em></strong></span> <span class='ocrx_word' id='word_1_269' title='bbox 762 2171 882 2203; x_wconf 78' lang='lat' dir='ltr'>ornat</span> 
     </span>
     <span class='ocr_line' id='line_1_36' title="bbox 155 2222 881 2274; baseline 0.001 -14"><span class='ocrx_word' id='word_1_270' title='bbox 155 2222 384 2274; x_wconf 76' lang='lat' dir='ltr'>epitheton5</span> <span class='ocrx_word' id='word_1_271' title='bbox 424 2237 537 2272; x_wconf 88' lang='lat' dir='ltr'>nam,</span> <span class='ocrx_word' id='word_1_272' title='bbox 587 2223 683 2261; x_wconf 88' lang='lat' dir='ltr'>dum</span> <span class='ocrx_word' id='word_1_273' title='bbox 731 2236 881 2261; x_wconf 81' lang='lat' dir='ltr'>corona</span> 
     </span>
     <span class='ocr_line' id='line_1_37' title="bbox 155 2280 882 2332; baseline 0.001 -15"><span class='ocrx_word' id='word_1_274' title='bbox 155 2280 214 2328; x_wconf 85' lang='lat' dir='ltr'>fit,</span> <span class='ocrx_word' id='word_1_275' title='bbox 252 2280 359 2318; x_wconf 86' lang='lat' dir='ltr'>oleae</span> <span class='ocrx_word' id='word_1_276' title='bbox 380 2280 542 2318; x_wconf 87' lang='lat' dir='ltr'>frondes</span> <span class='ocrx_word' id='word_1_277' title='bbox 563 2280 741 2332; x_wconf 84' lang='lat' dir='ltr'>decerpi,</span> <span class='ocrx_word' id='word_1_278' title='bbox 772 2294 882 2319; x_wconf 87' lang='lat' dir='ltr'>eam-</span> 
     </span>
     <span class='ocr_line' id='line_1_38' title="bbox 157 2337 883 2388; baseline 0.003 -14"><span class='ocrx_word' id='word_1_279' title='bbox 157 2351 233 2388; x_wconf 87' lang='lat' dir='ltr'>que</span> <span class='ocrx_word' id='word_1_280' title='bbox 263 2337 422 2376; x_wconf 84' lang='lat' dir='ltr'>tonderi</span> <span class='ocrx_word' id='word_1_281' title='bbox 455 2352 611 2376; x_wconf 85' lang='lat' dir='ltr'>necesse</span> <span class='ocrx_word' id='word_1_282' title='bbox 646 2345 716 2376; x_wconf 87' lang='lat' dir='ltr'>est.</span> <span class='ocrx_word' id='word_1_283' title='bbox 787 2340 883 2376; x_wconf 82' lang='lat' dir='ltr'>Ser-</span> 
     </span>
     <span class='ocr_line' id='line_1_39' title="bbox 157 2394 884 2434; baseline 0 -2"><span class='ocrx_word' id='word_1_284' title='bbox 157 2395 246 2432; x_wconf 90' lang='lat' dir='ltr'>vius</span> <span class='ocrx_word' id='word_1_285' title='bbox 266 2401 305 2432; x_wconf 88' lang='lat' dir='ltr'>et</span> <span class='ocrx_word' id='word_1_286' title='bbox 325 2394 391 2432; x_wconf 87' lang='lat' dir='ltr'>hic</span> <span class='ocrx_word' id='word_1_287' title='bbox 408 2396 527 2433; x_wconf 84' lang='lat' dir='ltr'>nimia</span> <span class='ocrx_word' id='word_1_288' title='bbox 553 2410 644 2434; x_wconf 84' lang='lat' dir='ltr'>cum</span> <span class='ocrx_word' id='word_1_289' title='bbox 665 2396 884 2434; x_wconf 86' lang='lat' dir='ltr'>subtilitate</span> 
     </span>
     <span class='ocr_line' id='line_1_40' title="bbox 157 2454 887 2504; baseline 0.004 -16"><span class='ocrx_word' id='word_1_290' title='bbox 157 2460 345 2500; x_wconf 83' lang='lat' dir='ltr'>comlam,</span> <span class='ocrx_word' id='word_1_291' title='bbox 380 2456 544 2491; x_wconf 72' lang='lat' dir='ltr'>minutis</span> <span class='ocrx_word' id='word_1_292' title='bbox 561 2454 796 2504; x_wconf 74' lang='lat' dir='ltr'>fi·011dibu3‚</span> <span class='ocrx_word' id='word_1_293' title='bbox 820 2455 887 2492; x_wconf 87' lang='lat' dir='ltr'>in·-</span> 
     </span>
     <span class='ocr_line' id='line_1_41' title="bbox 159 2511 887 2560; baseline 0.004 -14"><span class='ocrx_word' id='word_1_294' title='bbox 159 2515 415 2560; x_wconf 82' lang='lat' dir='ltr'>terpretatur.</span> <span class='ocrx_word' id='word_1_295' title='bbox 491 2511 705 2549; x_wconf 85' lang='lat' dir='ltr'>Salmasius</span> <span class='ocrx_word' id='word_1_296' title='bbox 748 2511 887 2549; x_wconf 86' lang='lat' dir='ltr'>diver-</span> 
     </span>
     <span class='ocr_line' id='line_1_42' title="bbox 161 2566 887 2616; baseline 0.004 -13"><span class='ocrx_word' id='word_1_297' title='bbox 161 2580 224 2604; x_wconf 92' lang='lat' dir='ltr'>sos</span> <span class='ocrx_word' id='word_1_298' title='bbox 253 2566 362 2604; x_wconf 87' lang='lat' dir='ltr'>vocis</span> <span class='ocrx_word' id='word_1_299' title='bbox 392 2581 487 2604; x_wconf 89' lang='lat' dir='ltr'>usus</span> <span class='ocrx_word' id='word_1_300' title='bbox 510 2569 670 2616; x_wconf 89' lang='lat' dir='ltr'>miscet,</span> <span class='ocrx_word' id='word_1_301' title='bbox 701 2575 748 2606; x_wconf 88' lang='lat' dir='ltr'>ut</span> <span class='ocrx_word' id='word_1_302' title='bbox 777 2569 887 2606; x_wconf 86' lang='lat' dir='ltr'>solet.</span> 
     </span>
     <span class='ocr_line' id='line_1_43' title="bbox 162 2624 887 2673; baseline 0.003 -13"><span class='ocrx_word' id='word_1_303' title='bbox 162 2624 243 2661; x_wconf 84' lang='lat' dir='ltr'>Cur</span> <span class='ocrx_word' id='word_1_304' title='bbox 262 2629 395 2661; x_wconf 80' lang='lat' dir='ltr'>tamen</span> <span class='ocrx_word' id='word_1_305' title='bbox 415 2626 667 2673; x_wconf 76' lang='lat' dir='ltr'>oleagineam</span> <span class='ocrx_word' id='word_1_306' title='bbox 697 2640 887 2663; x_wconf 84' lang='lat' dir='ltr'>coronam</span> 
     </span>
     <span class='ocr_line' id='line_1_44' title="bbox 164 2687 887 2732; baseline 0.003 -14"><span class='ocrx_word' id='word_1_307' title='bbox 164 2687 281 2732; x_wconf 82' lang='lat' dir='ltr'>poeta</span> <span class='ocrx_word' id='word_1_308' title='bbox 307 2695 415 2719; x_wconf 85' lang='lat' dir='ltr'>nunc</span> <span class='ocrx_word' id='word_1_309' title='bbox 442 2689 657 2730; x_wconf 78' lang='lat' dir='ltr'>memoret,</span> <span class='ocrx_word' id='word_1_310' title='bbox 700 2697 782 2720; x_wconf 89' lang='lat' dir='ltr'>non</span> <span class='ocrx_word' id='word_1_311' title='bbox 813 2696 887 2720; x_wconf 66' lang='lat' dir='ltr'>ex-</span> 
     </span>
     <span class='ocr_line' id='line_1_45' title="bbox 163 2739 887 2791; baseline 0 -15"><span class='ocrx_word' id='word_1_312' title='bbox 163 2744 262 2791; x_wconf 84' lang='lat' dir='ltr'>puto</span> <span class='ocrx_word' id='word_1_313' title='bbox 308 2739 424 2776; x_wconf 81' lang='lat' dir='ltr'>aliam</span> <span class='ocrx_word' id='word_1_314' title='bbox 479 2740 675 2776; x_wconf 83' lang='lat' dir='ltr'>rationem</span> <span class='ocrx_word' id='word_1_315' title='bbox 699 2771 709 2787; x_wconf 87' lang='lat'>‚</span> <span class='ocrx_word' id='word_1_316' title='bbox 769 2753 887 2789; x_wconf 86' lang='lat' dir='ltr'>quam</span> 
     </span>
     <span class='ocr_line' id='line_1_46' title="bbox 164 2795 887 2848; baseline 0 -15"><span class='ocrx_word' id='word_1_317' title='bbox 164 2795 295 2846; x_wconf 89' lang='lat' dir='ltr'>quod,</span> <span class='ocrx_word' id='word_1_318' title='bbox 325 2802 373 2834; x_wconf 91' lang='lat' dir='ltr'>ut</span> <span class='ocrx_word' id='word_1_319' title='bbox 404 2802 543 2846; x_wconf 86' lang='lat' dir='ltr'>poeta,</span> <span class='ocrx_word' id='word_1_320' title='bbox 579 2795 785 2848; x_wconf 83' lang='lat' dir='ltr'>epitheton</span> <span class='ocrx_word' id='word_1_321' title='bbox 814 2810 887 2848; x_wconf 87' lang='lat' dir='ltr'>pro</span> 
     </span>
     <span class='ocr_line' id='line_1_47' title="bbox 163 2851 889 2905; baseline -0.001 -14"><span class='ocrx_word' id='word_1_322' title='bbox 163 2853 295 2892; x_wconf 88' lang='lat' dir='ltr'>lubitu</span> <span class='ocrx_word' id='word_1_323' title='bbox 320 2854 558 2905; x_wconf 85' lang='lat' dir='ltr'>apponebat.</span> <span class='ocrx_word' id='word_1_324' title='bbox 631 2851 702 2905; x_wconf 84' lang='lat' dir='ltr'>(De</span> <span class='ocrx_word' id='word_1_325' title='bbox 731 2860 889 2892; x_wconf 89' lang='lat' dir='ltr'>tonsa</span> 
     </span>
     <span class='ocr_line' id='line_1_48' title="bbox 165 2910 889 2963; baseline -0.003 -13"><span class='ocrx_word' id='word_1_326' title='bbox 165 2917 205 2949; x_wconf 89' lang='lat' dir='ltr'>et</span> <span class='ocrx_word' id='word_1_327' title='bbox 224 2911 491 2963; x_wconf 83' lang='lat' dir='ltr'>oleaginea</span> <span class='ocrx_word' id='word_1_328' title='bbox 519 2925 665 2949; x_wconf 86' lang='lat' dir='ltr'>corona</span> <span class='ocrx_word' id='word_1_329' title='bbox 685 2910 767 2950; x_wconf 83' lang='lat' dir='ltr'>vid.</span> <span class='ocrx_word' id='word_1_330' title='bbox 799 2911 889 2949; x_wconf 87' lang='lat' dir='ltr'>Not.</span> 
     </span>
    </p>
   </div>
   <div class='ocr_carea' id='block_1_18' title="bbox 935 1641 1670 2274">
    <p class='ocr_par' dir='ltr' id='par_1_18' title="bbox 935 1641 1670 2274">
     <span class='ocr_line' id='line_1_49' title="bbox 935 1641 1667 1695; baseline -0.004 -13"><span class='ocrx_word' id='word_1_331' title='bbox 935 1645 987 1682; x_wconf 89' lang='lat' dir='ltr'>ad</span> <span class='ocrx_word' id='word_1_332' title='bbox 1018 1646 1086 1683; x_wconf 88' lang='lat' dir='ltr'>Ge.</span> <span class='ocrx_word' id='word_1_333' title='bbox 1116 1645 1181 1694; x_wconf 79' lang='grc' dir='ltr'>ΙΠ,</span> <span class='ocrx_word' id='word_1_334' title='bbox 1223 1647 1290 1686; x_wconf 77' lang='lat'>21.</span> <span class='ocrx_word' id='word_1_335' title='bbox 1343 1641 1461 1695; x_wconf 63' lang='lat' dir='ltr'>lsVr.)</span> <span class='ocrx_word' id='word_1_336' title='bbox 1543 1642 1667 1690; x_wconf 87' lang='lat' dir='ltr'>Quod</span> 
     </span>
     <span class='ocr_line' id='line_1_50' title="bbox 936 1700 1665 1754; baseline -0.004 -14"><span class='ocrx_word' id='word_1_337' title='bbox 936 1710 1016 1740; x_wconf 89' lang='lat' dir='ltr'>stat</span> <span class='ocrx_word' id='word_1_338' title='bbox 1036 1703 1077 1740; x_wconf 85' lang='lat' dir='ltr'>in</span> <span class='ocrx_word' id='word_1_339' title='bbox 1100 1716 1220 1754; x_wconf 87' lang='lat' dir='ltr'>prora</span> <span class='ocrx_word' id='word_1_340' title='bbox 1243 1700 1364 1753; x_wconf 85' lang='lat' dir='ltr'>(forte</span> <span class='ocrx_word' id='word_1_341' title='bbox 1381 1701 1472 1752; x_wconf 83' lang='lat' dir='ltr'>quia</span> <span class='ocrx_word' id='word_1_342' title='bbox 1493 1701 1565 1738; x_wconf 89' lang='lat' dir='ltr'>sub</span> <span class='ocrx_word' id='word_1_343' title='bbox 1581 1701 1665 1739; x_wconf 86' lang='lat' dir='ltr'>dis-</span> 
     </span>
     <span class='ocr_line' id='line_1_51' title="bbox 936 1759 1667 1811; baseline -0.003 -13"><span class='ocrx_word' id='word_1_344' title='bbox 936 1773 1090 1798; x_wconf 84' lang='lat' dir='ltr'>cessum</span> <span class='ocrx_word' id='word_1_345' title='bbox 1120 1772 1140 1796; x_wconf 90' lang='lat' dir='ltr'>e</span> <span class='ocrx_word' id='word_1_346' title='bbox 1179 1767 1322 1811; x_wconf 85' lang='lat' dir='ltr'>portu,</span> <span class='ocrx_word' id='word_1_347' title='bbox 1373 1772 1464 1796; x_wconf 89' lang='lat' dir='ltr'>cum</span> <span class='ocrx_word' id='word_1_348' title='bbox 1500 1759 1594 1797; x_wconf 86' lang='lat' dir='ltr'>alias</span> <span class='ocrx_word' id='word_1_349' title='bbox 1625 1759 1667 1796; x_wconf 90' lang='lat' dir='ltr'>in</span> 
     </span>
     <span class='ocr_line' id='line_1_52' title="bbox 937 1817 1668 1870; baseline -0.003 -15"><span class='ocrx_word' id='word_1_350' title='bbox 937 1819 1063 1870; x_wconf 89' lang='lat' dir='ltr'>puppi</span> <span class='ocrx_word' id='word_1_351' title='bbox 1085 1831 1197 1854; x_wconf 87' lang='lat' dir='ltr'>sacra</span> <span class='ocrx_word' id='word_1_352' title='bbox 1216 1817 1334 1869; x_wconf 88' lang='lat' dir='ltr'>fiant)</span> <span class='ocrx_word' id='word_1_353' title='bbox 1360 1823 1400 1854; x_wconf 88' lang='lat' dir='ltr'>et</span> <span class='ocrx_word' id='word_1_354' title='bbox 1433 1821 1568 1854; x_wconf 84' lang='lat' dir='ltr'>totum</span> <span class='ocrx_word' id='word_1_355' title='bbox 1602 1830 1668 1853; x_wconf 89' lang='lat' dir='ltr'>sa—</span> 
     </span>
     <span class='ocr_line' id='line_1_53' title="bbox 939 1874 1669 1913; baseline -0.003 0"><span class='ocrx_word' id='word_1_356' title='bbox 939 1876 997 1913; x_wconf 81' lang='lat' dir='ltr'>cri</span> <span class='ocrx_word' id='word_1_357' title='bbox 1030 1875 1156 1913; x_wconf 88' lang='lat' dir='ltr'>ritum</span> <span class='ocrx_word' id='word_1_358' title='bbox 1189 1888 1238 1912; x_wconf 86' lang='lat' dir='ltr'>ex</span> <span class='ocrx_word' id='word_1_359' title='bbox 1270 1874 1309 1912; x_wconf 88' lang='lat' dir='ltr'>h.</span> <span class='ocrx_word' id='word_1_360' title='bbox 1337 1874 1363 1912; x_wconf 90' lang='lat' dir='ltr'>l.</span> <span class='ocrx_word' id='word_1_361' title='bbox 1406 1874 1577 1912; x_wconf 86' lang='lat' dir='ltr'>tenebis:</span> <span class='ocrx_word' id='word_1_362' title='bbox 1609 1880 1669 1911; x_wconf 87' lang='lat' dir='ltr'>est</span> 
     </span>
     <span class='ocr_line' id='line_1_54' title="bbox 938 1931 1669 1971; baseline -0.003 0"><span class='ocrx_word' id='word_1_363' title='bbox 938 1933 1044 1971; x_wconf 87' lang='lat' dir='ltr'>enim</span> <span class='ocrx_word' id='word_1_364' title='bbox 1072 1933 1256 1970; x_wconf 82' lang='lat' dir='ltr'>classicus</span> <span class='ocrx_word' id='word_1_365' title='bbox 1285 1933 1327 1970; x_wconf 88' lang='lat' dir='ltr'>in</span> <span class='ocrx_word' id='word_1_366' title='bbox 1355 1931 1432 1969; x_wconf 85' lang='lat' dir='ltr'>hoc</span> <span class='ocrx_word' id='word_1_367' title='bbox 1460 1945 1669 1971; x_wconf 86' lang='lat' dir='ltr'>sacrorum</span> 
     </span>
     <span class='ocr_line' id='line_1_55' title="bbox 939 1990 1669 2038; baseline -0.003 -9"><span class='ocrx_word' id='word_1_368' title='bbox 939 2003 1062 2029; x_wconf 86' lang='lat' dir='ltr'>more.</span> <span class='ocrx_word' id='word_1_369' title='bbox 1123 1992 1323 2038; x_wconf 73' lang='lat' dir='ltr'>I&#39;orn&#39;eit,</span> <span class='ocrx_word' id='word_1_370' title='bbox 1373 1990 1548 2028; x_wconf 82' lang='lat' dir='ltr'>vidimus</span> <span class='ocrx_word' id='word_1_371' title='bbox 1589 1990 1669 2028; x_wconf 86' lang='lat' dir='ltr'>iam</span> 
     </span>
     <span class='ocr_line' id='line_1_56' title="bbox 939 2048 1670 2100; baseline -0.001 -14"><span class='ocrx_word' id='word_1_372' title='bbox 939 2063 1026 2100; x_wconf 89' lang='lat' dir='ltr'>sup.</span> <span class='ocrx_word' id='word_1_373' title='bbox 1061 2062 1100 2086; x_wconf 92' lang='lat' dir='ltr'>v.</span> <span class='ocrx_word' id='word_1_374' title='bbox 1131 2051 1228 2096; x_wconf 80' lang='lat'>238,</span> <span class='ocrx_word' id='word_1_375' title='bbox 1261 2061 1281 2085; x_wconf 90' lang='lat' dir='ltr'>e</span> <span class='ocrx_word' id='word_1_376' title='bbox 1319 2048 1504 2086; x_wconf 81' lang='lat' dir='ltr'>Cloanthi</span> <span class='ocrx_word' id='word_1_377' title='bbox 1547 2049 1670 2086; x_wconf 87' lang='lat' dir='ltr'>votis:</span> 
     </span>
     <span class='ocr_line' id='line_1_57' title="bbox 939 2107 1669 2158; baseline -0.001 -14"><span class='ocrx_word' id='word_1_378' title='bbox 939 2108 1127 2158; x_wconf 73' lang='lat' dir='ltr'>Extaque</span> <span class='ocrx_word' id='word_1_379' title='bbox 1143 2107 1272 2143; x_wconf 68' lang='lat' dir='ltr'>salsos</span> <span class='ocrx_word' id='word_1_380' title='bbox 1285 2107 1508 2156; x_wconf 77' lang='lat' dir='ltr'>porriciam</span> <span class='ocrx_word' id='word_1_381' title='bbox 1525 2108 1669 2156; x_wconf 66' lang='lat' dir='ltr'>influ-</span> 
     </span>
     <span class='ocr_line' id='line_1_58' title="bbox 939 2164 1669 2216; baseline 0 -14"><span class='ocrx_word' id='word_1_382' title='bbox 939 2173 1025 2202; x_wconf 79' lang='lat' dir='ltr'>ctus</span> <span class='ocrx_word' id='word_1_383' title='bbox 1050 2194 1060 2212; x_wconf 86' lang='lat'>‚</span> <span class='ocrx_word' id='word_1_384' title='bbox 1112 2164 1253 2202; x_wconf 83' lang='lat' dir='ltr'>vocab.</span> <span class='ocrx_word' id='word_1_385' title='bbox 1285 2177 1443 2201; x_wconf 87' lang='lat' dir='ltr'>sacrum</span> <span class='ocrx_word' id='word_1_386' title='bbox 1484 2178 1530 2202; x_wconf 85' lang='lat' dir='ltr'>ac</span> <span class='ocrx_word' id='word_1_387' title='bbox 1569 2177 1669 2216; x_wconf 84' lang='lat' dir='ltr'>pro-</span> 
     </span>
     <span class='ocr_line' id='line_1_59' title="bbox 939 2235 1085 2274; baseline -0.007 -14"><span class='ocrx_word' id='word_1_388' title='bbox 939 2235 1085 2274; x_wconf 79' lang='lat' dir='ltr'>prium.</span> 
     </span>
    </p>
   </div>
   <div class='ocr_carea' id='block_1_19' title="bbox 944 2335 1677 2952">
    <p class='ocr_par' dir='ltr' id='par_1_19' title="bbox 944 2335 1677 2952">
     <span class='ocr_line' id='line_1_60' title="bbox 1001 2335 1672 2386; baseline 0.003 -14"><span class='ocrx_word' id='word_1_389' title='bbox 1001 2339 1084 2378; x_wconf 84' lang='lat'>779</span> <span class='ocrx_word' id='word_1_390' title='bbox 1116 2350 1199 2386; x_wconf 86' lang='lat' dir='ltr'>sqq.</span> <span class='ocrx_word' id='word_1_391' title='bbox 1250 2335 1372 2383; x_wconf 81' lang='lat' dir='ltr'>Quod</span> <span class='ocrx_word' id='word_1_392' title='bbox 1407 2336 1445 2373; x_wconf 89' lang='lat' dir='ltr'>in</span> <span class='ocrx_word' id='word_1_393' title='bbox 1480 2336 1672 2374; x_wconf 80' lang='lat' dir='ltr'>historica</span> 
     </span>
     <span class='ocr_line' id='line_1_61' title="bbox 945 2393 1673 2445; baseline 0 -13"><span class='ocrx_word' id='word_1_394' title='bbox 945 2394 1176 2432; x_wconf 81' lang='lat' dir='ltr'>narratione</span> <span class='ocrx_word' id='word_1_395' title='bbox 1202 2393 1432 2445; x_wconf 77' lang='lat' dir='ltr'>simpliciter</span> <span class='ocrx_word' id='word_1_396' title='bbox 1462 2395 1673 2432; x_wconf 76' lang='lat' dir='ltr'>extuleris:</span> 
     </span>
     <span class='ocr_line' id='line_1_62' title="bbox 945 2452 1671 2490; baseline -0.001 0"><span class='ocrx_word' id='word_1_397' title='bbox 945 2452 1121 2490; x_wconf 87' lang='lat' dir='ltr'>secundo</span> <span class='ocrx_word' id='word_1_398' title='bbox 1150 2458 1271 2490; x_wconf 82' lang='lat' dir='ltr'>vento</span> <span class='ocrx_word' id='word_1_399' title='bbox 1303 2452 1447 2489; x_wconf 83' lang='lat' dir='ltr'>Cumas</span> <span class='ocrx_word' id='word_1_400' title='bbox 1482 2452 1671 2490; x_wconf 89' lang='lat' dir='ltr'>deserun-</span> 
     </span>
     <span class='ocr_line' id='line_1_63' title="bbox 945 2509 1674 2561; baseline -0.001 -14"><span class='ocrx_word' id='word_1_401' title='bbox 945 2516 1014 2548; x_wconf 88' lang='lat' dir='ltr'>tur</span> <span class='ocrx_word' id='word_1_402' title='bbox 1035 2509 1214 2547; x_wconf 86' lang='lat' dir='ltr'>Troiani:</span> <span class='ocrx_word' id='word_1_403' title='bbox 1244 2509 1286 2546; x_wconf 85' lang='lat' dir='ltr'>id</span> <span class='ocrx_word' id='word_1_404' title='bbox 1309 2523 1416 2547; x_wconf 90' lang='lat' dir='ltr'>nunc</span> <span class='ocrx_word' id='word_1_405' title='bbox 1440 2518 1557 2561; x_wconf 85' lang='lat' dir='ltr'>poeta</span> <span class='ocrx_word' id='word_1_406' title='bbox 1580 2510 1674 2547; x_wconf 84' lang='lat' dir='ltr'>inde</span> 
     </span>
     <span class='ocr_line' id='line_1_64' title="bbox 946 2567 1674 2606; baseline 0.001 -2"><span class='ocrx_word' id='word_1_407' title='bbox 946 2567 998 2604; x_wconf 87' lang='lat' dir='ltr'>ad</span> <span class='ocrx_word' id='word_1_408' title='bbox 1017 2568 1041 2604; x_wconf 89' lang='lat' dir='ltr'>s.</span> <span class='ocrx_word' id='word_1_409' title='bbox 1073 2567 1163 2604; x_wconf 84' lang='lat' dir='ltr'>libri</span> <span class='ocrx_word' id='word_1_410' title='bbox 1195 2573 1312 2603; x_wconf 80' lang='lat' dir='ltr'>ornat</span> <span class='ocrx_word' id='word_1_411' title='bbox 1345 2568 1513 2604; x_wconf 86' lang='lat' dir='ltr'>deorum</span> <span class='ocrx_word' id='word_1_412' title='bbox 1542 2568 1674 2606; x_wconf 86' lang='lat' dir='ltr'>inter—</span> 
     </span>
     <span class='ocr_line' id='line_1_65' title="bbox 946 2624 1674 2676; baseline 0.001 -14"><span class='ocrx_word' id='word_1_413' title='bbox 946 2624 1132 2662; x_wconf 79' lang='lat' dir='ltr'>ventibus</span> <span class='ocrx_word' id='word_1_414' title='bbox 1186 2638 1231 2660; x_wconf 84' lang='lat' dir='ltr'>ae</span> <span class='ocrx_word' id='word_1_415' title='bbox 1278 2624 1471 2674; x_wconf 80' lang='lat' dir='ltr'>consiliis3</span> <span class='ocrx_word' id='word_1_416' title='bbox 1531 2626 1674 2676; x_wconf 87' lang='lat' dir='ltr'>quibus</span> 
     </span>
     <span class='ocr_line' id='line_1_66' title="bbox 948 2680 1675 2732; baseline 0.004 -14"><span class='ocrx_word' id='word_1_417' title='bbox 948 2688 1103 2732; x_wconf 86' lang='lat' dir='ltr'>tempus</span> <span class='ocrx_word' id='word_1_418' title='bbox 1142 2680 1219 2718; x_wconf 80' lang='lat' dir='ltr'>hoc</span> <span class='ocrx_word' id='word_1_419' title='bbox 1253 2688 1364 2719; x_wconf 86' lang='lat' dir='ltr'>tanto</span> <span class='ocrx_word' id='word_1_420' title='bbox 1400 2682 1521 2732; x_wconf 74' lang='lat' dir='ltr'>magis</span> <span class='ocrx_word' id='word_1_421' title='bbox 1566 2696 1675 2721; x_wconf 89' lang='lat' dir='ltr'>nunc</span> 
     </span>
     <span class='ocr_line' id='line_1_67' title="bbox 944 2738 1675 2788; baseline 0.004 -12"><span class='ocrx_word' id='word_1_422' title='bbox 944 2738 1168 2788; x_wconf 76' lang='lat' dir='ltr'>indigebat,</span> <span class='ocrx_word' id='word_1_423' title='bbox 1191 2752 1270 2788; x_wconf 91' lang='lat' dir='ltr'>quo</span> <span class='ocrx_word' id='word_1_424' title='bbox 1288 2740 1418 2777; x_wconf 84' lang='lat' dir='ltr'>minus</span> <span class='ocrx_word' id='word_1_425' title='bbox 1441 2742 1534 2778; x_wconf 87' lang='lat' dir='ltr'>alias</span> <span class='ocrx_word' id='word_1_426' title='bbox 1554 2742 1675 2779; x_wconf 88' lang='lat' dir='ltr'>intel-</span> 
     </span>
     <span class='ocr_line' id='line_1_68' title="bbox 945 2796 1676 2846; baseline 0.005 -14"><span class='ocrx_word' id='word_1_427' title='bbox 945 2796 1011 2846; x_wconf 80' lang='lat' dir='ltr'>ligi</span> <span class='ocrx_word' id='word_1_428' title='bbox 1042 2796 1255 2846; x_wconf 82' lang='lat' dir='ltr'>potuisset,</span> <span class='ocrx_word' id='word_1_429' title='bbox 1288 2811 1359 2835; x_wconf 86' lang='lat' dir='ltr'>cur</span> <span class='ocrx_word' id='word_1_430' title='bbox 1391 2799 1491 2837; x_wconf 91' lang='lat' dir='ltr'>Iuno</span> <span class='ocrx_word' id='word_1_431' title='bbox 1525 2800 1676 2838; x_wconf 82' lang='lat' dir='ltr'>nullam</span> 
     </span>
     <span class='ocr_line' id='line_1_69' title="bbox 947 2857 1677 2896; baseline 0.004 -6"><span class='ocrx_word' id='word_1_432' title='bbox 947 2867 1095 2891; x_wconf 84' lang='lat' dir='ltr'>novam</span> <span class='ocrx_word' id='word_1_433' title='bbox 1117 2868 1224 2891; x_wconf 77' lang='lat' dir='ltr'>nunc</span> <span class='ocrx_word' id='word_1_434' title='bbox 1250 2869 1404 2894; x_wconf 81' lang='lat' dir='ltr'>moram</span> <span class='ocrx_word' id='word_1_435' title='bbox 1434 2858 1605 2896; x_wconf 88' lang='lat' dir='ltr'>accessui</span> <span class='ocrx_word' id='word_1_436' title='bbox 1635 2857 1677 2894; x_wconf 89' lang='lat' dir='ltr'>in</span> 
     </span>
     <span class='ocr_line' id='line_1_70' title="bbox 948 2910 1313 2952; baseline 0.014 -5"><span class='ocrx_word' id='word_1_437' title='bbox 948 2910 1101 2949; x_wconf 84' lang='lat' dir='ltr'>Italiam</span> <span class='ocrx_word' id='word_1_438' title='bbox 1121 2912 1313 2952; x_wconf 83' lang='lat' dir='ltr'>iniecerit.</span> 
     </span>
    </p>
   </div>
  </div>
 </body>
</html>
