1811 3388
405 224 815 273 AENEIDOS
854 228 993 277 LIB.
1029 230 1120 288 ΙΙΙ,
1157 236 1452 288 683-687
1575 245 1672 293 547

170 345 304 394 Ecce
333 354 510 395 autem
531 349 727 398 Boreas
747 360 962 415 angusta
988 353 1051 402 ab
1074 355 1202 405 sede
1225 358 1400 409 Pelori
1572 373 1671 419 687

167 461 272 500 adae,
299 462 407 495 ventis
430 463 481 495 usi
502 465 682 507 secundis,
704 473 799 500 retro
819 468 981 513 navigare
1008 470 1184 506 noluerint
1204 474 1248 507 ad
1282 476 1462 512 evitandos
1488 480 1669 525 Cyclopas.

166 508 297 540 Horum
320 520 384 552 ego
413 510 597 543 verborum
628 519 686 545 aut
711 515 919 548 sententiam
947 528 1019 550 non
1049 530 1234 564 assequor,
1269 529 1328 555 aut
1354 536 1422 557 non
1451 527 1669 571 adtenderat,

166 560 273 597 puto,
309 555 362 587 vir
393 557 665 597 eruditissimus,
708 560 813 593 etiam
847 574 982 596 versum
1016 566 1095 599 686.
1132 570 1299 602 asterisco
1329 578 1486 605 notatum
1517 585 1594 607 esse
1624 577 1667 609 ab

166 601 316 644 Heynio.
365 603 416 635 M
432 615 495 647 pro
516 617 562 636 ne
584 606 734 648 positum
767 620 863 649 esse,
899 621 1002 654 quum
1036 613 1076 643 ni
1105 615 1246 657 proprie
1275 615 1309 648 h.
1336 617 1360 650 l.
1395 619 1529 652 dicatur
1555 633 1667 666 neque

165 658 305 690 usquam
324 648 494 692 Virgilius
513 653 554 683 ni
570 651 619 684 ita
645 655 879 698 usurpaverit,
906 664 1034 700 negant
1051 660 1211 693 Moebius
1232 668 1266 694 et
1284 663 1443 705 lahnius3
1468 673 1564 700 recte
1594 669 1666 701 uti-

165 705 250 737 que,
277 694 305 726 si
330 703 445 727 essent
464 697 605 740 Virgilii
622 698 657 730 hi
678 712 806 734 versus.
858 703 950 735 Idem
967 705 1136 747 Moebius,
1162 716 1331 742 commate
1350 718 1432 755 post
1454 713 1520 746 leci
1536 715 1665 758 posito,

164 752 242 772 ess-e
260 741 491 785 supplendum
511 744 654 787 scribit,
679 759 718 779 ac
738 748 943 781 discrimine
959 763 1096 796 parvo,
1127 754 1219 797 quod
1243 755 1289 787 sit
1319 757 1341 789 i.
1370 771 1403 802 q.
1433 771 1533 793 cursu
1560 763 1664 796 maris

163 785 257 819 inter
272 788 423 832 Scyllam
447 796 550 834 atque
567 791 778 836 Charybdim
798 806 841 827 ne
862 808 970 840 parvo
993 798 1131 841 quidem
1152 799 1368 843 discrimine,
1403 805 1438 838 h.
1467 818 1495 839 e.
1522 807 1577 840 vix
1605 816 1664 842 aut

163 833 303 866 omuino
323 847 411 875 non,
438 837 583 878 relicto,
609 839 653 870 ad
672 841 713 872 ni
731 849 881 873 teneant
909 843 1127 878 trahendum.
1175 850 1221 880 At
1245 850 1393 894 primum
1425 864 1493 885 non
1519 854 1662 889 ferenda

164 887 216 912 est
239 880 325 913 haec
344 882 476 925 ellipsis
507 883 668 917 infinitivi
693 899 790 926 esse3
827 900 939 932 neque
967 890 1057 923 enim
1088 904 1153 936 pro
1178 896 1239 927 via
1266 905 1341 937 est,
1373 898 1439 931 uisi
1466 899 1662 935 adiunctum

161 926 266 959 fuerit
285 928 491 962 adieetivum
513 937 572 963 aut
591 932 830 977 participium,
863 935 946 968 licet
975 939 1102 971 omisso
1136 941 1242 974 verbo
1270 943 1403 977 dicere:
1441 948 1510 979 via.
1561 949 1661 990 Tum,

162 972 190 1004 si
232 973 506 1008 discrimine
546 990 691 1022 parvo
734 982 965 1015 tenendus
1010 992 1111 1017 erat
1150 999 1331 1031 cursus,
1376 999 1435 1024 aut
1466 993 1535 1026 hoc
1574 995 1660 1028 dicit

160 1026 285 1063 poeta:
312 1022 469 1065 exiguum
488 1023 712 1058 intervallum
732 1026 825 1059 inter
843 1028 939 1071 ipsos
962 1037 998 1062 et
1019 1032 1168 1076 Scyllam
1192 1034 1470 1082 Charybdimque
1495 1052 1571 1073 esse
1598 1054 1659 1074 re-

158 1065 402 1110 linquendur'n3
429 1070 522 1113 quod
545 1071 729 1104 absurdum
750 1079 803 1105 est
824 1083 1066 1121 praeceptum5
1099 1086 1177 1112 aut:
1203 1091 1449 1127 perangustam
1471 1098 1546 1119 esse
1567 1087 1659 1121 inter

158 1113 308 1156 Scyllam
333 1123 366 1147 et
387 1115 597 1159 Charybdim
615 1119 716 1159 viam,
741 1131 807 1163 qua
824 1122 1052 1164 navigandum
1073 1125 1116 1158 sit
1132 1129 1325 1170 Aeneadis3
1350 1137 1386 1163 at
1409 1133 1550 1166 omnino
1577 1147 1658 1167 cur-

159 1171 230 1191 sum
254 1160 334 1193 illuc
356 1161 488 1194 intendi
507 1171 663 1198 vetuerat
684 1166 846 1199 Helenus.
896 1170 971 1202 Hoc
990 1182 1091 1214 quum
1112 1173 1248 1207 Iahnius
1279 1177 1391 1220 probe
1416 1178 1656 1223 intellexisset,

158 1218 229 1238 rem
254 1213 367 1240 tamen
390 1209 527 1242 minime
558 1212 701 1254 expedit
730 1213 973 1258 interpretatio
1003 1218 1045 1250 ab
1073 1218 1150 1262 ipso
1179 1223 1382 1266 proposita:
1415 1227 1552 1265 „Metus
1582 1228 1656 1272 agit

158 1264 372 1298 quocumque
394 1256 558 1288 rudentes
579 1265 739 1291 excutere
761 1268 793 1292 et
814 1262 925 1294 ventis
944 1265 1102 1296 secundis
1116 1291 1124 1303 ,
1151 1266 1208 1310 qui
1234 1280 1296 1300 nos
1314 1281 1403 1303 nunc
1422 1284 1539 1305 versus
1561 1274 1654 1307 Cha-

157 1300 296 1343 rybdim
316 1308 351 1332 et
382 1302 530 1346 Scyllam
560 1305 738 1345 serebant,
774 1307 1027 1353 obtemperare.
1077 1313 1203 1345 Contra
1232 1315 1358 1349 Heleni
1383 1317 1474 1351 iussa
1501 1330 1654 1363 monent,

156 1345 245 1378 viam
263 1347 697 1395 inter—per——Scyllam
716 1360 749 1384 et
765 1354 976 1398 Charybdim
999 1364 1179 1403 utramque
1202 1380 1244 1385 —
1265 1361 1288 1394 i.
1320 1375 1349 1396 e.
1377 1364 1450 1397 sive
1479 1366 1567 1399 viam
1590 1380 1653 1412 per

155 1392 324 1435 Scyllam,
349 1394 420 1427 sive
441 1408 504 1440 per
524 1397 734 1442 Charybdim
769 1401 914 1443 elegeris
936 1423 978 1428 -—-
999 1416 1107 1447 parvo
1137 1406 1334 1441 discrimine
1365 1422 1441 1443 esse
1468 1412 1554 1445 viam
1576 1414 1651 1456 leti,

154 1439 221 1470 nisi
244 1440 277 1471 in
298 1447 455 1484 tempore
476 1455 592 1476 cursus
623 1452 771 1478 teneant.
821 1448 910 1481 Hinc
944 1457 1073 1483 certum
1106 1458 1159 1484 est
1172 1456 1191 1470 “
1225 1461 1290 1487 etc.
1324 1457 1465 1490 &Valtefi
1498 1459 1520 1491 l.
1549 1460 1572 1492 l.
1602 1460 1651 1494 ita

153 1484 240 1528 legit
263 1486 514 1532 distinguitque
538 1490 600 1522 lios
620 1504 755 1524 versus:
783 1493 909 1527 Contra
936 1496 1029 1529 iussa
1047 1507 1186 1532 monent
1209 1501 1352 1541 Heleni,
1379 1504 1526 1547 Scyllam
1546 1513 1650 1551 atque

152 1532 384 1576 Charybdim,
427 1537 519 1567 Inter
549 1543 747 1582 utramque,
792 1541 903 1582 viam,
946 1542 1008 1576 leti
1036 1544 1232 1578 discrimine
1264 1559 1393 1591 parvo,
1426 1552 1473 1583 Ni
1501 1561 1651 1586 teneant

151 1579 299 1618 carsii&
327 1588 456 1613 certum
479 1590 529 1614 est
549 1592 614 1616 cet.
639 1585 686 1625 ,‚i.
711 1597 757 1625 e.‚
783 1585 912 1630 inquit:
936 1601 979 1621 ne
995 1597 1138 1623 teneant
1162 1592 1251 1625 viam
1272 1597 1390 1628 cursus
1409 1596 1498 1630 inter
1516 1606 1649 1632 utram-

151 1636 239 1668 que,
265 1626 413 1670 Scyl-lam
436 1628 555 1672 utique
583 1637 617 1662 et
638 1631 895 1675 Charybdim.“
929 1655 974 1660 -
1024 1639 1071 1669 Ut
1097 1638 1207 1670 (licam
1225 1649 1365 1683 aperte,
1400 1645 1492 1687 quod
1513 1646 1647 1679 sentio:

150 1683 249 1703 nemo
272 1673 430 1716 profecto
444 1701 452 1713 ,
477 1675 504 1707 si
526 1676 600 1720 quis
621 1678 797 1711 recentior
815 1688 917 1724 poeta
937 1681 1106 1716 eiusmodi
1125 1686 1312 1719 versiculos
1333 1689 1545 1731 excudisset,
1572 1705 1646 1726 enm

149 1729 217 1749 non
239 1718 373 1752 diceret
391 1721 663 1755 inficetissimum
684 1737 758 1757 esse
775 1726 947 1760 homiuem
967 1730 1132 1774 fuscaque
1150 1744 1167 1764 a
1187 1733 1292 1766 Musis
1324 1747 1363 1767 ex
1391 1737 1558 1770 Helicone
1584 1752 1646 1771 ex-

147 1764 366 1808 pellendum3
393 1780 498 1807 nunc,
526 1782 627 1813 quum
651 1771 684 1803 in
704 1774 848 1805 vetustis
871 1775 1054 1808 admodum
1077 1777 1206 1811 chartis
1225 1779 1315 1812 inter
1337 1782 1477 1826 Virgilii
1497 1786 1645 1819 carmina

147 1811 328 1853 leguntur,
363 1826 493 1846 summo
522 1823 628 1860 poeta
655 1817 747 1850 haud
778 1819 939 1863 indignos
969 1825 1210 1857 censi-nimus?
1259 1829 1313 1860 Ne
1342 1828 1449 1872 igitur
1477 1833 1646 1874 patiamur

147 1857 277 1890 diutius
297 1860 402 1892 verba
425 1861 524 1894 nobis
544 1863 617 1895 dari
636 1864 678 1896 ab
711 1864 841 1899 insulso
870 1868 986 1900 nescio
1015 1882 1083 1913 quo
1113 1871 1270 1905 bomine!
1319 1878 1367 1908 Ac
1394 1877 1539 1919 primum
1565 1879 1645 1911 ine-

146 1911 241 1946 ptum
263 1912 356 1946 erat,
382 1915 571 1951 praecepta
589 1910 734 1951 Heleni,
760 1912 826 1944 iam
849 1925 952 1957 supra
972 1928 1019 1948 VS.
1041 1918 1118 1951 558.
1146 1919 1330 1952 observata
1345 1934 1364 1954 a
1382 1923 1563 1965 Troianis,
1588 1925 1644 1959 hic

144 1950 268 1983 iterum
299 1960 479 1997 repetere,
515 1962 619 1999 atque
650 1958 853 2002 explicatius
885 1961 987 1993 etiam
1021 1974 1213 2007 exponere,
1255 1978 1353 2009 quam
1385 1970 1427 2002 ab
1456 1971 1534 2013 ipso
1563 1972 1643 2006 data

142 1997 298 2039 fuerant,
343 2005 419 2039 aut,
457 2001 485 2032 si
516 2014 617 2035 sanus
647 2012 759 2044 esset,
794 2006 869 2038 (lari
893 2014 1092 2051 potuerant.
1140 2012 1229 2044 Tum
1258 2013 1318 2045 illa
1345 2015 1411 2047 leti
1438 2018 1643 2051 discrimine

138 2055 278 2088 parvo,
303 2047 624 2093 quomodocumque
646 2056 681 2082 te
704 2053 868 2093 torseris,
894 2066 1075 2098 numquam
1098 2062 1134 2088 ut
1154 2058 1374 2093 tolerabilem
1392 2062 1540 2096 fundant
1558 2077 1641 2097 sen—

142 2089 285 2122 tentiam
310 2092 461 2132 eflicies3
487 2101 567 2126 sunt
588 2102 701 2128 autem
723 2097 808 2130 haec
829 2111 869 2131 ex
888 2103 972 2132 Aen.
993 2103 1040 2142 X,
1062 2103 1140 2137 511.
1174 2105 1253 2137 coll.
1282 2106 1343 2147 IX,
1376 2108 1453 2142 143.
1480 2111 1638 2143 conficta.

141 2135 345 2177 Praeterea,
371 2145 407 2170 ut
425 2146 557 2172 taceam
580 2142 748 2186 reliquam
772 2145 894 2178 horum
915 2147 1098 2180 verborum
1127 2156 1332 2184 structuram
1359 2153 1464 2197 louge
1489 2156 1640 2200 impedi-

142 2180 303 2214 tissimam
318 2209 325 2223 ,
350 2196 454 2228 saepe
475 2186 576 2219 etiam
596 2189 747 2232 repetita
765 2186 810 2222 'ex
828 2187 929 2234 ἅπαξ
949 2192 1159 2236 λεγομένοις
1180 2196 1306 2230 indicia
1324 2200 1481 2240 νοθείας
1509 2202 1639 2236 habent

141 2227 271 2272 aliquid
292 2231 477 2274 pon(leris;
505 2245 604 2276 quum
627 2242 742 2269 autern
759 2238 882 2270 crebro
901 2241 992 2284 apud
1012 2241 1195 2284 Virgilium
1222 2243 1357 2287 'regatur
1386 2248 1465 2280 vela
1487 2249 1577 2282 dare
1606 2258 1638 2282 et

140 2273 289 2316 similia,
315 2288 480 2321 nusquam
498 2287 638 2322 praeter
660 2281 693 2314 h.
714 2282 735 2314 l.
759 2284 874 2316 lintea
893 2286 1000 2324 dare,
1025 2288 1134 2329 proba
1157 2291 1359 2334 ceteroquin
1379 2292 1522 2334 locutio,
1546 2297 1637 2340 apud

140 2322 284 2353 eundem
306 2322 498 2364 invenitur3
533 2326 576 2358 cl‘.
597 2326 700 2360 etiam
722 2330 763 2361 V.
783 2330 822 2362 L.
843 2331 886 2363 ad
907 2344 954 2364 VS.
977 2334 1056 2367 690.
1108 2338 1202 2375 Quae
1231 2348 1333 2380 quum
1364 2337 1409 2371 ita
1439 2341 1530 2382 sint,
1564 2342 1637 2375 iure

138 2367 221 2399 mihi
242 2368 362 2401 videor
382 2382 485 2414 posse
513 2374 742 2411 contendere.
777 2388 852 2409 esse
881 2377 914 2410 h.
938 2378 962 2410 l.
988 2381 1154 2423 quaedam
1175 2382 1308 2416 adiecta
1339 2385 1382 2416 ab
1403 2386 1541 2431 aliquo,
1567 2389 1636 2433 qui,

138 2425 238 2457 quum
259 2415 401 2449 vidisset
420 2418 593 2452 Troianos
619 2432 666 2452 VS.
685 2422 763 2457 682.
793 2435 1072 2470 quocumque
1101 2435 1261 2461 excutere
1284 2431 1466 2471 rudentes,
1492 2446 1541 2467 vs.
1570 2447 1636 2468 au-

135 2507 306 2546 debuere
359 2524 496 2550 versus
546 2513 776 2566 Charybdin
818 2524 855 2554 et
911 2520 995 2556 lam,
1030 2530 1148 2572 alque
1182 2523 1438 2574 (Jhmjabdm,
1479 2538 1633 2567 utram-

133 2566 306 2616 Seyllam
347 2566 403 2619 (in
439 2584 517 2620 quo
560 2578 674 2621 poeta
714 2587 852 2612 versus
911 2591 986 2627 qne
1018 2581 1126 2616 vium
1156 2581 1226 2617 leli
1255 2583 1481 2622 discrimine
1503 2601 1632 2636 ρανιό

133 2621 293 2662 Homer.
327 2626 468 2676 Odyss.
489 2644 529 2677 μ,
553 2629 635 2669 426
660 2644 742 2681 sqq.
762 2638 852 2669 ante
911 2633 999 2685 (per
1016 2636 1322 2688 appositionem5
1364 2647 1552 2693 utraque,
1593 2651 1633 2683 et

133 2680 267 2717 oculos
293 2681 473 2735 habuit),
515 2683 677 2736 (habere
708 2690 852 2739 potuit.
911 2692 1042 2743 Scylla
1080 2700 1121 2731 et
1159 2694 1403 2747 Charybdis,
1446 2707 1530 2738 erat
1554 2702 1630 2739 iter

135 2736 252 2788 lVr.)
294 2740 437 2778 Conlrcz
462 2743 606 2779 Heleni
619 2747 728 2782 iussa
747 2745 852 2798 (mo-
905 2750 1191 2800 periculosum,
1238 2754 1269 2790 si
1301 2767 1371 2805 per
1397 2769 1482 2795 eam
1514 2759 1630 2796 navi-

132 2800 273 2830 nuerat
297 2795 350 2844 is,
382 2811 430 2834 ne
455 2812 524 2849 per
556 2801 702 2839 fretum
735 2804 850 2842 navi-
905 2807 1011 2856 gatio
1026 2807 1181 2861 fieret);
1212 2811 1380 2860 Tamen,
1411 2827 1503 2852 cum
1530 2829 1628 2854 ven-

129 2849 283 2902 garent)
318 2865 494 2903 monem,
543 2860 588 2894 ni
628 2857 682 2902 (h.
719 2874 750 2898 e.
782 2860 846 2914 ne)
905 2870 971 2901 tus
994 2878 1131 2904 versus
1154 2866 1223 2903 has
1244 2875 1378 2918 partes
1401 2871 1543 2921 seri-et,
1575 2886 1626 2910 sc.

129 2913 284 2943 teneant
296 2906 448 2962 (naves)
461 2919 848 2957 cnr-‹mminlerSi-i‘l—
908 2922 956 2956 ab
989 2924 1151 2960 australi
1181 2924 1291 2975 plaga
1320 2927 1500 2977 spirans,
1542 2944 1625 2966 cer-

1236 2992 1351 3036 35*
