1779 3420
99 203 198 249 438
440 196 1034 245 EXCURSUS
1108 195 1278 243 XVII

99 327 166 367 hic
196 328 311 366 etiam
350 328 391 364 in
423 324 640 364 Plutarcho
675 321 855 378 Ἀγχίσου
894 320 938 364 τό
972 319 1095 375 ῥάκος
1125 323 1258 361 minus
1287 323 1386 360 bene
1423 321 1464 360 in
1495 320 1608 370 ἕλκος

101 391 253 426 mutat:
284 398 376 423 nam
408 391 659 435 opponuntur
686 384 944 428 vestimenta,
978 395 1081 432 quae
1112 389 1296 419 aromata
1326 380 1534 428 exhalant,
1569 386 1609 417 et

101 443 296 483 Anchisae
325 444 599 481 vestimentum
629 448 769 477 tetrum
798 437 955 476 odorem
984 438 1196 477 exhalans.
1261 439 1409 477 Verum
1445 438 1539 475 satis
1561 437 1610 475 de

101 501 180 540 hoc
208 502 321 549 loeo,
356 500 468 538 cuius
497 497 802 536 illustrationem
834 509 855 532 a
887 495 1124 533 doctissimis
1153 496 1374 534 editoribus
1404 494 1610 546 Sophoclis

103 566 142 597 et
170 557 376 597 Plutarchi
414 555 628 607 aliquando
660 559 924 605 expectamus.
982 553 1099 591 Nunc
1128 554 1377 605 potissimum
1415 553 1517 591 illud
1548 559 1610 591 te-

104 616 304 665 nendum,
335 629 426 653 cum
458 612 651 652 Anchisae
681 624 891 663 personam
922 611 1084 648 omnino
1113 617 1234 662 poeta
1263 611 1412 662 egregie
1433 616 1610 659 tueatur,

105 675 251 727 quippe
283 673 347 711 cui
377 684 531 722 semper
561 670 630 708 det
659 675 793 721 partes
823 667 1016 716 iubentis,
1056 669 1356 719 praecipientis,
1399 668 1611 716 monentis,

106 732 216 784 quod
246 731 297 769 ad
326 735 539 782 parentum
579 742 625 765 ae
662 740 801 764 senum
842 726 1090 777 temporibus
1129 726 1301 764 heroicis
1330 725 1613 763 auctoritatem

106 803 154 828 ac
182 788 433 827 sanctitatem
462 786 663 838 praeclare
694 791 753 822 est
784 789 1081 835 comparatum,
1111 783 1296 836 inprimis
1326 789 1461 822 tamen
1492 783 1526 820 ei
1551 783 1615 820 di-

105 846 275 887 vinandi
306 851 346 883 et
376 858 466 882 cum
498 843 685 895 auguria,
728 842 861 880 omina
892 855 938 879 ac
967 841 1137 891 somnia,
1177 848 1265 880 tum
1298 842 1456 879 oracula
1486 841 1616 878 inter-

106 903 287 958 pretandi
320 902 550 941 facultatem
578 900 703 938 tribui
734 914 755 937 a
785 900 971 951 Virgilio,
1002 905 1050 937 ut
1069 899 1135 938 lib.
1167 900 1213 949 Il,
1244 901 1327 941 687
1358 912 1441 950 sqq.
1482 899 1548 947 ΙΙΙ,
1576 900 1615 948 9,

108 965 204 1005 538.
232 960 315 1009 VII,
351 963 430 1001 122
461 973 532 1010 sq.‚
571 958 681 1010 quod
711 958 827 996 Ennii
869 971 951 995 non
982 957 1102 995 modo
1143 963 1182 994 et
1209 957 1347 996 Naevii
1378 957 1617 995 auctoritate

108 1020 220 1068 facit,
263 1017 331 1056 sed
372 1018 617 1055 Graecorum
654 1017 738 1054 fere
768 1015 1011 1067 scriptorum
1058 1029 1264 1055 consensu.
1321 1015 1439 1053 Ennii
1479 1027 1617 1053 versus

110 1083 219 1116 erat:
249 1078 382 1128 Atque
418 1075 614 1113 Anchises
645 1074 801 1120 cloetza’,
843 1075 888 1112 V
886 1087 982 1110 enus
1013 1088 1130 1124 quem
1156 1075 1298 1124 polcra
1328 1073 1494 1110 dearum
1518 1073 1620 1110 Fari

108 1135 298 1182 donavit,
341 1133 523 1170 divinum
556 1140 698 1183 pectus
728 1131 900 1169 hahere.-
943 1131 1097 1182 Fragm.
1129 1145 1166 1183 p.
1200 1135 1273 1179 11,
1314 1131 1384 1169 ubi
1423 1130 1619 1168 Columna

108 1193 242 1231 locum
274 1191 410 1229 Naevii
443 1190 639 1242 apposuit.
709 1190 886 1239 Uterque
915 1188 1088 1227 habetur
1126 1189 1168 1226 in
1198 1189 1328 1227 Probo
1360 1188 1412 1226 ad
1442 1188 1522 1226 Ecl.
1553 1187 1619 1235 Vl,

110 1257 149 1288 et
178 1250 221 1287 in
252 1248 470 1300 Pomponio
504 1247 555 1285 ad
584 1247 624 1285 h.
656 1247 681 1285 l.
715 1245 880 1300 (Naevio
907 1246 1008 1284 haec
1028 1259 1186 1297 quoque
1210 1247 1451 1285 tribuuntur
1481 1246 1529 1282 ab
1550 1245 1619 1282 ln—

109 1313 286 1359 terprete
317 1308 362 1344 A.
393 1306 486 1344 Maii
519 1305 569 1343 ad
600 1306 697 1343 Aen.
736 1305 785 1353 ΙΙ,
826 1307 935 1353 687.,
975 1305 1045 1342 ubi
1086 1304 1179 1343 vide
1219 1319 1402 1356 magnam
1440 1303 1621 1342 lectionis

111 1365 400 1404 diversitatem.
441 1362 552 1416 lqsr.)
615 1364 742 1400 Etiam
775 1362 990 1414 Sophocles
1020 1363 1060 1400 in
1092 1363 1317 1401 Laocoonte
1350 1361 1523 1400 Aeneam
1554 1361 1622 1398 in—

112 1423 288 1462 duxerat
317 1422 357 1460 in
388 1421 499 1459 Idam
532 1421 782 1459 secedentem
815 1419 1011 1458 Anchisae
1040 1420 1165 1472 patris
1204 1420 1337 1469 iussu,
1378 1420 1443 1471 qui
1476 1419 1624 1471 partim

113 1487 367 1533 acceptorum
399 1493 421 1516 a
454 1479 607 1518 Venere
639 1478 923 1516 mandatorum
963 1491 1116 1516 memor
1157 1476 1224 1531 (ex
1264 1478 1407 1529 quibus
1438 1477 1624 1529 Virgilius

113 1538 302 1577 mandata
332 1537 495 1575 Veneris
526 1536 680 1575 Aeneae
712 1536 805 1574 data
841 1536 1098 1573 adumbrasse
1136 1536 1299 1574 videtur
1329 1536 1376 1583 H,
1410 1538 1491 1577 619
1522 1534 1622 1587 sqq.)

112 1597 260 1649 partim
285 1595 522 1647 prodigium,
554 1595 663 1645 quod
694 1594 814 1631 modo
845 1594 886 1631 in
907 1594 1133 1631 Laocoonte
1165 1594 1327 1644 eiusque
1358 1593 1446 1631 filiis
1469 1592 1624 1630 accide—

112 1660 199 1702 rat,
231 1654 544 1704 interpretatus,
586 1653 697 1690 urbis
727 1652 932 1689 interitum
964 1651 1224 1702 praevidebat
1254 1651 1361 1702 apud
1392 1650 1626 1701 Dionysium

114 1711 143 1761 Ι,
175 1711 242 1751 48.
303 1709 466 1747 Veneris
509 1710 616 1747 iussu
648 1710 819 1747 Aeneam
851 1709 1015 1759 fugisse,
1048 1709 1168 1746 etiam
1199 1709 1305 1760 apud
1338 1709 1540 1746 Cononem
1560 1707 1625 1744 in-

113 1768 251 1808 venias
291 1768 450 1805 Narrat.
481 1767 548 1816 46,
589 1780 689 1817 quae
729 1774 769 1804 et
798 1773 1009 1804 monuerat
1049 1767 1189 1804 urbem
1230 1780 1275 1805 eo
1316 1766 1404 1804 loco
1444 1765 1626 1803 conden-

116 1826 229 1875 dam,
269 1826 338 1863 ubi
379 1825 522 1863 bovem
562 1825 634 1862 sibi
678 1825 880 1874 admugire
912 1824 1233 1875 deprehensurus
1260 1831 1382 1873 esset3
1422 1829 1462 1861 et
1494 1837 1515 1860 a
1546 1823 1626 1861 Ve-

117 1897 211 1922 nere
254 1888 457 1921 servatum
497 1882 668 1920 Aenean]
719 1896 809 1920 cum
855 1882 1046 1930 Anchise,
1097 1888 1237 1920 narrat
1279 1880 1502 1933 Tryphiod.
1546 1880 1627 1922 642

117 1955 208 1980 cum
248 1941 402 1989 Quinto
435 1941 549 1988 ΧῙΙΙ,
594 1943 689 1981 326.
748 1940 802 1978 At
832 1940 1032 1977 Mercurio
1072 1940 1172 1977 duce
1198 1940 1368 1978 discedit
1398 1938 1548 1976 Aeneas
1587 1939 1628 1975 in

116 1999 254 2038 tabula
285 1999 423 2048 Iliaca,
454 2005 493 2035 et
523 1998 563 2034 in
594 1998 776 2050 Inscript.
811 1998 982 2049 Reginae
1009 1997 1181 2037 Herodis
1211 2011 1248 2037 v.
1285 2000 1337 2039 23
1370 1998 1458 2035 loco
1489 2002 1628 2034 notato

118 2057 320 2109 Disquisit.
350 2057 395 2094 ΙΙ.
427 2070 456 2094 S.
487 2055 570 2093 VH.

234 2142 290 2178 De
326 2142 474 2179 Creusa
504 2142 687 2179 Excursu
719 2142 811 2179 X1V
842 2142 1001 2191 egimus.
1062 2141 1162 2189 Sed,
1194 2155 1312 2191 quam
1344 2140 1454 2179 varie
1487 2139 1629 2176 Aenei-

120 2200 179 2239 dis
221 2206 501 2250 argumentum
543 2213 563 2236 a
606 2199 731 2251 poetis
769 2206 989 2238 tractatum
1026 2199 1170 2247 suerit,
1221 2199 1337 2236 etiam
1382 2211 1432 2235 ex
1466 2198 1631 2247 coniuge

121 2258 274 2295 Aeneae
307 2258 400 2294 data
431 2263 608 2308 apparet.
672 2257 855 2294 leonen
877 2264 916 2294 et
939 2258 1214 2294 Anthemonm
1246 2256 1317 2308 ipsi
1348 2255 1390 2293 in
1421 2257 1631 2292 matrimo-

122 2317 187 2352 nio
217 2314 375 2352 habitas
406 2328 455 2351 ex
478 2315 601 2364 iisque
632 2314 732 2352 duas
764 2315 862 2352 filias
893 2322 1094 2366 susceptas
1122 2314 1162 2351 in
1185 2314 1356 2351 Arcadia
1386 2312 1544 2351 relictas
1569 2312 1632 2349 vel

122 2373 293 2410 elocutus
324 2386 373 2409 ex
404 2371 618 2423 Agathyllo
651 2372 804 2409 Arcade
836 2373 971 2411 videas
1007 2372 1114 2423 apud
1149 2372 1306 2422 DionyS.
1338 2371 1464 2408 Halic.
1495 2370 1524 2417 I,
1556 2368 1632 2418 495

124 2436 164 2467 at
197 2429 286 2465 Anii
319 2429 462 2475 liliam,
502 2431 720 2478 Latmum,
757 2429 908 2467 Aeneae
940 2430 1199 2481 desponsam,
1241 2427 1465 2465 videbimus
1496 2427 1590 2464 Exr.
1618 2427 1633 2463 I

125 2487 175 2524 ad
204 2487 271 2524 lib.
297 2487 359 2525 Ill.
409 2486 513 2523 lline
544 2487 662 2524 etiam
696 2488 735 2524 in
776 2487 908 2525 liberis
949 2486 1202 2537 adsignandis
1233 2499 1374 2536 magna
1406 2484 1633 2534 diversitas-3

125 2546 175 2582 es.
212 2544 371 2595 Dionys..
403 2543 491 2581 llal.
523 2544 553 2591 I,
585 2547 650 2584 72.

243 2628 365 2676 Quod
397 2628 561 2666 tandem
595 2629 642 2664 ad
669 2629 889 2665 <flu-amium
921 2629 1088 2676 attinet,
1121 2620 1294 2666 Homero
1328 2629 1398 2680 ipsi
1431 2642 1634 2678 nunquam

127 2693 404 2734 menwratum,
437 2699 527 2723 euin
558 2685 718 2735 quidem
750 2686 789 2722 in
811 2686 967 2722 Troade
1000 2686 1179 2723 relictum
1211 2701 1363 2723 novum
1384 2687 1635 2724 constituisse

127 2758 314 2795 regnum,
368 2744 502 2794 paullo
535 2750 625 2779 ante
659 2757 677 2777 η
723 2744 922 2780 nonnullis
957 2744 1160 2793 proditum
1198 2744 1384 2781 vidimus.
1445 2746 1636 2782 Commu-

130 2803 217 2840 nior
249 2809 381 2839 tamen
414 2801 568 2852 opinio,
600 2801 817 2837 secundnm
853 2801 1084 2852 Dionysium
1116 2802 1378 2839 llalicarnass.
1411 2815 1569 2852 quoque
1600 2807 1637 2838 et

128 2860 258 2896 Strab.
290 2859 404 2906 Xlll,
446 2872 480 2909 p.
517 2861 598 2899 608
632 2857 676 2904 A,
719 2858 795 2895 suit
836 2857 953 2905 haec,
1004 2872 1092 2895 eum
1134 2874 1223 2897 Cum
1259 2866 1373 2910 patre
1412 2860 1453 2897 in
1484 2859 1636 2897 Italiam

129 2919 291 2955 venisse.
356 2916 508 2953 Ascanii
542 2929 685 2953 nomen
710 2916 747 2953 in
775 2917 862 2968 suga
893 2915 1052 2955 demum
1084 2917 1157 2968 ipsi
1189 2917 1384 2965 inditum,
1417 2930 1508 2956 eun]
1528 2919 1637 2967 prius
