1779 3420
150 213 250 259 660

478 210 532 257 Ρ.
571 207 927 258 VIRGILII
963 204 1345 255 MARONIS

149 333 424 400 Puppibus
451 342 503 382 et
527 332 650 382 laeti
674 342 864 382 nautae
884 331 1173 395 inposuere
1204 346 1443 381 coronas,

150 407 303 453 Hunc
329 419 428 467 ego
454 403 495 451 si
521 403 672 469 potui
692 411 899 450 tantum
921 415 1136 464 sperare
1157 398 1424 464 dolorem,

148 476 215 523 Et
248 472 517 540 perferre,
566 488 743 535 soror,
788 480 996 537 potero.

150 615 478 677 Exsequere,
527 614 702 671 Anna,
746 607 907 667 mihi3

1076 469 1302 520 Miserae
1343 470 1450 519 hoc
1488 478 1669 518 tamen

927 555 1101 587 unum
1567 543 1670 590 420

952 608 1124 656 solam
1151 625 1276 657 nam
1309 607 1551 674 perfidus
1582 608 1668 658 ille

150 685 228 730 Te
254 681 454 743 colere,
495 695 711 728 arcanos
737 679 893 726 etiam
918 678 1012 726 tibi
1038 677 1259 727 credere
1285 694 1498 739 sensus;

150 750 272 800 Sola
292 751 386 798 viri
411 749 586 798 mollis
613 748 806 811 adium,
847 757 898 796 et
918 757 1163 814 tempora
1190 764 1361 798 noraS.

146 823 198 881 I,
237 836 410 881 soror,
450 828 607 884 atque
636 817 850 866 hostem
883 817 1105 883 supplex
1138 815 1317 867 adfare
1347 815 1668 882 superbum:

145 893 268 941 Non
310 904 407 953 ego
452 905 575 937 cum
614 888 806 937 Danais
851 888 1139 937 Troianam
1182 886 1489 937 exscindere
1536 901 1666 950 gen-

238 1074 306 1110 418
326 1086 487 1121 posuere
507 1074 617 1108 Wall.
669 1074 764 1106 Idem
782 1085 901 1107 versus
933 1086 1009 1118 sup.
1040 1075 1055 1106 I
1085 1074 1215 1117 Georg.
1243 1071 1323 1109 304.

1567 959 1667 1007 425

1419 1069 1488 1109 419
1524 1081 1667 1107 tantum

928 967 1042 1007 tem

141 1123 249 1169 potui
264 1122 400 1165 aliquot
420 1134 476 1165 ap.
496 1123 610 1154 Burm.
660 1129 826 1167 spectare
847 1122 881 1154 d.
906 1121 1114 1154 emendabat
1139 1121 1309 1166 Stephan.
1339 1120 1383 1153 de
1411 1119 1526 1153 Latin.
1555 1119 1667 1164 Lipsii

144 1183 177 1214 p.
197 1169 277 1211 469,
306 1168 400 1212 quod
416 1170 629 1201 Burmannus
652 1168 830 1201 Secundus
852 1168 895 1200 ad
912 1168 1057 1201 Anthol.
1083 1181 1118 1212 p.
1135 1169 1202 1202 721
1230 1174 1319 1200 extr.
1344 1167 1495 1213 probare
1516 1166 1665 1199 videtur.

144 1215 213 1249 Sed
232 1228 263 1248 v.
285 1217 371 1248 Not.

143 1275 213 1295 nas
234 1282 277 1286 —
297 1271 436 1295 mentes
455 1262 618 1295 Parrhas.

466 1214 533 1250 421
560 1215 655 1248 Nam
676 1215 791 1247 solam
809 1215 955 1248 Dorvill.
1005 1228 1034 1248 s.
1065 1216 1137 1248 iam
1166 1215 1274 1247 Goth.
1303 1226 1357 1257 pr.

690 1261 759 1296 423
787 1270 827 1294 ut
849 1270 874 1294 ι.
899 1262 1005 1296 Witt.

143 1311 157 1342 i
175 1308 356 1350 transfixa,
382 1309 452 1342 vid.
473 1311 516 1343 V.
534 1310 574 1342 L.
596 1309 641 1341 ad
661 1320 707 1340 VS.
729 1309 811 1342 381.
843 1310 936 1352 Wr.)

1454 1214 1524 1248 422
1557 1226 1665 1246 arca-

1056 1260 1214 1304 (—4⁹24.
1241 1261 1368 1293 Medic.
1392 1261 1446 1301 Ii,
1473 1260 1535 1293 sed
1555 1261 1665 1292 altera

1033 1307 1103 1344 425
1128 1308 1295 1341 excidere
1316 1307 1450 1349 aliquot
1471 1320 1525 1352 ap.
1545 1306 1664 1339 Heins-

144 1363 180 1388 et
207 1357 340 1398 Burm.,
376 1362 548 1402 perpetua
583 1355 791 1389 variatione.
841 1356 1051 1398 ascindere,
1094 1355 1309 1398 incendere,
1341 1355 1533 1401 excingere
1560 1354 1665 1387 aber-

143 1410 220 1436 rant
242 1402 313 1436 alii.

144 1495 261 1524 vocat
293 1500 415 1524 auras
457 1486 591 1525 velum
632 1499 670 1525 v.
705 1499 790 1538 sup.
822 1485 873 1523 ad

143 1557 181 1582 v.
208 1547 305 1586 223.
363 1559 528 1582 coronas
550 1557 599 1581 ex
625 1557 736 1581 more
766 1544 806 1581 in
829 1557 874 1582 re

143 1601 245 1639 laeta
267 1608 305 1639 et
326 1601 367 1639 11.
389 1602 413 1640 l.
448 1602 490 1639 in
519 1601 691 1640 discessu
721 1608 873 1653 optato,

144 1659 203 1696 uti
227 1659 321 1696 alias
339 1672 388 1696 ex
408 1659 517 1697 victo
536 1659 663 1708 hoste,
683 1660 746 1698 vel
761 1660 871 1698 salvo

142 1716 299 1766 reditu,
330 1717 394 1755 vel
425 1717 524 1754 sesto
561 1717 646 1766 die,
696 1723 734 1754 et
760 1717 803 1754 in
828 1730 872 1755 re

144 1787 267 1812 sacra.
305 1774 428 1822 Quod
450 1788 532 1812 non
561 1787 771 1825 agnoscere
794 1789 872 1812 vo-

143 1832 260 1869 luisse
280 1832 469 1870 videntur
491 1838 646 1870 veteres
660 1833 872 1870 Gramma-

146 1889 243 1938 tici,
294 1890 361 1940 qui
398 1902 559 1928 versum
599 1889 873 1941 reprehende-

144 1947 265 1995 bant,
296 1949 397 1985 sorte
419 1953 622 1998 tamquam
648 1961 698 1985 ex
729 1948 871 1999 Georg.

144 2004 174 2053 I,
211 2003 292 2046 304
321 2005 547 2056 repetitum.
617 2005 738 2057 Apud
775 2007 871 2042 Ser-

144 2061 278 2100 vium:
309 2062 466 2100 Probas
487 2077 583 2100 sane
610 2065 668 2100 sie
697 2063 871 2100 adnota-

145 2121 226 2156 vit:
270 2122 307 2157 .ςί
335 2120 440 2157 hunc
472 2135 628 2158 versum.
661 2122 867 2169 omitteret,

147 2177 288 2213 melias
310 2177 482 2225 sec-isset.

203 2232 300 2275 419.
327 2237 363 2271 ,ςί
379 2236 519 2285 ]>οίιιι“;
559 2234 667 2285 quod
700 2235 752 2273 ad
781 2235 871 2273 vul-

146 2304 277 2341 garem
297 2292 460 2329 modum
481 2292 650 2330 diceres:
681 2295 717 2330 si
741 2293 871 2332 debui.

149 2348 485 2398 Quandoquidem
518 2349 634 2387 dolor
674 2349 740 2387 hie
773 2349 871 2387 mihi

149 2405 197 2441 ab
217 2405 331 2442 initio
364 2407 655 2456 expectandus,
688 2413 871 2445 metuen-

150 2462 244 2510 dus,
276 2469 361 2499 erat
381 2461 489 2514 (nam
512 2464 744 2514 praevidere
762 2465 873 2502 hunc

149 2518 304 2556 Aeneae
344 2520 557 2558 discessum
599 2527 777 2572 poteram
827 2535 872 2558 ac

152 2576 363 2623 debebam,
395 2578 539 2628 quippe
561 2579 627 2627 qui
650 2579 690 2615 in
717 2579 872 2615 ltaliam

150 2634 379 2686 tenderet);
420 2634 552 2683 itaque
596 2641 733 2685 pectus
773 2642 871 2686 puto

151 2690 245 2728 satis
267 2704 328 2728 me
348 2703 427 2727 esse
445 2691 692 2728 firmaturam
715 2692 764 2729 ad
786 2706 875 2729 eum

151 2748 444 2800 perferendum.
504 2750 617 2796 Quae
643 2750 876 2799 praevidere

152 2807 291 2856 aliquis
313 2811 507 2856 potuerat,
538 2812 740 2855 tamquam
761 2820 873 2856 quae,

151 2864 270 2902 rebus
307 2864 363 2901 ita
405 2864 654 2911 serentibus,
716 2865 874 2901 evenire

152 2927 362 2973 poterant,
392 2933 456 2969 ea,
487 2921 520 2958 si
549 2921 779 2969 evenerint,
813 2923 874 2959 se-

931 1486 1059 1525 renda
1088 1491 1203 1534 sunt,
1235 1489 1441 1535 tamquam
1473 1481 1661 1531 humana,

931 1544 971 1583 h.
1006 1558 1038 1582 e.
1079 1556 1209 1594 quae,
1260 1549 1407 1580 natura
1436 1554 1573 1579 rerum
1606 1540 1663 1578 sic

932 1601 1172 1651 constituta,
1204 1600 1244 1637 in
1270 1600 1472 1637 hominem
1497 1599 1661 1638 cadunt.

932 1658 1135 1709 (—422.
1179 1659 1232 1695 De
1269 1659 1426 1695 ratione
1469 1656 1661 1695 Infinitivi

931 1709 1013 1756 isid.
1035 1717 1084 1764 Q.
1110 1716 1153 1754 v.
1177 1716 1311 1764 xxx,
1335 1715 1374 1755 4.
1410 1712 1517 1767 lm.)

987 1774 1083 1817 423.
1122 1775 1260 1811 molles
1297 1773 1447 1810 aditus.
1507 1777 1662 1822 tempus

930 1845 976 1869 ac
1005 1831 1192 1880 modum,
1233 1844 1312 1881 quo
1345 1830 1474 1867 mollis
1507 1829 1660 1867 animus

930 1895 1032 1927 esset
1054 1889 1106 1926 ad
1126 1888 1384 1926 audiendum.
1405 1901 1489 1939 sup.
1515 1901 1553 1926 v.
1576 1888 1660 1928 293

938 1949 1198 1985 Tenlatzcrum.
1247 1947 1382 1983 aditus
1398 1975 1407 1993 ,
1471 1952 1506 1982 et
1556 1957 1660 1996 quae

929 2006 1170 2042 mollissima
1180 2004 1313 2055 sandi
1330 2006 1541 2053 Tempora,
1570 2003 1660 2052 quis

929 2062 1043 2100 rebus
1073 2063 1208 2099 dexter
1236 2061 1392 2098 modus.
1455 2060 1551 2098 Mox
1583 2059 1659 2096 lco-

929 2128 1027 2157 stem
1054 2120 1252 2171 graviter,
1283 2132 1332 2156 ex
1359 2118 1525 2167 ass'ectu;
1555 2115 1659 2153 inse-

931 2183 1036 2215 stum
1057 2208 1066 2226 ,
1117 2177 1298 2215 odiosum
1344 2176 1490 2214 virum.
1556 2173 1659 2212 Male

931 2235 980 2272 de
1001 2235 1113 2273 hoste
1137 2249 1211 2287 pro
1231 2233 1387 2285 hospite
1414 2234 1521 2270 dicto
1550 2232 1658 2282 cogi—

930 2299 1030 2330 tant.
1063 2292 1289 2345 (superbum
1308 2291 1494 2342 appellat,
1512 2289 1658 2341 quippe

931 2351 998 2400 qui
1019 2351 1202 2401 precibus
1221 2355 1261 2386 et
1278 2348 1449 2386 lacrimis
1473 2361 1554 2385 non
1571 2360 1657 2384 ces-

931 2415 1059 2456 serat,
1091 2409 1168 2446 Cic.
1190 2407 1356 2454 Tusc.1,
1386 2409 1424 2453 8,
1462 2409 1542 2446 17.;
1574 2406 1656 2441 Sa-

923 2465 1092 2515 perlmm
1113 2467 1158 2502 ιἰί
1173 2465 1333 2515 quidem.
1355 2471 1411 2499 est
1434 2463 1482 2500 de
1505 2475 1563 2510 eo,
1590 2461 1657 2511 qui

931 2537 1011 2559 non
1033 2522 1253 2573 respondit.
1288 2523 1332 2558 ll
1342 2519 1438 2570 velz.)

989 2578 1071 2620 425
1091 2593 1176 2629 sqq.
1207 2578 1326 2615 Color
1359 2576 1551 2614 orationis
1573 2575 1656 2613 fre-

935 2648 1090 2685 quens:
1139 2636 1248 2683 Quid
1289 2640 1448 2671 tantum
1485 2634 1526 2671 in
1567 2646 1657 2671 eum

935 2693 1133 2740 commisi,
1173 2698 1218 2729 ut
1248 2705 1311 2729 me
1343 2691 1500 2741 fugiat?
1549 2696 1657 2728 tam-

934 2763 1049 2800 quam
1074 2756 1212 2800 poeta,
1243 2749 1471 2801 gravissima
1499 2749 1657 2797 scelera,

933 2820 1031 2856 quae
1064 2808 1259 2844 committi
1293 2807 1467 2858 possint,
1505 2819 1658 2843 memo-

932 2870 1006 2902 rat.
1028 2879 1065 2902 v.
1089 2865 1215 2903 Cerda
1234 2864 1274 2902 h.
1297 2866 1322 2902 l.
1340 2871 1380 2902 et
1402 2865 1545 2902 Tibull.
1566 2864 1594 2912 I,
1619 2866 1658 2912 2,

932 2924 985 2963 79
1014 2935 1093 2973 seq.
1152 2923 1339 2962 Ceterum
1360 2928 1445 2961 tota
1465 2920 1658 2969 oratione,
