1779 3420
111 193 214 239 212
499 182 1245 234 EXCURSUSI*

113 315 229 365 data,
271 312 324 353 ad
354 313 467 353 littus
499 313 621 363 illud,
662 327 743 351 una
783 312 948 360 amissa,
989 324 1113 349 naves
1143 310 1340 349 Troianae
1371 309 1580 362 appellunt
1611 309 1638 357 l,

116 374 196 416 158
227 387 308 424 sq.;
349 372 525 424 Neptuni
573 377 708 410 autem
755 384 876 423 opera
919 369 971 407 ad
1016 369 1184 408 Aeolum
1235 368 1505 406 coercendum
1547 368 1640 405 satis

112 437 201 470 erat
229 430 546 469 accommodata.

229 489 459 528 Parandum
497 501 607 526 nunc
638 492 726 525 erat
756 486 863 523 inter
893 484 1088 522 barbaros
1118 490 1255 523 tutum
1286 484 1469 523 Troianis
1500 481 1640 535 hospi-

114 549 216 587 tium
249 547 295 600 (l,
326 546 452 600 223),
484 559 558 584 nec
588 545 722 582 minus
753 542 919 581 Iunonis
950 543 1091 580 Poenis
1121 543 1323 582 studentis
1354 541 1519 580 consilia
1554 553 1642 579 me-

114 606 255 645 tuebat
296 606 432 645 Venus
464 604 556 657 (lv,
590 606 659 644 96.
691 600 788 655 97)2
835 602 1040 638 Exoraius
1081 615 1102 638 a
1134 601 1288 639 Venere
1325 601 1479 653 Iupiter
1516 599 1643 638 mittit

113 664 379 703 Mercurium:
414 662 448 700 is
479 661 677 699 Didonem
716 659 933 711 propitiam
964 659 1005 697 in
1037 659 1214 697 advenas
1242 658 1380 697 reddit
1408 660 1642 709 Poenosque

114 723 246 774 placat
285 721 462 774 (297-
488 718 604 772 304).
675 717 719 755 In
759 716 1010 755 sermonibus
1046 716 1154 755 inter
1193 716 1328 755 [ovem
1367 722 1408 754 et
1444 717 1643 755 Venerem

114 780 263 818 habitis
295 777 350 832 (v.
375 780 459 819 229
478 775 552 829 sq.)
585 775 713 814 multa
753 775 955 828 praeclare
986 780 1274 828 exponuntur,
1307 787 1408 826 quae
1440 775 1644 812 Romanos

115 839 166 877 ad
197 850 359 876 carmen
390 835 602 887 legendum
634 833 848 872 advertere
867 840 1050 886 possent:
1082 833 1117 872 A
1144 833 1329 871 Troianis
1360 833 1539 871 orituros
1560 845 1643 870 esse

119 899 318 935 Romanos
348 900 552 932 terrarum
585 892 771 930 dominos
803 890 1110 945 (234—237)3
1141 893 1222 930 sata
1253 892 1408 930 Aeneae
1438 891 1479 928 in
1508 891 1643 940 Italia3

114 953 271 993 Ascanii
314 965 506 1004 regnum3
550 951 653 989 Alba
691 950 878 1000 condita,
910 951 1060 989 Romae
1105 950 1298 1002 origines;
1348 949 1512 988 Iunonis
1551 949 1643 988 odia

114 1013 209 1051 olim
248 1010 471 1063 placanda,
511 1009 679 1047 Graecia
720 1023 743 1046 a
782 1009 973 1047 Romanis
1004 1008 1193 1059 subacta3
1235 1009 1359 1047 lulius
1391 1010 1535 1046 Caesar
1567 1008 1643 1046 diis

114 1069 428 1118 adscribendu53
475 1068 558 1105 Pax
604 1073 810 1106 terrarum
857 1067 947 1106 orbi
995 1067 1158 1105 reddita
1209 1068 1259 1106 ab
1304 1067 1487 1119 Augusto
1540 1064 1643 1119 (258

114 1151 170 1157 -
190 1126 306 1179 296).

230 1186 386 1223 Interea
421 1183 594 1222 Aeneam
640 1198 764 1223 novas
803 1190 933 1222 terras
964 1183 1245 1236 explorantem
1275 1190 1404 1222 mater
1433 1183 1644 1237 Nymphae

113 1243 285 1297 speciem
306 1243 474 1281 mentita
498 1255 716 1281 occurrens
743 1242 896 1291 edocet,
930 1241 972 1279 in
1004 1255 1107 1293 quae
1126 1242 1214 1280 loca
1245 1243 1416 1291 venerit,
1449 1243 1532 1281 eius
1554 1243 1642 1280 ani-

113 1315 225 1340 mum
256 1302 391 1340 firmat
424 1299 728 1355 (305-417),
761 1306 799 1338 et
837 1301 944 1338 nube
976 1306 1136 1353 septum
1168 1306 1258 1339 tuto
1290 1300 1333 1338 in
1364 1301 1536 1340 mediam
1567 1315 1639 1339 ur—

113 1361 204 1399 bem
241 1359 417 1398 deducit.
479 1359 649 1407 Eadem,
690 1366 738 1397 ut
779 1359 976 1397 Didonem
1017 1359 1178 1411 penitus
1218 1359 1445 1398 devinciret
1475 1361 1642 1407 Aeneae,

114 1432 251 1458 amore
295 1431 383 1456 eam
422 1418 603 1456 incendit
642 1416 938 1471 (657—722).
999 1417 1100 1456 Iuno
1141 1432 1233 1456 cum
1273 1432 1344 1455 sua
1386 1418 1550 1456 consilia
1591 1417 1643 1455 ad

113 1477 342 1531 perdendos
383 1477 580 1514 Troianos
610 1476 719 1514 elusa
750 1475 885 1524 videt,
917 1475 959 1514 id
990 1476 1130 1514 saltem
1162 1475 1443 1526 machinatur,
1483 1483 1531 1515 ut
1561 1476 1643 1515 Ae—

115 1550 207 1574 neas
247 1549 339 1573 cum
372 1535 526 1573 Didone
571 1534 755 1585 coniugio
797 1534 961 1572 iunctus
999 1534 1239 1586 Carthagine
1278 1535 1411 1572 sedem
1446 1534 1560 1586 figat,
1589 1534 1643 1572 ita

114 1595 219 1632 enim
252 1594 358 1641 sore,
391 1599 437 1631 ut
476 1593 569 1630 fatis
612 1592 646 1630 ei
688 1592 930 1630 destinatum
963 1592 1178 1646 imperium
1219 1594 1260 1630 in
1292 1592 1467 1631 Africam
1505 1600 1642 1631 trans-

115 1653 272 1690 feratur
313 1650 407 1704 (IV,
440 1654 598 1692 102—
623 1650 736 1703 106).
810 1651 943 1690 Venus
988 1651 1171 1689 fraudem
1213 1651 1463 1690 subodorata
1501 1652 1640 1690 saltem

115 1710 345 1761 coniugium
387 1709 603 1761 paciscitur
635 1707 944 1761 (127—129);
984 1710 1041 1748 ita
1071 1711 1176 1747 enim
1208 1710 1381 1748 Aeneam
1420 1716 1534 1748 tanto
1570 1716 1641 1748 tu-

114 1769 261 1807 tiorem
294 1768 343 1805 ab
377 1767 530 1805 insidiis
572 1768 658 1805 sore
691 1766 814 1805 videt.
876 1768 929 1805 At
970 1768 1141 1820 Iupiter,
1173 1782 1291 1819 quein
1326 1769 1466 1806 Iarbae
1496 1769 1641 1816 Mauri,

115 1827 184 1878 qui
226 1825 421 1863 Didonem
464 1826 538 1863 sibi
580 1825 621 1862 in
667 1825 973 1864 matrimonium
1010 1826 1204 1879 petierat,
1257 1828 1444 1878 precibus
1486 1834 1641 1866 motum

114 1891 234 1937 poeta
268 1889 405 1922 narrat
437 1882 752 1936 (196—218),
784 1884 984 1922 mandatis
1015 1885 1217 1923 Mercurio
1250 1885 1355 1923 datis
1386 1887 1539 1923 Aeneae
1568 1886 1642 1924 de-

115 1943 301 1991 nuntiat,
331 1948 378 1980 ut
410 1941 652 1992 Carthagine
683 1941 854 1981 decedat
883 1943 942 1994 (v.
965 1946 1049 1985 220
1073 1944 1191 1994 sqq.).
1252 1944 1382 1982 Etiam
1413 1945 1454 1982 in
1485 1943 1547 1982 his
1576 1944 1640 1983 lo-

114 2001 177 2039 vis
216 2000 418 2039 mandatis
464 2000 612 2038 iterum
654 2007 932 2039 memorantur
971 2002 1062 2039 fatis
1102 2003 1218 2039 datae
1257 2002 1412 2040 Aeneae
1448 2002 1490 2040 in
1530 2003 1640 2041 Italia

115 2058 247 2108 sedes,
295 2058 467 2111 posteris
503 2058 587 2095 eius
627 2063 829 2097 terrarum
873 2059 1086 2112 imperium
1125 2067 1166 2099 et
1196 2060 1328 2114 primo
1363 2062 1452 2099 loco
1484 2060 1639 2100 Ascanii

116 2130 283 2169 regnum
318 2115 615 2170 (229—236).

233 2175 448 2225 Postquam
481 2174 634 2212 Aeneas
666 2174 800 2213 Africa
839 2175 978 2214 relicta
1018 2177 1168 2216 iterum
1207 2178 1380 2216 Siciliam
1419 2178 1639 2231 appulerat,

117 2239 164 2271 ut
199 2232 374 2271 discessu
405 2246 455 2270 ex
485 2233 616 2271 insula
647 2240 687 2272 et
717 2234 833 2272 aditu
862 2235 997 2273 ltaliae
1028 2249 1118 2274 eum
1150 2236 1461 2286 intercluderet,
1493 2251 1640 2275 novam

117 2291 301 2329 fraudem
341 2291 507 2329 molitur
538 2292 659 2341 Iuno3
699 2292 806 2330 Iride
840 2293 957 2331 missa
998 2300 1038 2332 et
1067 2295 1111 2332 in
1142 2309 1264 2333 anum
1303 2296 1455 2333 Beroen
1488 2301 1640 2333 mutata

117 2349 304 2387 mulieres
335 2349 528 2387 Troianas
558 2349 775 2400 hortatur,
814 2357 858 2389 ut
888 2352 1051 2389 classem
1081 2353 1299 2391 incendant
1331 2352 1396 2407 (V,
1417 2356 1500 2395 608
1522 2355 1638 2405 sqq.).

118 2407 236 2444 Parte
270 2413 404 2444 tamen
437 2408 707 2447 Troianorum
739 2410 922 2460 Segestae
958 2411 1121 2459 relicta,
1155 2425 1299 2460 naves,
1342 2425 1444 2463 quae
1474 2425 1640 2464 supere—

117 2471 234 2514 rant,
277 2466 513 2503 conscendit
544 2465 696 2504 Aeneas
727 2473 767 2505 et
798 2481 961 2505 cursum
991 2467 1034 2506 in
1066 2469 1220 2506 ltaliam
1252 2470 1445 2520 absolvit3
1476 2477 1523 2509 ut
1553 2476 1638 2508 tuta

118 2528 221 2560 esset
252 2523 478 2573 navigatio,
511 2524 646 2562 Venus
676 2525 911 2576 Neptunum
941 2532 1086 2565 exorat
1118 2525 1414 2580 (779—824).

237 2581 411 2618 Escensu
450 2581 501 2619 ad
533 2582 633 2620 ostia
665 2583 819 2621 Tiberis
851 2583 900 2620 ab
931 2584 1085 2622 oriente
1126 2585 1166 2622 in
1199 2586 1314 2623 littus
1345 2587 1451 2624 facto
1482 2593 1522 2624 et
1552 2587 1640 2624 ani-

118 2638 192 2676 mis
235 2644 426 2690 portento
466 2653 695 2678 mensarum
736 2654 985 2680 comesarum
1026 2642 1196 2681 firmatis
1236 2650 1364 2681 castra
1397 2651 1571 2696 ponunt,
1601 2651 1638 2682 et

119 2696 173 2734 ad
203 2697 390 2735 Latinum
422 2710 554 2748 regem
598 2699 748 2750 legatos
788 2699 959 2738 mittunt
991 2698 1091 2753 (VH,
1124 2704 1140 2741 1
1170 2699 1284 2753 sqq.).
1356 2703 1437 2751 Qui
1470 2709 1510 2740 et
1544 2703 1640 2755 ipse,

118 2754 256 2792 multis
296 2755 495 2807 portentis
536 2761 574 2793 et
614 2756 814 2795 vaticiniis
851 2757 929 2794 iam
969 2764 1063 2796 ante
1097 2759 1146 2796 de
1184 2766 1420 2799 exterorum
1460 2761 1642 2800 adventu

120 2812 306 2861 edoctus,
350 2827 432 2851 non
472 2814 593 2852 modo
631 2813 853 2867 hospitium
894 2822 935 2853 et
975 2816 1206 2855 societatem
1249 2819 1380 2868 regni,
1417 2833 1563 2857 verum
1603 2826 1642 2857 et

118 2870 346 2920 coniugium
378 2871 481 2909 filiae
512 2872 701 2910 Laviniae
738 2873 951 2925 pollicetur
983 2872 1123 2926 (V11‚1
1152 2899 1207 2904 —
1231 2874 1348 2929 285).
1409 2878 1512 2916 Tum
1541 2878 1641 2916 Iuno

120 2928 218 2979 (Vll,
240 2931 323 2970 986
345 2928 469 2982 ΜΝ),
503 2944 593 2968 cnm
626 2932 705 2968 sata
737 2944 777 2968 se
808 2938 994 2970 retexere
1025 2946 1140 2984 posse
1171 2934 1381 2985 desperat,
1423 2936 1465 2974 id
1502 2937 1640 2974 saltem
