1827 3436
367 218 791 270 AENEmos
836 220 971 268 LlB.
1011 220 1049 281 1,
1090 225 1374 272 τερ-741

1520 231 1617 276 207

108 355 248 400 Tum
269 349 435 397 Bitiae
460 345 611 395 dedit
634 346 980 411 increpitans;
1021 345 1107 395 ille
1130 348 1338 413 inpiger
1355 347 1526 397 hausit

108 424 460 486 Spumantem
487 425 752 482 pateram,
787 424 839 464 et
863 414 1028 481 pleno
1051 432 1106 465 se
1134 417 1336 482 proluit
1359 434 1513 477 auro3

105 494 232 540 Post
254 487 335 537 alii
358 502 624 553 proceres

701 484 913 536 Cithara
937 485 1153 535 crinitus
1172 488 1329 552 Iopas

1526 491 1624 539 540

107 564 364 609 Personat
392 566 595 619 aurata,
636 555 820 604 docuit
845 571 981 622 quae
1012 573 1291 606 maxumus
1313 555 1466 606 Atlas

200 688 267 723 739
292 699 429 719 summo
455 698 493 719 ae
515 698 550 732 p.
576 687 715 731 Menag.
742 698 794 732 pr.
838 686 999 732 profluit
1024 685 1170 718 Oudart.
1219 697 1247 719 S.
1274 698 1302 718 s.
1327 698 1366 731 p.
1391 697 1454 718 ore
1477 685 1627 718 nonnul-

106 736 158 769 los
184 735 294 767 libros
320 733 440 777 legere
475 734 608 766 Pierius
643 734 760 767 docet.

868 734 934 768 741
972 733 1096 765 docuit
1130 745 1232 778 quem
1257 732 1385 765 Medic.
1421 744 1493 764 cum
1529 739 1628 777 parte

106 783 209 816 codd.
237 782 356 814 Heius.
380 793 445 814 nec
471 793 542 813 non
567 782 742 814 Romanus
769 792 845 814 cum
870 779 948 812 aliis
974 779 1155 812 Pierianis.
1206 778 1319 812 Etiam
1344 778 1501 812 Servius:
1537 791 1629 824 quae

105 830 291 874 legendum
307 854 315 869 ‚
340 840 411 861 non
436 841 550 873 quem.
580 829 689 873 (quae
714 834 768 861 est
793 827 828 860 in
853 827 981 865 Palat.;
1025 839 1128 871 quem
1163 826 1377 859 Wakefield.
1403 833 1520 858 tuetur
1546 825 1627 858 silv.

105 878 189 911 Crit.
217 878 277 910 JV.
302 889 337 921 p.
363 876 420 911 36.
451 875 557 920 idque
593 875 629 907 in
660 882 794 908 textum
820 874 976 919 recepit,
1009 872 1091 905 item
1125 873 1277 906 Iahnius.
1326 873 1395 906 Sed
1432 873 1492 905 illa
1518 874 1630 918 Iopas

106 926 253 958 cithara
273 931 455 970 personat
480 922 642 967 flagitant
674 921 904 956 accusativum
942 920 1095 953 obiecti:
1140 933 1204 962 ea,
1241 933 1335 966 quae
1358 921 1492 953 docuit.
1530 920 1628 962 lVr.)

107 973 231 1005 docuit
256 983 364 1016 quam
390 971 516 1003 Graev.
563 970 702 1004 Atlans
724 971 920 1010 Romanus,
947 974 983 1000 et
1010 967 1059 1000 sic
1083 967 1228 1000 Mentel.

109 1090 302 1128 honorem
325 1102 371 1126 ac
391 1088 546 1127 cultum
566 1088 757 1127 libatione
785 1088 844 1125 es-

108 1150 254 1186 fusum.
304 1147 454 1195 libato,
488 1146 528 1185 h.
560 1161 591 1185 e.
629 1153 843 1199 postquam

107 1207 277 1244 libatum
307 1214 418 1254 erat,
449 1206 512 1243 vel
534 1206 658 1243 libato
679 1205 841 1242 laticum

109 1264 286 1311 honore,
330 1263 445 1301 alteri
484 1264 611 1301 tradit
643 1263 706 1301 vel
737 1262 842 1300 tradi

108 1324 222 1362 iubet
244 1323 448 1374 poculum,
472 1321 581 1359 unde
602 1321 733 1373 primo
753 1321 842 1357 loco

109 1387 356 1433 gustaverat,
387 1381 536 1431 regina,
569 1386 616 1418 ut
637 1385 676 1416 et
706 1379 771 1416 ille
790 1378 842 1416 li-

109 1441 275 1478 batione
312 1440 417 1476 facta
448 1438 631 1486 biberet3
663 1436 773 1488 quod
805 1441 844 1473 et

109 1499 141 1536 is
169 1498 297 1536 laetus
321 1497 542 1547 lubensque
569 1495 675 1533 facit.
708 1491 841 1547 προῦ-

111 1572 229 1596 πινεν
261 1556 327 1593 illa
356 1561 395 1592 et
425 1556 560 1602 dedit,
595 1552 843 1605 propinavit.

112 1615 148 1652 Is
177 1614 281 1651 enim
316 1613 424 1651 vitae
452 1611 636 1649 heroicae
668 1625 766 1658 mos,
797 1616 844 1647 ut

111 1672 276 1723 singulis
299 1670 481 1709 convivis
510 1670 695 1721 deinceps
717 1682 845 1720 pocu-

111 1731 196 1769 lum
219 1730 416 1782 repletum
443 1729 703 1781 praebeatur,
736 1725 845 1764 unde

112 1789 286 1836 libatur,
322 1793 411 1825 tum
463 1787 605 1825 vinum
656 1784 845 1824 ebibitur.

114 1849 384 1897 ιἠοιτψίίαηε,
439 1844 567 1896 simpl.
611 1842 844 1890 adhortans,

113 1906 310 1953 invitans,
342 1910 391 1942 ut
413 1909 450 1940 et
473 1904 556 1955 ipse
580 1902 759 1950 biberet3
791 1900 846 1938 nil

115 1964 296 2015 amplius.
338 1962 405 1999 Sic
428 1968 467 1999 et
489 1962 574 1999 aliis
594 1961 633 1998 in
656 1959 752 1997 locis
772 1972 846 1996 ex·-

114 2022 209 2074 poni
230 2027 373 2074 potest.
417 2018 667 2070 Obiurgandi
686 2018 753 2055 hic
775 2029 848 2054 nec

115 2081 239 2128 loom,
260 2092 333 2118 nec
352 2078 496 2130 dignus
518 2079 581 2115 vel
602 2077 759 2127 reginae
783 2074 847 2113 vel

116 2139 215 2191 epici
253 2144 395 2190 poetae
434 2150 604 2189 persona
635 2135 725 2172 talis
758 2147 848 2171 sar—

117 2210 292 2234 casmus:
324 2202 371 2234 ut
398 2208 472 2232 nec
493 2194 595 2232 illud
628 2207 678 2231 ex
707 2198 849 2245 poetae

117 2261 250 2292 mente
281 2254 348 2300 fit,
389 2253 499 2304 quod
530 2252 695 2290 Didonis
730 2263 849 2289 vere-

118 2313 304 2351 cundiam
326 2312 367 2350 in
390 2311 578 2359 bibendo,
610 2309 737 2349 Bitiae
758 2308 848 2345 avi-

118 2371 298 2419 ditatem,
319 2370 568 2422 praedicant.
598 2368 737 2407 Ah'ena
750 2366 850 2404 haec

118 2443 140 2466 a
160 2429 249 2467 loco
278 2435 319 2466 et
346 2428 512 2467 consilio
534 2433 674 2479 poetae
704 2424 849 2464 omnia.

119 2487 196 2525 Sed
219 2487 454 2525 dicendum:
473 2485 583 2537 quod
602 2491 744 2537 poetae
763 2496 850 2521 me—

120 2546 361 2584 morandum
388 2550 487 2595 erat,
522 2545 563 2582 in
582 2557 627 2581 eo
651 2543 765 2581 illum
784 2554 851 2579 ve-

120 2604 354 2642 recundiam
385 2617 504 2641 sexus
533 2601 690 2640 feminei
711 2601 852 2639 obser-

122 2675 252 2711 vasse3
269 2662 451 2714 inprimis
465 2660 723 2712 antiquorum
744 2665 851 2696 tem-

121 2733 266 2771 porum
297 2733 428 2767 more,
462 2733 552 2757 cum
583 2715 854 2756 matresfami-

121 2777 192 2815 lias
208 2779 305 2817 vino
335 2792 417 2816 non
440 2784 666 2816 uterentur.
727 2776 855 2813 Rece-

123 2835 181 2874 dit
210 2850 370 2887 quoque
406 2850 427 2874 a
456 2842 598 2874 nostro
629 2847 741 2872 more
762 2831 852 2879 hoc,

122 2894 231 2943 quod
257 2909 339 2933 non
369 2894 526 2933 Aeneae
555 2891 705 2945 hospiti
737 2891 856 2929 offert

121 2952 311 3002 poculum
334 2952 460 3003 Dido5
486 2965 578 2990 nam
597 2951 638 2989 in
657 2949 854 2989 honorem

903 1087 986 1125 eius
1025 1085 1223 1125 adventus
1264 1085 1339 1123 diis
1378 1085 1542 1124 libatur.
1574 1107 1628 1112 —

901 1160 1058 1182 ,summo
1089 1159 1152 1182 ore
1179 1153 1304 1181 lenus.
1347 1144 1483 1194 primis
1517 1141 1629 1179 labiis

903 1203 1140 1255 degustavit.
1180 1203 1317 1239 Bilias
1338 1201 1533 1239 Punicum
1553 1214 1628 1237 no—

902 1275 1020 1309 men,
1065 1259 1176 1311 quod
1216 1267 1256 1297 et
1304 1259 1398 1296 alibi
1439 1257 1628 1296 occurrit.

896 1320 1019 1370 pleno
1049 1333 1148 1356 αιιιό
1174 1332 1214 1355 se
1234 1318 1405 1368 proluit,
1439 1316 1626 1368 poculum

902 1377 984 1415 vmi
1006 1376 1170 1429 plenum
1192 1374 1390 1423 exhausit,
1407 1373 1516 1424 quod
1536 1380 1629 1411 tan-

901 1441 989 1476 tum
1016 1435 1136 1473 labris
1163 1434 1351 1484 attigerat
1380 1432 1504 1481 Dido3
1531 1445 1629 1482 pro-

901 1495 1006 1531 luere
1034 1508 1100 1540 se,
1137 1491 1289 1543 gulam,
1323 1490 1477 1528 (lictum
1516 1495 1628 1541 puta,

902 1558 949 1589 ut
972 1552 1065 1588 rino
1085 1550 1306 1601 petfimdi,
1339 1549 1514 1595 madere,
1549 1549 1630 1583 tin-

899 1611 999 1659 gui,
1035 1609 1083 1646 de
1106 1607 1242 1655 ebriis-3
1273 1619 1373 1657 quae
1399 1605 1530 1643 omnia
1555 1619 1630 1641 no-

902 1667 1006 1705 tiora
1044 1672 1150 1704 sunt.
1205 1666 1460 1702 Burmannus
1501 1663 1629 1708 docte,

902 1738 983 1763 non
1036 1725 1255 1775 eleganter,
1301 1721 1400 1760 haec
1443 1721 1629 1758 illustrat.

904 1783 1048 1821 stlullcc
1093 1782 1279 1833 prolutus
1326 1794 1465 1830 vappa
1513 1779 1629 1816 etiam

904 1841 1046 1879 Horat.
1070 1841 1086 1878 l
1116 1842 1240 1877 serm.
1264 1838 1303 1886 5,
1337 1841 1400 1880 16.
1434 1836 1546 1889 (Cop.
1572 1850 1628 1875 vs,

904 1902 992 1940 29.:
1023 1899 1199 1947 „aestivo
1227 1896 1422 1934 recubans
1450 1901 1488 1932 et
1514 1909 1538 1946 p
1551 1909 1631 1931 ro-

905 1957 987 1996 lue
1019 1957 1202 1995 vitro.“
1240 1953 1359 2007 IVr.)

963 2014 1059 2056 740.
1092 2015 1153 2052 Ad
1175 2013 1337 2051 Homeri
1356 2010 1631 2055 imitationem,

905 2074 1087 2125 inprimis
1120 2073 1263 2124 Odyss.
1293 2076 1337 2119 θ,
1363 2073 1416 2112 62
1454 2082 1511 2119 sq.
1552 2077 1632 2110 HO-

905 2132 1024 2171 roicis
1053 2130 1296 2183 temporibus
1320 2140 1473 2179 semper
1497 2121 1633 2171 αόιόὸς

908 2190 1124 2237 conviviis⁷
1158 2201 1258 2239 quae
1279 2187 1361 2224 fere
1391 2198 1480 2222 cum
1503 2196 1545 2221 re
1569 2182 1626 2219 ‹li-

907 2248 1001 2287 vina
1047 2254 1160 2285 erant
1195 2245 1433 2290 coniuncta,
1481 2241 1631 2278 aderat.

908 2308 958 2344 cf.
990 2305 1159 2354 Quintil.
1185 2304 1213 2351 I,
1238 2306 1300 2351 10,
1326 2304 1376 2343 10
1410 2299 1545 2353 (quem
1571 2298 1633 2336 lo-

907 2378 997 2403 cum
1023 2363 1105 2402 sine
1135 2368 1298 2400 auctore
1328 2359 1442 2397 ass'ert
1462 2358 1634 2408 Pompo-

907 2423 1028 2472 nius).
1076 2422 1266 2459 erinium:
1300 2416 1488 2469 proprius
1518 2415 1550 2452 is
1577 2414 1634 2451 ci-

907 2480 1200 2519 tharoedorum
1246 2475 1430 2523 habitus,
1482 2486 1634 2510 comam

910 2540 1035 2588 alere3
1076 2539 1180 2577 forte
1213 2533 1408 2586 Apollinis
1440 2530 1634 2581 exemplo.

911 2597 1154 2636 Traduxisse
1179 2600 1310 2632 tamen
1341 2605 1391 2628 ex
1420 2589 1500 2627 suis
1534 2594 1636 2626 tem-

911 2656 1076 2709 poribus
1105 2653 1156 2691 ad
1186 2659 1325 2691 vetera
1359 2648 1521 2687 videtur
1543 2646 1635 2684 Vir-

912 2715 1037 2765 gilius.
1088 2718 1302 2763 per-sonal,
1344 2706 1452 2744 canit
1484 2703 1635 2742 cithara

913 2787 970 2821 ea,
1002 2785 1105 2824 quae
1127 2771 1273 2815 docuit,
1298 2765 1496 2803 cecinerat
1516 2762 1636 2813 prior,

912 2831 1048 2869 Atlas.
1132 2828 1196 2865 Sic
1233 2824 1360 2878 poetis
1393 2834 1556 2868 sonare,
1601 2823 1638 2854 et

913 2890 1071 2935 docere,
1107 2881 1326 2927 διδάσκειν.
1373 2878 1576 2918 Praeclare
1600 2880 1637 2912 et

913 2946 990 2985 hoc
1014 2945 1066 2984 ad
1091 2944 1251 2982 illorum
1276 2946 1516 2991 temporum,
1547 2931 1636 2984 qui-
