1811 3388
421 196 840 246 AENEIDOS
877 197 1021 248 LIB.
1060 200 1146 263 VI,
1183 205 1478 258 554—566
1598 217 1699 262 933

182 322 333 381 Quae
393 316 664 369 scelerum*
721 319 919 373 facies?
964 340 1025 441 bo
1083 325 1254 389 virgo,
1324 327 1517 392 effare3
1582 336 1697 399 qui-

1003 410 1132 443 usve
1593 408 1696 456 560

176 458 486 520 Urguentur
507 460 732 524 poenis?
771 461 888 526 quis
909 470 1085 512 tantus
1104 463 1329 529 plangor
1359 466 1425 515 ad
1445 478 1628 522 auras?

177 528 319 574 Tum
351 536 494 577 vates
516 530 588 578 sic
613 546 730 578 orsa
751 529 922 597 loqui:
958 536 1075 582 Dux
1099 533 1296 584 inclute
1318 538 1606 601 Teucrum,

172 595 316 645 Nulli
340 595 417 645 fas
433 600 578 647 'casto
602 604 922 650 sceleratum
951 603 1192 653 insistere
1216 604 1412 668 limem

174 665 284 714 Sed
308 683 398 716 me
435 686 603 734 quum
624 669 753 719 lucis
777 672 976 722 Hecate
1002 672 1262 739 praefecit
1283 678 1521 740 Avernis,

170 736 289 800 Ipsa
313 736 476 785 deum
499 755 701 804 poenas
727 740 923 805 docuit,
960 759 1168 810 perque
1184 741 1372 795 'omnia
1394 746 1551 799 duxit.
1588 753 1691 801 565

172 807 403 855 Gnosius
461 807 594 858 haec
650 809 1092 862 Rhadamanthus
1148 813 1313 865 habet
1332 856 1346 879 ,
1412 817 1689 868 durissima

954 899 1135 948 regna,

236 949 352 998 561.
392 961 485 1005 om
598 951 713 1002 566.
751 964 923 1000 HABET
948 967 995 1004 D.

167 1096 212 1128 ob
234 1095 269 1128 id
288 1096 419 1141 ipsum,
447 1098 541 1142 quod
559 1100 744 1144 strepitum
766 1101 870 1135 istum
893 1104 1097 1148 audiverat,
1123 1106 1282 1139 constitit
1304 1110 1455 1148 Aeneas3
1490 1107 1597 1152 friget
1612 1108 1684 1153 igi-

163 1149 241 1184 tur,
268 1144 362 1187 quod
384 1145 586 1177 subiicitur:
608 1147 787 1189 hausisse,
822 1149 844 1182 i.
875 1162 903 1183 e.
931 1152 1069 1186 audisse
1093 1153 1185 1186 hunc
1204 1153 1387 1198 strepitum
1406 1158 1558 1190 Aenean.
1608 1157 1682 1189 Nec

162 1195 201 1222 tu
219 1190 305 1222 mihi
320 1202 461 1236 oppone
481 1204 529 1225 vs·
547 1193 644 1228 567.:
682 1196 987 1243 „Castigatque
1021 1200 1225 1245 auditque
1251 1201 1401 1241 dolos;“
1438 1208 1473 1234 et
1490 1214 1578 1247 quae
1602 1209 1682 1235 sunt

161 1236 219 1269 his
242 1237 382 1270 similia.
433 1239 534 1279 Quod
564 1240 593 1272 si
626 1247 782 1285 statues,
813 1244 903 1276 nihil
932 1245 1027 1278 aliud
1055 1247 1173 1280 dicere
1197 1255 1341 1292 poetam
1363 1249 1531 1289 voluisse,
1558 1261 1681 1293 quam:

160 1283 389 1317 Constitit
426 1292 472 1317 et
507 1289 755 1321 exterritus
793 1297 883 1332 est,
918 1292 1141 1326 invertendus
1175 1302 1288 1327 tamen
1314 1302 1389 1328 erat
1422 1296 1679 1329 enuntiatorum

160 1331 268 1363 ordo:
295 1333 556 1366 exterritus
583 1342 649 1367 est
676 1343 720 1368 et
745 1338 975 1373 constitit.
1032 1343 1078 1373 At
1106 1341 1196 1374 bene
1225 1344 1382 1387 strepitu
1410 1343 1551 1384 haesit,
1585 1344 1679 1387 quod

159 1378 292 1421 optime
322 1379 486 1411 convenit
526 1392 563 1413 re
605 1382 718 1415 subita
754 1384 1014 1428 obstupefacto.
1070 1390 1155 1421 Aen.
1194 1390 1252 1427 Ill,
1288 1390 1389 1423 597.:
1421 1390 1585 1434 „paulum
1611 1391 1678 1422 ad-

157 1431 281 1467 spectu
321 1426 529 1459 conterritus
556 1427 689 1470 haesit,
715 1430 964 1477 Continuitque
1000 1434 1180 1477 gradumf‘
1236 1437 1300 1475 XI,
1326 1436 1422 1470 692:
1469 1437 1677 1481 „subitoque

156 1471 327 1514 adspectu
346 1473 489 1505 territus
520 1473 668 1516 haesit,⁴⁸
695 1486 761 1510 cet.
793 1480 887 1523 lt'r.)
939 1493 1008 1525 que
1035 1481 1135 1514 deest
1163 1483 1337 1515 Montalb.
1432 1485 1497 1517 561
1526 1486 1588 1528 qai
1617 1497 1675 1516 se—

156 1518 305 1550 cundum
324 1520 425 1552 Rom.
447 1520 603 1565 aliosque
621 1522 711 1556 Pier.
739 1531 880 1568 tresque
901 1539 981 1559 suos
1010 1528 1173 1561 Heinsius
1193 1529 1344 1562 refinxit.
1392 1531 1571 1563 Accedunt
1592 1531 1673 1574 plu-

154 1576 211 1597 res
233 1566 327 1609 apud
347 1567 529 1600 Burmann.
565 1570 615 1612 (et
637 1571 670 1604 3.
693 1572 746 1604 11.
775 1573 874 1616 Wr.)
924 1573 1040 1617 Vulgo
1060 1576 1162 1619 quis,
1188 1577 1282 1620 quod
1315 1583 1430 1609 tamen
1454 1577 1488 1609 h.
1511 1577 1534 1610 l.
1555 1578 1673 1610 Medi-

154 1623 235 1643 ceus
270 1620 394 1646 servat.
439 1614 560 1658 (idque
588 1617 766 1658 revocavi3
801 1618 868 1652 vid.
903 1622 945 1660 Q.
976 1622 1019 1653 V.
1051 1622 1169 1663 XXII,
1204 1624 1237 1657 3.
1277 1623 1373 1661 lVr.)
1425 1624 1560 1657 clamor
1585 1626 1672 1657 alter

151 1659 289 1702 Menug.
325 1660 478 1706 elatzgor
491 1662 579 1695 Gud.
602 1669 637 1694 et
656 1664 757 1697 Leid.
776 1677 851 1697 cum
870 1667 960 1699 binis
986 1668 1091 1700 Goth.
1106 1670 1148 1712 (v.
1161 1671 1221 1711 IV,
1239 1672 1319 1704 668.
1346 1671 1439 1712 lVr.)
1473 1674 1536 1715 qui
1565 1672 1670 1704 clan—

150 1718 222 1750 gor
243 1715 373 1738 tantus
391 1708 536 1741 Vratisl.
585 1710 634 1742 ad
655 1723 766 1744 aures
785 1712 920 1757 aliquot
941 1714 1033 1748 Pier.
1059 1723 1092 1748 et
1112 1717 1224 1749 Burni.
1319 1718 1388 1752 562
1404 1720 1489 1750 ltine
1511 1731 1541 1751 o.
1569 1720 1670 1752 Roln.

149 1764 183 1785 ν.
203 1765 335 1785 exorsa
354 1754 526 1788 Montalb.
621 1757 691 1792 563
710 1759 888 1792 Scelerato
920 1761 1030 1795 Goth.
1054 1774 1123 1795 sec.
1218 1764 1289 1798 564
1314 1767 1362 1796 Ec
1390 1777 1445 1796 me
1469 1767 1564 1798 Serv.
1593 1777 1668 1809 sup.

147 1798 195 1831 ad
224 1812 256 1831 v.
290 1800 366 1835 134.
417 1813 524 1845 quam
552 1814 717 1847 nusquam
748 1805 942 1840 exhibetur.
1053 1809 1121 1843 565
1149 1811 1350 1853 Gnossius,
1386 1813 1560 1844 Cnossms
1595 1812 1666 1845 alii.

146 1846 222 1878 Illa
245 1847 279 1878 d.
306 1847 448 1880 Oudart.
499 1849 574 1881 Illa
603 1850 692 1883 mihi
719 1853 808 1886 Ven.
858 1854 929 1887 loci
953 1868 1100 1901 poenas
1128 1857 1299 1890 Montalb.
1335 1866 1368 1890 et
1398 1858 1520 1890 Hamb.
1550 1870 1601 1902 pr.
1631 1865 1667 1891 et

145 1893 237 1926 Gud.
259 1900 295 1925 et
313 1894 446 1926 Zulich.
469 1907 535 1938 pro
555 1896 622 1929 div.
643 1897 725 1930 lect.
774 1900 876 1944 loqui
890 1914 1000 1946 poen.
1025 1904 1127 1935 Voss.
1157 1916 1225 1938 see.
1276 1918 1376 1937 ream
1404 1918 1442 1950 p.
1473 1905 1665 1938 coniecisse

145 1951 183 1971 se
203 1946 351 1972 testatur
371 1942 490 1974 Heius.
524 1944 615 1977 conf.
639 1945 820 1980 Burmann.
838 1954 874 1979 et
892 1955 1025 1982 notam.
1119 1950 1189 1984 566
1218 1952 1276 1984 hic
1296 1953 1385 1984 Ven.
1419 1951 1573 1994 (Comma
1594 1964 1664 1995 po-

145 1985 198 2018 sui
221 1993 303 2030 post
325 1987 451 2027 habet,
478 1989 547 2022 vid.
567 1991 609 2023 V.
632 1991 672 2024 L.
693 1992 738 2023 ad
756 1994 800 2031 V,
825 1994 881 2028 24.
901 1995 930 2038 §-
951 1994 1002 2035 4.;
1033 2001 1138 2040 atque
1163 1996 1221 2030 hic
1242 1997 1348 2031 etiam
1365 1999 1400 2031 in
1426 1998 1587 2031 Medieeo
1604 1999 1662 2032 in—

142 2039 363 2078 terpunctum
385 2035 500 2068 video.
549 2037 656 2080 haec,
685 2039 819 2072 Graeco
843 2052 951 2084 more,
976 2038 1079 2076 τάδε.
1112 2044 1208 2088 ll'r.)

141 2175 222 2198 non
274 2162 481 2201 retulerim
534 2165 585 2202 ad
643 2168 871 2206 sonandi
928 2176 1038 2220 tuni,
1070 2170 1248 2221 adeoque
1275 2171 1502 2223 impurum,
1544 2174 1656 2212 iuce—

139 2219 330 2269 verbum,
373 2221 440 2258 sed
476 2224 623 2260 stridor
642 2224 750 2274 sbrrz'
783 2234 870 2263 tra-
928 2234 1052 2277 stum,
1084 2229 1219 2279 itaque
1244 2229 1318 2279 pii,
1343 2234 1467 2277 casti,
1511 2245 1655 2270 arcen-

137 2285 303 2328 ctaeque
327 2287 492 2316 catenae
513 2279 665 2318 dictum
693 2282 870 2321 arbitror
927 2291 997 2323 tur
1021 2286 1071 2323 ab
1097 2285 1177 2324 hoc
1209 2287 1310 2325 loco,
1369 2288 1463 2330 564.
1497 2297 1654 2339 praeest

135 2347 212 2385 pro
230 2335 413 2384 strident,
445 2352 474 2374 s.
500 2339 683 2385 stridere,
715 2349 868 2378 tractae
924 2343 1075 2394 Sibylla
1108 2344 1199 2382 luco
1230 2343 1412 2391 Averno,
1445 2352 1491 2384 ut
1519 2361 1652 2385 sacer-

121 2391 288 2441 jerreae
317 2402 506 2440 calenae,·
541 2401 581 2433 et
607 2396 655 2433 de
672 2397 865 2435 Nomina—
925 2400 1017 2449 dos,
1073 2415 1165 2439 nam
1203 2402 1427 2440 sacerdotes
1458 2406 1646 2454 praefici,

132 2449 218 2487 tivo
238 2449 278 2487 in
311 2452 505 2489 narrandi
535 2453 866 2505 describendique
914 2472 1127 2508 praeesse,
1160 2466 1207 2498 ut
1228 2463 1368 2507 sacris,
1403 2461 1457 2498 ita
1481 2464 1644 2512 templo,

131 2506 330 2545 brevitate
354 2509 502 2547 usitato
522 2511 603 2549 vid.
622 2512 776 2550 Not.ad
799 2514 862 2563 lv,
922 2516 1128 2555 dicuntur.
1197 2517 1291 2559 565.
1334 2519 1452 2555 deum
1477 2535 1643 2569 poenas,

131 2568 231 2607 201.
258 2565 376 2617 ll'r.)
920 2587 1018 2623 quas
1049 2574 1103 2612 dii
1136 2576 1372 2613 nocentibus
1407 2583 1644 2617 statuerunt.

189 2624 336 2664 562-
351 2625 446 2666 569.
485 2626 684 2674 insistere,
717 2626 861 2678 exqui-
918 2638 967 2668 ut
993 2632 1101 2683 apud
1119 2633 1267 2671 Auson.
1290 2635 1329 2671 in
1349 2635 1488 2684 Cupid.
1507 2638 1641 2674 crucis.

129 2680 203 2717 site
236 2695 311 2732 pro
341 2681 519 2732 ingredi,
559 2689 598 2720 et
631 2685 753 2722 limen
783 2699 858 2737 pro
917 2688 973 2730 56
994 2696 1153 2740 myrtus
1181 2692 1383 2729 invidiosa
1403 2693 1520 2729 (lenm
1540 2708 1640 2741 poe-

128 2737 254 2774 limini
284 2739 346 2776 vel
377 2740 416 2776 in
448 2740 592 2779 limine.
653 2742 748 2784 563.
771 2758 858 2780 -sce-
913 2748 992 2784 nis.
1054 2747 1143 2786 Hoc
1173 2762 1223 2786 ex
1242 2751 1381 2788 Servio
1412 2750 1638 2789 tenendum.

125 2796 295 2832 lemnam,
314 2796 397 2836 vid.
418 2797 536 2835 ovid.
558 2799 650 2837 Met.
670 2800 735 2848 lv,
758 2800 856 2850 455,
914 2802 988 2854 (De
1011 2805 1051 2842 vi
1080 2808 1328 2856 pronominis
1357 2809 1457 2856 Ipsa
1482 2807 1561 2844 vid.
1586 2811 1633 2855 Q.

123 2858 165 2889 et
185 2852 236 2890 ad
258 2853 403 2892 Tibull.
431 2855 458 2901 l,
483 2858 522 2902 3,
544 2859 610 2897 67.
671 2860 851 2897 Scelera-
911 2860 957 2900 V.
988 2863 1132 2911 XVIII,
1161 2868 1199 2912 3,
1231 2879 1263 2903 c.
1300 2863 1417 2916 llsr.)
1478 2879 1538 2901 me
1562 2880 1638 2914 per

122 2918 207 2947 tum
245 2917 304 2948 est
342 2912 555 2951 sceleribus
597 2917 850 2954 contamina-
909 2922 1045 2958 omm'a
1074 2921 1212 2970 duxit,
1267 2935 1334 2959 seu
1364 2922 1568 2960 narrando
1596 2930 1635 2960 ct
