1811 3388
435 203 844 255 AENElnos
882 205 1022 253 LIB.
1058 205 1146 267 ιν,
1185 210 1472 258 109—122
1593 215 1690 260 613

194 328 430 379 Confieri
449 328 636 393 possit,
673 327 874 392 paucis,
913 326 1151 391 adverte,
1184 328 1406 381 docebo,

190 401 454 449 Venatum
473 400 677 446 Aeneas
700 412 913 462 unaque
936 397 1229 446 miserrima
1252 399 1392 447 Dido

190 469 251 515 ln
274 481 463 513 nemus
494 465 569 513 ire
592 474 801 530 parant,
831 465 923 514 ubi
947 467 1148 531 primos
1181 468 1432 516 crastinus
1456 477 1600 517 ortus

189 533 443 583 Extulerit
470 534 623 582 Titan
638 574 649 596 ,
689 534 955 600 radiisque
974 536 1221 584 retexerit
1242 535 1445 589 orbem.

188 604 277 651 llis
304 618 401 666 ego
430 603 726 666 nigrantem
748 605 1009 652 conmixta
1028 604 1284 668 grandine
1305 605 1567 668 nimbum,
1592 613 1686 659 120

187 675 328 721 Dum
349 671 616 737 trepidant
638 672 771 735 alae,
809 673 1077 739 saltusque
1103 674 1349 738 indagine
1376 675 1603 739 cingunt,

186 744 428 806 Desuper
452 739 759 805 infundam,
799 751 851 792 et
878 744 1076 792 tonitru
1097 744 1308 793 coelum
1330 761 1493 794 omne
1519 745 1682 797 ciebo,

280 881 347 914 116
373 879 532 923 Confieri
560 879 594 912 in
615 880 714 913 Rom.
747 886 783 913 et
802 880 961 926 Longob.
986 882 1092 914 Pierii
1129 889 1164 915 et
1192 890 1339 927 quatuor
1361 883 1512 927 Heinsii,
1542 885 1601 929 qui
1619 897 1683 918 co—

186 926 285 970 piose
305 926 480 964 illustrat;
509 926 635 970 reliqui
658 928 732 959 fere
754 935 918 971 corrupte
941 929 1159 972 Quodfieri‚
1196 933 1273 971 Quo
1289 931 1397 973 fieri,
1432 931 1555 975 Hocj.
1591 934 1684 974 Quid

177 972 212 1018 J}
245 975 303 1005 An
318 971 366 1017 f,
389 973 483 1005 forte
504 974 597 1017 quod
620 974 786 1018 scriptum
808 981 883 1006 erat
904 976 1047 1015 Colieri.
1094 975 1219 1009 Medic.
1249 988 1268 1008 a
1290 989 1333 1009 m.
1354 989 1406 1020 pr.
1425 976 1585 1021 Quodf,
1611 985 1646 1010 et
1663 992 1682 1012 a

184 1031 253 1051 sec.
271 1019 392 1063 Conisss,
417 1022 534 1063 Sprot.
555 1026 590 1051 et
607 1031 672 1063 pro
694 1021 762 1054 div.
782 1020 862 1054 lect.
882 1021 1047 1054 Rottend.
1071 1034 1124 1066 pr.
1144 1021 1328 1066 Conserri,
1365 1024 1453 1056 Gud.
1477 1024 1626 1069 Quodsi
1646 1024 1682 1057 in

184 1064 300 1098 litura.
348 1065 410 1098 Ed.
431 1068 519 1098 Ven.
542 1065 649 1111 Ans.
674 1067 806 1099 valeat.
855 1067 960 1099 Goth.
981 1080 1049 1100 sec.
1073 1069 1253 1113 Conpleri.
1337 1071 1402 1103 113
1427 1079 1563 1115 parent
1582 1071 1680 1104 Leid.

179 1113 322 1157 primus
340 1112 465 1144 Medic.
495 1119 528 1144 et
559 1113 775 1145 emendatum
796 1115 976 1159 primum3
1011 1114 1113 1146 etiam
1136 1116 1233 1147 Rom.
1257 1116 1411 1161 primus.
1448 1116 1544 1160 (item
1569 1117 1679 1153 Palat.

187 1158 284 1200 llfr.)
333 1158 476 1190 Dorvill.
493 1160 633 1203 primos
662 1158 731 1191 ubi.
829 1162 893 1194 119
919 1161 1090 1193 intexerit
1124 1161 1228 1194 Goth.
1261 1174 1328 1194 sec.
1425 1164 1493 1198 120
1522 1165 1590 1195 Hic
1615 1176 1681 1209 ego

183 1216 303 1247 margo
325 1205 501 1236 Nascimb.
549 1207 731 1250 ingentem
753 1205 885 1238 Zulich.
908 1218 927 1238 a
944 1218 988 1239 m.
1010 1219 1062 1251 pr.
1111 1219 1189 1239 cum
1210 1209 1322 1240 mixta
1347 1208 1455 1242 Wall.
1498 1212 1680 1255 permixta

184 1251 271 1282 ven.
294 1251 350 1293 (cf.
371 1263 419 1283 vs·
445 1253 520 1285 161.
561 1251 654 1291 ll'r.)

183 1304 262 1340 post
280 1304 482 1340 sequentem
500 1302 553 1329 est
576 1297 775 1330 collocatus.

729 1253 791 1286 121
818 1253 1000 1296 silvasque
1026 1253 1130 1286 Witt.
1177 1255 1216 1285 In
1249 1254 1356 1288 Goth.
1390 1267 1458 1288 sec.
1485 1255 1541 1288 hic
1561 1268 1679 1289 versus

872 1300 937 1333 1ἳὲ
962 1299 1108 1333 movebo
1129 1300 1216 1332 Gud.
1240 1307 1275 1333 et
1297 1301 1365 1333 duo
1384 1300 1444 1334 alii
1471 1314 1513 1334 ex
1531 1302 1676 1347 interpr.

183 1401 378 1439 demanno
401 1400 450 1438 ad
471 1401 599 1440 Plaut.
622 1402 772 1453 Captiv.
796 1403 843 1452 V,
866 1406 902 1453 1,

185 1461 249 1499 10.
272 1474 280 1496 ;
327 1488 351 1508 „
372 1461 517 1495 Tecum
554 1459 687 1507 fidem
728 1463 898 1498 servavi.

180 1515 354 1564 „Eodem
373 1515 492 1554 modo
517 1515 676 1554 Curcul.
701 1516 728 1565 I,
749 1520 788 1566 2,
816 1517 904 1558 49.:

180 1573 252 1621 „Si
276 1573 406 1620 fidem
443 1588 577 1610 serras
613 1588 780 1611 mecum.
856 1574 901 1611 In

177 1628 279 1678 „hac
311 1636 350 1666 et
382 1630 572 1677 similibus
601 1631 779 1668 formulis
811 1645 902 1668 cum

178 1687 442 1737 „singularem
507 1687 628 1725 habet
683 1689 898 1727 notionem.

176 1744 290 1792 „Non
311 1744 414 1782 enim
445 1750 501 1781 est
537 1741 642 1796 ἅμα,
688 1741 784 1795 σύν,
828 1745 897 1783 sed

175 1801 268 1850 ,,ε’ν,
310 1798 432 1854 παρά.
499 1802 630 1840 Veluti
666 1801 707 1840 in
743 1803 897 1854 vulgari

175 1858 265 1906 „illa
285 1859 450 1896 formula
473 1867 596 1896 tecum
605 1860 678 1910 siti
693 1874 765 1910 pro
784 1861 900 1910 apud

175 1916 331 1966 „lesui.
393 1918 456 1953 Sic
485 1916 606 1967 igitur
636 1918 739 1954 Rud.
778 1918 823 1966 V,
858 1921 894 1965 1,

175 1974 286 2020 ,,6Ο.;
330 1975 474 2010 'l'eezcm
514 1974 653 2010 habeto
669 2003 679 2022 ,
732 1988 805 2025 pro
849 1987 893 2011 eo

175 2029 309 2077 „quod
332 2030 449 2080 vulgo
483 2030 557 2067 dici
585 2031 705 2068 solet:
744 2030 895 2067 habeas·

175 2085 281 2132 „alul
341 2087 405 2123 sic
426 2087 679 2138 explicandae
697 2094 791 2124 sunt
808 2089 893 2124 sor-

174 2142 328 2189 „mulae
349 2144 510 2181 similes:
541 2153 668 2180 tecum
688 2159 767 2192 oro,
793 2145 893 2181 Bac-—

173 2198 304 2248 „chid.
326 2200 388 2248 Ill,
413 2204 450 2247 3,
474 2204 540 2241 90.
575 2209 701 2238 lecum,
723 2215 889 2250 orarem,

173 2256 468 2305 ,‚ssaec11id.111,
493 2261 531 2306 (j,
557 2259 642 2307 25&
670 2258 771 2295 adde
786 2258 892 2297 Asin.

172 2313 262 2361 „lll,
288 2318 324 2357 3,
350 2317 414 2354 72.
438 2318 503 2355 96.
536 2315 639 2354 Rud,
663 2315 725 2363 Ill,
755 2316 792 2362 4,
825 2318 892 2357 68.

171 2372 279 2419 „Casu
305 2371 347 2419 ll,
369 2373 406 2419 5,
433 2375 520 2411 16.“
579 2371 650 2408 His
663 2372 890 2410 addendum

170 2433 255 2464 erat
275 2428 371 2465 illud
395 2429 510 2465 etiam
524 2429 697 2479 pedestri
709 2443 887 2467 sermone

170 2485 308 2522 tritum
344 2489 454 2537 quet-b
486 2501 577 2523 cum
609 2488 770 2537 aliquo,
813 2501 885 2538 pro

169 2556 247 2591 quo
276 2543 391 2579 etiam
413 2546 522 2594 queri
546 2546 684 2593 apud
711 2546 887 2595 aliquem

168 2600 381 2638 invenitur.
426 2603 470 2638 ll
484 2599 542 2652 'r.)
612 2601 744 2638 Alium
770 2616 886 2639 usum

169 2656 369 2694 insolitum
408 2660 483 2697 τοῦ
517 2672 670 2696 mec-nm
713 2660 886 2698 vidimus

169 2725 252 2762 sup.
274 2714 298 2757 l,
318 2715 411 2755 675.
453 2715 533 2751 Sed
551 2730 699 2765 magno
725 2718 883 2755 Aeneae

168 2782 318 2805 mec-um,
366 2780 541 2807 teneatur
588 2788 719 2809 (miore
734 2805 744 2822 ,
808 2773 884 2815 σύν

168 2824 267 2873 ἐμοὶ,
300 2840 370 2876 pro
395 2823 452 2866 δι’
481 2827 591 2878 ἐμοῦ.
630 2844 719 2866 mea
743 2847 876 2882 opera.

169 2880 292 2931 (qnod
307 2884 426 2920 instat
443 2885 601 2935 proprie
615 2886 765 2925 dictum
787 2904 859 2940 pro
876 2906 883 2927 ;

961 1404 1069 1453 quod
1086 1405 1354 1456 peragendum
1383 1413 1463 1456 est,
1494 1413 1541 1445 ut
1570 1409 1676 1459 apud

959 1462 1099 1512 Nepot.
1122 1461 1256 1501 Them.
1280 1477 1311 1501 c.
1334 1467 1390 1504 1.:
1420 1465 1468 1501 sle
1494 1467 1678 1503 instanti-

960 1518 1032 1555 bus
1053 1521 1251 1557 weris-sime
1281 1521 1498 1559 iudicabat.
1533 1522 1675 1575 chlz.)

958 1575 1055 1613 Mox
1081 1578 1300 1615 miserrima
1327 1578 1452 1627 Dido,
1492 1581 1676 1630 quoniam

957 1633 1000 1670 in
1023 1647 1163 1684 magno
1181 1648 1313 1673 amore
1339 1636 1499 1687 proprie
1529 1637 1676 1675 dicitur

956 1692 1156 1728 miserum.
1237 1692 1250 1744 (
1272 1715 1323 1721 —
1350 1696 1442 1734 119.
1488 1694 1674 1732 Similiter

955 1747 1106 1785 Ennius
1144 1762 1232 1799 pag.
1281 1750 1372 1790 125.
1409 1750 1470 1789 ed.
1508 1750 1674 1789 flesset:

954 1805 1078 1853 „Inde
1101 1805 1287 1857 patefecit
1316 1806 1438 1844 radiis
1459 1815 1549 1846 rota
1577 1823 1673 1846 can-

955 1862 1048 1899 dida
1071 1864 1261 1901 coelu1n.‘⁴
1297 1862 1409 1916 lffsr.)

1013 1922 1104 1960 120.
1127 1921 1228 1971 Ergo
1251 1919 1442 1959 habemus
1460 1928 1499 1959 et
1518 1921 1584 1959 hic
1605 1922 1673 1960 Iu-

953 1989 1095 2013 nonem
1114 1974 1420 2030 κεραυνοβὸλον.
1463 1980 1564 2017 conf.
1586 1993 1671 2031 sup.

951 2034 980 2081 Ι,
1013 2032 1067 2073 42
1107 2035 1156 2071 de
1197 2035 1386 2073 Minerva.
1459 2039 1549 2077 121.
1581 2038 1672 2074 alas

953 2090 1112 2128 Servius
1144 2091 1192 2128 de
1219 2092 1417 2141 equitibus
1443 2093 1669 2143 accipiebat,

953 2161 1069 2197 quem
1097 2155 1319 2198 sequuntur
1350 2149 1415 2185 alii
1440 2149 1517 2187 viri
1546 2150 1668 2198 docti,

955 2204 1013 2256 (in
1047 2206 1189 2254 quibus
1220 2205 1350 2244 Hand.
1381 2205 1431 2242 ad
1460 2209 1558 2244 Stat.
1581 2210 1619 2245 S.
1640 2208 1667 2256 I,

950 2265 995 2309 2,
1027 2262 1091 2302 75.
1134 2261 1246 2314 llfr.)
1288 2269 1335 2300 ut
1372 2263 1428 2300 illi
1466 2265 1666 2314 trepident,

950 2319 1149 2357 festinent.
1208 2322 1308 2356 Sunt
1327 2333 1417 2357 sane
1436 2322 1528 2358 alae
1555 2321 1667 2371 equi-

949 2382 1057 2413 tatus
1093 2377 1313 2425 sociorum3
1376 2383 1458 2414 tum
1507 2379 1666 2416 omnino

949 2434 1127 2482 equitum
1162 2440 1329 2471 turmae.
1402 2434 1549 2472 Verum
1586 2442 1665 2473 tam

946 2490 1124 2528 absolute
1141 2491 1219 2528 alas
1229 2489 1306 2528 hoc
1317 2503 1431 2528 sensu
1449 2493 1553 2542 poni,
1576 2506 1665 2530 cum

945 2547 1068 2597 nihil,
1110 2548 1219 2598 quod
1249 2561 1293 2586 eo
1334 2548 1476 2598 ducat,
1520 2550 1663 2588 adiun—

945 2611 1053 2642 ctum
1088 2606 1159 2654 sit,
1197 2606 1338 2643 merito
1376 2606 1542 2644 mireris.
1610 2608 1663 2644 De

943 2662 1042 2711 illis,
1073 2663 1139 2712 qui
1162 2663 1384 2714 indaginem
1404 2665 1662 2712 constituunt,

944 2726 1014 2756 aut
1043 2720 1109 2769 qui
1143 2720 1259 2758 silvas
1281 2720 1451 2771 agitant,
1483 2729 1528 2759 ut
1561 2723 1661 2759 feras

942 2777 1168 2825 excutiant,
1211 2778 1294 2815 alii:
1333 2778 1414 2816 vid.
1446 2777 1659 2816 Burmann.

941 2834 1017 2872 Sed
1038 2834 1079 2872 id
1106 2848 1187 2872 non
1219 2835 1348 2872 minus
1380 2835 1430 2871 ad
1453 2836 1658 2873 arbitrium

940 2891 993 2929 fit.
1055 2892 1153 2928 Cum
1194 2891 1234 2929 in
1274 2892 1485 2929 venatione
1525 2905 1656 2930 verse—
