1779 3420
188 215 288 263 598
536 212 590 260 Ρ.
628 212 997 261 VIRGILII
1031 213 1404 263 MARONIS

188 340 351 400 Ante,
387 336 594 401 Pudor,
634 354 794 403 quam
817 346 869 386 te
901 337 1069 399 violo,
1110 348 1197 387 aut
1218 347 1305 388 tua
1338 339 1447 389 iura
1474 339 1699 393 resolvo,

188 405 286 457 Ille
306 422 484 469 meos,
516 408 719 473 primus
742 408 832 474 qui
854 424 944 456 me
968 407 1065 456 sibi
1088 408 1271 471 iunxit,
1310 426 1519 458 amores

188 476 438 538 Abstulit3
478 477 567 526 ille
589 477 783 526 habeat
806 494 987 527 secum
1007 487 1288 544 servetque
1309 479 1568 545 sepulcro.

194 546 278 595 Sic
307 545 466 595 effata
483 547 659 596 sinum
689 546 917 596 lacrimis
941 547 1160 613 inplevit
1192 548 1408 601 obortis,

259 619 411 666 Anna
433 615 622 667 refert:
663 617 710 666 O
738 616 856 666 luce
875 618 1042 680 magis
1063 617 1253 667 dilecta
1285 620 1473 682 sorori,

262 715 341 760 31.
381 725 607 773 REFERT,

1636 556 1702 601 30

749 722 990 770 mmmm,

192 848 355 882 adieetivi
381 848 456 882 vice
480 849 663 892 fungatur3
688 855 807 882 contra
831 849 894 891 VI,
919 846 1022 884 247.:
1049 847 1249 892 „Coeloque
1274 847 1459 894 Ereboque
1483 852 1702 895 potentem,“

192 895 370 940 participii
394 895 462 928 vim
487 896 594 928 habet
614 903 813 942 potentem.
863 897 982 940 Itaque
1008 894 1037 927 si
1057 893 1175 928 Erebo
1200 901 1320 927 tenere
1345 897 1443 936 velis,
1467 896 1589 941 iungas
1608 902 1704 931 Ere-

193 941 236 976 bo
261 944 392 988 adigat
414 954 555 975 necesse
581 949 655 984 est,
689 948 726 974 ut
751 941 870 976 Erebo
894 954 964 974 non
998 942 1045 975 sit
1077 948 1195 975 sextus
1234 954 1351 984 casuS‚
1384 944 1445 976 sed
1471 945 1610 978 tertius.
1660 948 1706 978 At

192 988 259 1022 iam
277 989 368 1030 vide,
390 1001 490 1033 quam
512 988 610 1022 exilis
629 989 677 1022 ita
697 995 732 1021 et
754 989 888 1022 enervis
910 989 969 1022 fiat
989 987 1169 1034 appositio
1190 989 1383 1022 Pallentes
1404 990 1558 1024 umbras.
1589 994 1705 1033 Quare

193 1035 300 1069 nolim
326 1036 487 1080 equidem
512 1036 696 1077 dubitare,
739 1035 823 1081 quin
846 1035 965 1069 Erebo
989 1036 1193 1069 mendosum
1222 1035 1278 1069 sit.
1311 1037 1404 1080 lVr.)
1499 1040 1544 1074 27
1570 1041 1705 1072 Sancte

191 1083 312 1129 pudor
337 1083 476 1126 elegans
501 1082 700 1116 Marklandi
724 1082 816 1116 coni.
841 1083 934 1127 apud
959 1082 1163 1128 Spencium;
1197 1094 1261 1115 nec
1287 1090 1401 1116 tamen
1424 1083 1511 1117 illud
1532 1087 1641 1132 prius
1662 1104 1696 1110 —-

193 1137 455 1174 ante—quam
481 1129 641 1174 exemplo
675 1136 771 1163 caret
803 1142 846 1162 ne
872 1130 966 1174 apud
1001 1136 1125 1175 poetas
1152 1128 1301 1174 quidem.
1339 1131 1439 1174 (ante
1460 1134 1567 1178 prius
1591 1132 1706 1176 iungit

191 1176 304 1209 Plaut.
329 1175 429 1209 Trin.
454 1177 499 1218 V,
524 1178 556 1218 Ξ,
583 1178 656 1212 17.:
682 1188 819 1221 „neque
845 1189 922 1209 eum
947 1183 1052 1209 ante
1078 1176 1245 1220 conspexi
1270 1177 1448 1221 prius.“
1482 1180 1703 1222 Propert.11‚

192 1223 250 1265 25,
273 1222 349 1258 25:
394 1225 485 1264 „Aut
503 1225 613 1270 prius
636 1222 768 1257 infecto
794 1223 958 1267 deposcit
982 1223 1136 1269 praemia
1162 1235 1282 1265 cursu,
1316 1224 1471 1268 Septima
1497 1239 1603 1271 quam
1629 1238 1705 1259 me-

193 1277 262 1304 tam
286 1269 426 1303 triverit
450 1278 539 1303 ante
569 1273 691 1304 rota.“
731 1270 801 1303 vid.
830 1271 984 1304 Huschk.
1012 1270 1055 1303 ad
1080 1270 1212 1303 Tibull.
1245 1271 1270 1312 I,
1294 1271 1327 1311 3,
1357 1274 1410 1305 10.
1440 1273 1536 1315 lVr.)
1597 1274 1705 1315 violo,

194 1316 339 1350 resolvo
363 1317 587 1349 vetustissimi
613 1317 742 1350 Bened.
767 1317 872 1351 Pierii
899 1324 934 1350 et
959 1317 1078 1350 Heins.
1104 1329 1179 1350 cum
1205 1318 1446 1351 Grammaticis
1470 1320 1563 1363 apud
1588 1320 1705 1353 Heius.

193 1363 305 1396 Etiam
339 1362 389 1396 sic
413 1363 535 1408 fragm.
560 1364 674 1397 Vatic-
715 1370 750 1397 et
784 1377 825 1397 ex
850 1364 1042 1408 Aproniani
1066 1363 1270 1397 recensione
1296 1377 1372 1397 esse
1407 1372 1442 1398 et
1467 1366 1556 1400 hanc
1580 1366 1707 1400 lectio-

192 1422 272 1444 nem
292 1411 461 1455 Pompon.
478 1411 558 1444 Sab.
580 1411 696 1445 docet.
744 1415 790 1444 At
809 1411 974 1446 Priscian.
994 1411 1048 1444 ed.
1072 1417 1158 1444 vett.
1180 1417 1216 1443 et
1234 1411 1336 1444 codd.
1366 1412 1501 1456 aliquot
1529 1414 1708 1447 recentio-

193 1469 250 1490 res
273 1457 452 1491 violem—
469 1458 649 1491 resolvam
670 1458 763 1503 apud
778 1460 959 1491 Burmann.
1008 1457 1193 1492 Enimvero
1216 1457 1283 1490 iam
1312 1458 1357 1491 ad
1385 1461 1411 1502 1,
1436 1461 1505 1495 706
1536 1461 1708 1494 observa-

193 1511 265 1537 tum
287 1511 350 1545 est,
375 1505 658 1548 consequentiam
679 1505 775 1538 illam
792 1512 990 1550 temporum
1019 1518 1039 1538 a
1072 1511 1179 1549 poeta
1210 1505 1309 1550 epico
1338 1517 1407 1538 non
1434 1507 1537 1540 modo
1564 1508 1707 1552 negligi,

193 1563 310 1583 verum
330 1550 434 1583 etiam
456 1551 578 1584 sedulo
600 1552 714 1585 vitari.
752 1553 828 1596 (sed
846 1552 945 1593 vide,
971 1563 1058 1597 quae
1081 1563 1145 1595 ego
1176 1551 1224 1585 ibi
1253 1552 1388 1597 scripsi.
1439 1555 1518 1586 Non
1549 1561 1601 1586 est
1622 1555 1708 1588 haec

194 1597 334 1651 poetica
355 1598 523 1642 quaedam
545 1599 728 1631 modorum
750 1599 984 1644 permutati03
1010 1599 1072 1632 sed
1093 1598 1262 1631 abhorret
1286 1599 1328 1632 ab
1349 1600 1415 1633 hac
1438 1600 1598 1633 oratione
1619 1614 1708 1634 con-

194 1644 382 1682 iunctivus,
417 1656 483 1688 quo
517 1644 756 1687 indicaretur,
789 1646 865 1678 fieri
889 1652 1004 1679 tamen
1032 1645 1099 1678 hoc
1130 1656 1247 1689 posse.
1295 1649 1341 1678 At
1370 1647 1458 1679 Dido
1480 1647 1609 1680 nullum
1635 1649 1708 1681 vult

196 1702 273 1723 esse
302 1690 517 1723 dubitationi
538 1691 673 1731 locum3
700 1699 735 1725 et
756 1692 844 1725 haec
861 1696 959 1726 Ante
979 1717 987 1725 .
1003 1717 1010 1725 .
1024 1716 1031 1724 .
1053 1705 1159 1736 quam
1186 1692 1280 1725 violo
1308 1692 1400 1726 idem
1429 1694 1566 1735 valent,
1592 1696 1706 1739 quod:

195 1738 413 1781 „Numquam
432 1737 572 1770 violabo
594 1739 799 1783 pudorem.“
848 1740 977 1772 Contra
1005 1738 1033 1771 si
1056 1738 1184 1782 legeris
1203 1739 1332 1772 violem
1348 1761 1390 1764 —
1404 1741 1596 1782 resolvam,
1620 1741 1708 1776 haec

197 1782 264 1816 erit
288 1784 478 1817 sententia:
505 1785 564 1826 „Si
591 1785 672 1826 fiat,
707 1793 744 1818 ut
774 1786 943 1831 pudorem
971 1785 1119 1826 violem,
1145 1789 1248 1817 aute“
1285 1795 1364 1829 cet„
1399 1787 1493 1831 quod
1527 1795 1618 1820 esset
1651 1789 1707 1821 in-

197 1837 323 1874 eptum.
356 1831 449 1871 lVr.)
544 1832 589 1865 28
612 1833 750 1877 primos
778 1836 894 1877 Sprot.
920 1840 953 1865 et
983 1832 1104 1865 Hamb.
1126 1843 1178 1874 pr.
1211 1845 1228 1864 a
1254 1845 1296 1865 m.
1324 1845 1374 1877 pr.
1421 1835 1577 1880 primum
1608 1836 1707 1869 Leid.

197 1876 248 1920 (et
273 1877 398 1920 fragm.
420 1879 500 1910 vat.
519 1878 611 1923 apud
635 1880 769 1912 Bottar.
799 1880 898 1919 lVr.)
947 1880 1066 1911 vinxit
1089 1878 1222 1922 aliquot
1248 1879 1340 1913 Pier.
1361 1881 1521 1913 Parrhas.
1544 1882 1598 1915 ed.
1618 1884 1707 1916 Ven.

195 1924 242 1958 29
275 1924 437 1956 Sustulit
472 1927 591 1967 Sprot.
651 1934 846 1971 servatque
881 1926 1006 1959 Humb.
1041 1925 1142 1958 alter.
1257 1927 1303 1961 30
1336 1928 1453 1971 offoca
1478 1928 1548 1962 Erf.
1607 1942 1710 1962 smus

196 1970 367 2003 Montalb.
388 1976 423 2002 et
440 1972 530 2004 Ven.
579 1970 718 2005 (chortis
736 1973 846 2005 multi.
898 1974 963 2018 (—
983 1973 1041 2007 31.
1067 1973 1106 2004 In
1127 1972 1284 2005 Mediceo
1303 1974 1398 2017 prius
1420 1975 1534 2007 fuerat
1555 1976 1708 2010 delecta.

197 2016 318 2049 Delevi
339 2028 470 2050 comma
495 2024 575 2050 ante
597 2020 718 2052 sorori
737 2020 887 2062 positum
901 2046 908 2060 ‚
935 2019 1028 2063 quod
1053 2018 1246 2051 orationem
1265 2020 1446 2053 tenerrimi
1466 2022 1609 2054 affectus
1629 2023 1709 2067 ple-

196 2075 274 2095 nam
294 2063 383 2096 male
404 2063 645 2109 interrumpit3
672 2066 806 2098 dilecta
825 2068 947 2099 sorori
963 2066 986 2099 i.
1012 2078 1040 2097 e.
1062 2067 1166 2106 mihi,
1207 2067 1268 2099 sed
1289 2067 1447 2101 blandius
1470 2068 1574 2109 illud;
1609 2069 1708 2102 simi-

196 2110 279 2143 liter
297 2110 387 2143 infra
407 2109 506 2147 435:
533 2111 723 2153 „miserere
749 2113 977 2146 sororis.“
1008 2112 1102 2156 lVr.)

199 2228 336 2266 territa
362 2235 432 2266 est.
475 2226 812 2281 („Laedimus
845 2230 926 2268 de-

199 2300 298 2334 um,
330 2286 361 2323 si
388 2286 514 2324 officia
547 2288 782 2326 mortalibus
811 2288 858 2325 ab
881 2301 925 2326 eo

199 2343 440 2394 praescripta
472 2345 713 2395 negligimus.
775 2346 832 2383 lta
863 2360 924 2398 ap.

984 2247 1054 2271 ποι
1085 2230 1194 2269 Iliad.
1234 2246 1268 2279 ι,
1308 2231 1403 2273 566.
1462 2231 1547 2271 Hae
1576 2240 1708 2272 autem

984 2290 1177 2326 lacrimae
1208 2302 1394 2339 magnum
1419 2290 1529 2328 facile
1550 2298 1709 2342 poetam

985 2352 1173 2397 arguunt.
1232 2347 1333 2384 Dum
1356 2348 1445 2385 vult
1465 2355 1650 2387 constans
1671 2355 1710 2387 et

200 2400 303 2450 Virg.
326 2410 360 2437 te
382 2401 499 2447 violo,
537 2404 692 2448 Pudor,
721 2403 926 2454 accipies.“

200 2457 310 2494 Haec
339 2457 548 2496 Wunderl.
582 2459 622 2495 in
655 2460 767 2498 Obss.
791 2461 832 2497 in
855 2461 925 2498 Ti-

200 2515 297 2552 bull.
329 2515 357 2560 l,
391 2517 427 2561 3,
460 2517 525 2556 79.
564 2515 680 2569 lV1·.)
743 2518 827 2559 Vss,
858 2521 925 2559 28.

201 2575 256 2613 29
288 2571 503 2609 dulcissimi
543 2579 637 2610 sunt
675 2574 838 2612 affectus
887 2581 927 2612 et

201 2642 364 2679 magnae
388 2628 603 2678 dignitatis.
654 2631 729 2667 Uni
751 2645 821 2668 suo
844 2645 927 2668 ma-

202 2687 278 2724 rito
305 2698 478 2723 amorem
512 2700 626 2723 suum
657 2701 696 2724 se
730 2688 928 2725 addixisse

203 2744 271 2782 ait.
303 2742 400 2796 (vid.
418 2743 506 2780 Not.
533 2743 583 2780 ad
607 2744 651 2791 V,
684 2744 778 2785 334.
810 2744 927 2798 lsVr.)

202 2803 335 2839 sinum
355 2814 393 2839 v.
417 2803 471 2842 30
494 2801 592 2838 male
613 2803 722 2839 Serv.
753 2802 801 2839 de
829 2817 927 2840 ocu-

203 2859 268 2907 lis,
307 2871 397 2897 cum
425 2859 631 2896 manifeste
668 2860 839 2910 pectoris
878 2861 927 2897 sit

204 2917 324 2954 sinus.
367 2911 535 2957 δεύοντο
567 2914 610 2956 ὁὲ
640 2913 808 2970 δάκρυσι
838 2913 926 2957 κόλ-

985 2417 1123 2454 aspera
1158 2410 1196 2441 et
1225 2404 1273 2441 ab
1306 2418 1440 2442 amore
1470 2406 1620 2444 intacta
1645 2407 1709 2445 vi·-

985 2461 1091 2509 deri,
1128 2474 1217 2498 ecce
1246 2461 1409 2499 oborlae
1435 2463 1620 2502 lacrimae
1648 2465 1709 2501 la-

984 2519 1192 2555 borantem
1233 2520 1387 2556 occulto
1437 2522 1580 2558 affectu
1620 2522 1709 2558 ani-

986 2589 1095 2613 mum
1125 2575 1313 2626 produnt.
1347 2578 1448 2615 cons.
1479 2578 1617 2616 Horat.
1644 2579 1707 2627 lV,

986 2632 1015 2680 I,
1047 2635 1100 2674 33
1124 2646 1207 2682 sqq.
1257 2634 1338 2669 Sed
1354 2649 1424 2671 cur
1446 2635 1536 2685 heu,
1571 2638 1709 2687 Lign-

986 2692 1093 2736 rime,
1128 2705 1198 2727 em·
1219 2696 1292 2728 etv.

1043 2749 1093 2788 31
1140 2761 1222 2797 sqq.
1266 2748 1473 2799 Egregium
1512 2750 1710 2788 suasoriae

987 2804 1177 2841 orationis
1226 2807 1449 2857 exemplum
1488 2808 1529 2845 in
1583 2815 1709 2860 poeta.

985 2862 1107 2898 slsum
1149 2863 1266 2913 resia-l
1295 2865 1442 2914 verba,
1481 2865 1708 2917 respondet.

984 2932 1021 2956 v.
1046 2919 1179 2957 Burm.
