1811 3388
394 146 808 200 AENEIDOS
846 149 1112 212 L1B.V1‚
1149 156 1443 206 273—282

1567 165 1664 211 893

151 274 378 334 Gaudia3
423 270 876 339 mortiferumque
903 273 1126 323 adverso
1157 276 1210 323 in
1236 275 1419 327 limine
1442 281 1665 346 Bellum,

148 345 441 410 Ferreique
482 342 850 392 Eumenidum
884 343 1126 408 thalami,
1176 353 1227 394 et
1258 346 1531 399 Discordia
1573 350 1666 400 de-

936 430 1108 476 mens,
1566 426 1666 471 280

149 484 444 548 Vipereum
469 482 671 531 crinem
694 482 831 531 vittis
858 483 1046 532 innexa
1078 484 1322 536 cruentis,

217 555 277 601 In
302 551 486 601 medio
518 569 696 602 ramos
721 569 1029 620 annosaque
1055 552 1269 602 brachia
1291 554 1477 620 pandit

240 681 310 716 279
335 680 679 727 monstrtserumque
707 681 797 714 alter
821 682 946 715 Hamb.
971 695 1002 715 v.
1028 684 1142 715 Burm.
1190 683 1228 716 in
1263 683 1364 717 deest
1388 683 1577 728 Hamburg.
1612 697 1665 729 pr.

146 730 183 761 in
209 729 232 761 l.
262 728 373 760 telum
398 728 507 761 Goth.
532 736 612 762 tert.

707 730 776 763 280
801 737 836 761 et
861 729 961 762 abest
987 742 1003 762 a
1030 729 1120 762 binis
1146 731 1259 762 Burm.

148 788 223 819 sup.
248 775 291 807 ad
318 776 447 818 Georg.
474 776 533 814 1V,
558 776 638 817 482,
664 775 708 807 ad
733 776 866 809 Tibull.
892 777 917 817 1,
941 776 975 817 3,
1000 777 1056 811 69.
1105 778 1235 809 innixa
1260 778 1360 810 Rom.

1351 731 1419 766 281
1453 732 1589 764 innexa
1621 732 1664 764 cf.

1432 779 1503 812 282
1520 779 1563 810 In
1590 791 1666 811 me·

147 823 248 854 dium
273 821 361 854 alter
386 823 523 866 Menag.
572 824 618 854 Ιη
644 822 780 855 medios
803 822 974 855 Montalb.
1022 824 1132 855 Porro
1161 823 1280 855 tendit
1302 824 1462 857 Parrhas.
1511 825 1667 858 tendens

148 869 263 901 Proba
289 868 463 901 Faltonia.
510 870 680 914 pandens
703 869 820 902 Schol.
847 869 961 902 Statii.
996 882 1028 902 v.
1055 882 1129 914 sup.
1155 870 1198 902 ad
1225 870 1353 915 Georg.
1378 872 1420 915 ΙΙ,
1445 872 1526 907 296.

134 960 292 1011 ”Τπνος
309 963 549 1017 κασίγνητος
571 960 773 1004 Θανάτου.
807 964 880 1002 Et-

147 1021 225 1058 iam
244 1021 419 1059 Hesiodo
448 1021 648 1072 Theogon.
681 1023 765 1064 756
795 1036 877 1073 sqq.

149 1080 319 1117 Somnus
355 1085 395 1116 et
433 1081 550 1116 Mors
591 1079 716 1116 Nocte
750 1086 878 1118 matre

147 1137 256 1175 editi.
289 1138 401 1173 mala
416 1140 556 1173 menits
570 1138 739 1174 Gaudia
756 1138 877 1175 adeo-

148 1208 225 1244 que
246 1196 413 1243 mentis,
446 1207 546 1244 quae
574 1200 613 1232 et
637 1195 718 1246 ipsa
745 1197 873 1245 mala,

148 1259 188 1289 et
218 1253 399 1300 scelesta,
441 1265 522 1289 esse
557 1252 685 1290 debet.
747 1252 877 1303 Argu-

147 1316 261 1348 tatur
279 1311 319 1347 in
341 1308 519 1361 epitheto
549 1311 695 1347 Seneca
717 1310 789 1362 Ep.
810 1312 876 1352 59.

147 1367 312 1406 Dixerat
322 1390 379 1395 —
388 1368 591 1418 gaudium
608 1371 688 1406 nisi
703 1371 879 1419 sapienti

148 1440 227 1463 non
273 1427 497 1475 conlingere
518 1446 575 1453 —
596 1427 739 1477 ltaque
784 1440 876 1463 cum

146 1483 244 1520 dicit
278 1484 480 1533 Virgilius
505 1491 661 1522 noster:
691 1484 742 1521 Et
772 1483 875 1521 mala

148 1540 294 1578 mentis
322 1540 498 1578 Gaudia:
535 1540 675 1578 diserte
714 1542 876 1593 quidem

148 1599 246 1635 dicit
260 1613 275 1645 ;
309 1599 381 1635 secl
408 1612 562 1648 parum
584 1602 747 1648 proprie
778 1597 875 1652 (scil.

149 1669 170 1693 e
189 1656 417 1693 Stoicorum
445 1655 693 1709 disciplina),
721 1658 877 1694 nullum

147 1717 253 1751 enim
277 1715 433 1750 malam
451 1714 655 1764 gaudium
678 1723 747 1751 est.
807 1714 878 1752 Est

147 1784 241 1809 sane
270 1771 600 1823 ἐπιχαιρεκακία,
641 1784 714 1808 nee
744 1777 878 1809 tamen

146 1829 255 1867 sorte
288 1841 333 1866 eo
364 1841 507 1877 sensu,
541 1842 619 1879 quo
645 1835 724 1878 est,
756 1831 878 1867 malis

147 1887 315 1924 alienis.-
350 1886 418 1924 sed
446 1886 630 1935 omnino,
660 1901 750 1925 cum
776 1888 877 1925 male

146 1944 262 1982 factis
295 1944 473 1995 gaudent
513 1944 739 1982 facinorosi.
799 1946 878 1981 αιί-

147 2016 257 2040 rerso
274 2003 315 2038 in
334 2003 486 2038 litnc'tze.
550 2002 703 2039 Bellum
727 2002 768 2038 in
790 2002 875 2052 ipso

147 2059 282 2096 limine
323 2057 432 2110 (011111
468 2059 599 2096 Furiis
646 2065 686 2096 et
723 2057 875 2111 Eride),

148 2116 336 2167 quoniam
358 2116 466 2154 nulla
491 2116 620 2154 maior
648 2116 787 2153 mortis
818 2123 877 2154 est

148 2187 306 2222 caussa,
346 2173 400 2211 ait
428 2175 564 2222 Serv.,
599 2173 715 2210 nimis
742 2180 877 2222 acute,

147 2245 241 2269 nam
267 2232 414 2281 repetit
442 2237 584 2282 poeta,
616 2230 726 2281 quod
755 2245 876 2282 supra

146 2295 368 2340 posuerat:
415 2290 560 2338 primis
604 2291 645 2325 in
675 2288 876 2338 saucibus·

154 2346 263 2386 Orci.
325 2346 522 2394 llzalamc‘,
557 2351 604 2383 ut
635 2359 695 2396 ap.
724 2345 877 2383 Home-

146 2417 260 2453 rum,
303 2402 507 2454 θάλαμοι,
550 2402 755 2452 cubicula,
795 2404 876 2441 ser-

145 2461 223 2499 reis
263 2461 445 2498 claustris
484 2474 553 2497 seu
592 2460 758 2498 foribus.
818 2461 877 2498 Ita

150 2516 312 2566 Νυκτός
361 2519 504 2566 παῖδες
555 2517 725 2569 ἐρεμνῆς
775 2514 877 2558 οἰκί’

148 2576 307 2627 ἔχουσιν
327 2576 366 2613 111
391 2576 542 2613 foribus
565 2576 736 2624 Tartari,
768 2575 876 2626 apud

147 2633 307 2671 Hesiod.
330 2634 418 2671 loco
440 2633 561 2670 niodo
580 2632 688 2670 laud.
713 2646 752 2670 v.
778 2633 874 2674 758.

147 2691 413 2741 Cogitandum
435 2698 569 2728 autem
592 2690 640 2727 de
667 2703 876 2728 servorum

146 2748 365 2785 ianitorum
386 2750 495 2785 cellis
521 2745 698 2800 (Vitruv.
724 2748 788 2796 VI,
824 2751 874 2790 10

146 2821 193 2842 ex
218 2820 300 2842 ιιηα
319 2815 436 2855 parte
463 2806 613 2856 eqmsslia
629 2835 639 2852 ,
674 2820 721 2842 ex
747 2807 874 2842 allclu

143 2864 300 2899 osam-ii
322 2862 461 2912 cella).
525 2862 640 2900 Nunc
665 2877 739 2914 pro
771 2863 874 2901 iani—

937 964 1092 1003 toribus
1114 965 1154 1002 in
1177 965 1290 1003 aditu
1307 966 1488 1005 locorum
1511 967 1664 1005 inferom

935 1036 1027 1061 rum
1047 1037 1137 1060 cum
1157 1023 1266 1062 Bello
1285 1030 1322 1061 et
1344 1025 1547 1063 Discordia
1574 1027 1663 1062 Eu-

936 1081 1126 1118 menides.
1170 1081 1338 1119 Eaedem
1358 1088 1503 1130 tamen,
1522 1095 1663 1133 nempe

946 1139 1162 1188 Tisiphone
1200 1153 1291 1176 eum
1328 1140 1556 1187 δὀνονίὐιιε,
1596 1140 1662 1176 111-

938 1196 998 1232 fra
1020 1210 1058 1233 v.
1082 1199 1165 1239 570
1189 1210 1266 1247 seq.
1294 1198 1335 1233 in
1354 1199 1470 1235 adila
1504 1199 1664 1235 'l'arlari

938 1253 1153 1291 collocatae
1208 1262 1497 1293 memorantur.
1573 1255 1662 1292 Non

936 1310 1086 1360 habeo,
1118 1312 1226 1361 quod
1257 1312 1350 1349 satis
1377 1312 1584 1350 commode
1611 1312 1662 1349 ad

935 1367 1041 1407 hanc
1071 1369 1349 1407 difficultatem
1385 1370 1660 1422 respondeam,

933 1426 1009 1463 nisi
1026 1433 1186 1477 poetam
1207 1427 1265 1465 sui
1283 1441 1426 1479 parum
1447 1440 1663 1466 memorem

934 1484 1066 1522 fuisse.
1112 1485 1211 1522 Nam
1234 1485 1385 1535 dicere,
1418 1499 1481 1523 eas
1500 1485 1566 1523 hic
1586 1484 1662 1522 ha·-

932 1541 1027 1579 bere
1048 1556 1138 1579 suas
1172 1542 1282 1580 sedes
1307 1550 1346 1581 et
1373 1557 1444 1594 per
1472 1543 1547 1580 alia
1574 1543 1662 1581 loca

936 1599 1215 1649 discursitare,
1255 1601 1433 1639 ieiunum
1469 1607 1539 1638 est.
1600 1602 1661 1638 An

935 1657 1173 1695 Eumenides
1194 1657 1289 1696 alias
1308 1671 1389 1696 esse
1403 1659 1530 1697 voluit
1543 1672 1662 1708 quam

936 1715 1109 1753 Furias?
1140 1715 1182 1752 id
1211 1716 1293 1753 sine
1323 1717 1505 1768 exemplo
1538 1716 1661 1755 fieret.

937 1772 1175 1823 Expeditior
1201 1775 1304 1811 ratio
1339 1774 1447 1826 apud
1472 1774 1662 1812 Ovidium

938 1836 997 1867 est
1034 1831 1085 1869 IV
1123 1831 1215 1870 Met.
1246 1831 1328 1873 452
1358 1846 1436 1882 sq.‚
1475 1832 1544 1869 ubi
1573 1832 1663 1869 illae

937 1888 1054 1925 etiam
1086 1897 1177 1925 ante
1207 1889 1342 1937 fores,
1389 1889 1457 1926 sed
1490 1889 1661 1938 Tartari,

937 1946 1089 1983 sedent.
1160 1946 1294 1983 'sertia
1342 1946 1472 1996 aliqua
1524 1959 1661 1984 earum

935 2003 1046 2040 sedes
1079 2004 1284 2051 occurrit,
1333 2003 1400 2040 ins.
1437 2003 1527 2054 XII,
1565 2003 1660 2044 849.

936 2062 1030 2101 850.
1090 2063 1131 2096 in
1179 2060 1317 2097 limine
1365 2063 1501 2110 regiae
1551 2062 1661 2098 Iovis

935 2117 1093 2154 eaedem
1116 2117 1329 2154 satellitum
1349 2118 1436 2155 loco
1460 2118 1660 2155 excubare

936 2174 1128 2211 dicuntur
1146 2204 1156 2222 ,
1225 2175 1392 2212 aliorum
1447 2182 1659 2227 poetarum

934 2245 1056 2269 more.
1116 2232 1294 2281 Scilicet,
1326 2232 1534 2282 quodiam
1568 2233 1659 2270 alibi

935 2289 1160 2336 monitum,
1212 2289 1252 2326 111
1285 2296 1403 2340 poeta
1438 2289 1659 2341 reprehen-

935 2346 1112 2384 dendum
1135 2360 1216 2384 non
1246 2354 1326 2395 est,
1358 2347 1389 2384 si
1421 2348 1589 2385 diversis
1617 2348 1659 2385 in

934 2403 1030 2441 locis
1059 2404 1237 2442 diversos
1272 2403 1432 2455 mythos
1461 2406 1658 2456 sequitur:

933 2461 1054 2498 modo
1088 2461 1187 2498 nihil
1213 2462 1283 2510 sit,
1326 2462 1435 2512 quod
1470 2476 1658 2514 praesen-

933 2524 1015 2555 tem
1033 2519 1209 2556 fructum
1230 2525 1268 2556 et
1293 2520 1542 2571 voluptatem
1569 2521 1658 2569 loci,

932 2576 974 2613 in
1003 2589 1082 2626 quo
1113 2577 1236 2614 lector
1268 2584 1474 2627 versatur,
1524 2579 1658 2616 turbet

933 2639 970 2671 et
988 2634 1226 2685 intercipiat.

990 2693 1133 2732 282—
1149 2691 1246 2732 284.
1303 2692 1449 2730 Mirum
1482 2691 1656 2743 phanta-

934 2762 1040 2797 sma,
1073 2749 1181 2799 quod
1203 2750 1376 2786 *S'onmiis
1402 2749 1534 2786 sedem
1559 2749 1654 2785 assi-

932 2813 1027 2856 gnat
1055 2806 1096 2844 in
1138 2807 1258 2845 ulmo.
1319 2807 1395 2843 Sed
1429 2807 1500 2844 diis
1532 2806 1654 2852 alatis,

932 2863 1105 2914 levibus,
1139 2864 1264 2915 vagis,
1296 2864 1394 2901 benc
1427 2876 1469 2900 ea
1507 2877 1654 2901 convc-
