1827 3436
349 221 755 274 AENEIDos
793 223 936 271 LIB.
974 223 1038 284 11,
1078 229 1252 274 7-—17

1463 233 1558 278 267

55 357 123 404 Et
145 353 380 402 breviter
403 348 597 398 Troiae
620 365 936 415 supremum
957 348 1139 396 audire
1163 348 1427 410 laboren13

57 427 396 488 Quamquam
444 419 653 468 animus
703 418 1014 467 meminisse
1054 417 1263 481 horret,
1314 418 1566 485 luctuque

841 486 1038 552 refugit
1053 512 1065 548 3

55 560 331 625 Incipiam.
385 559 556 608 Fracti
580 557 754 617 bello,
792 555 1020 624 fatisque
1041 556 1255 622 repulsi,

53 635 315 682 Ductores
335 632 604 691 Danaum,
642 637 724 677 tot
746 627 850 676 iam
873 626 1175 676 labentibus
1201 626 1364 689 annis,

53 703 222 750 Instar
243 700 444 748 montis
477 715 680 764 equum
708 698 882 747 divina
903 697 1128 748 Palladis
1154 704 1262 744 arte

1507 699 1569 748 15

53 768 366 832 Aedificant,
397 778 647 834 sectaque
671 769 912 817 intexunt
933 767 1105 817 abiete
1133 774 1323 825 costas;

53 843 257 891 Votum
278 856 379 906 pro
403 838 582 888 reditu
603 837 878 887 simulant:
916 854 976 888 ea
999 836 1142 886 fama
1163 844 1388 900 vagatur.

83 1014 91 1022 ⁶
148 969 192 1003 12
217 967 426 1013 luctumque
451 980 520 1001 sec.
544 968 674 1000 Moret.
700 966 863 1000 Parrhas.
890 974 925 999 et
956 965 1010 998 ed.
1030 966 1119 997 Ven.
1147 970 1285 1007 praeter
1310 962 1444 1007 aliquot
1468 962 1570 995 codd.

52 1015 143 1048 Pler.
167 1021 204 1047 et
229 1016 427 1056 Donatum,
451 1015 546 1060 quod
572 1014 708 1047 mireris
734 1016 963 1047 Bai-mannum
992 1012 1184 1056 probasse,
1208 1009 1364 1054 inprimis
1391 1016 1470 1053 post
1502 1009 1570 1041 Ca-

52 1069 209 1102 troeum3
253 1074 332 1115 num
366 1068 420 1094 est
462 1062 606 1106 vulgare
644 1068 679 1094 et
711 1068 814 1094 tenue
849 1072 934 1105 prae
960 1059 1095 1102 altero,
1135 1056 1194 1090 ubi
1219 1056 1262 1088 de
1288 1056 1436 1088 horrore
1471 1055 1521 1098 (h.
1546 1054 1569 1088 l.

54 1121 95 1142 ex
119 1109 366 1142 recordatione
392 1121 506 1141 rerum
532 1108 702 1148 tristium3
741 1109 858 1152 itaque
885 1106 1018 1147 luctus)
1054 1113 1088 1137 et
1122 1103 1343 1137 aversatione
1369 1102 1419 1134 rei
1445 1103 1570 1144 ingra-

53 1164 110 1190 tae
136 1163 170 1189 et
194 1156 363 1188 molestae
390 1155 513 1199 agitur.
564 1156 668 1196 Quod
693 1157 837 1200 proprie
864 1155 908 1187 de
933 1151 1099 1185 membris
1125 1150 1180 1183 vel
1215 1150 1258 1182 de
1284 1149 1450 1192 sanguine
1478 1148 1570 1180 dici-

53 1211 130 1244 tur,
154 1203 199 1236 ad
227 1203 377 1235 animum
402 1204 622 1235 transfertur.
648 1202 732 1246 (vid.
759 1204 842 1236 Not.
873 1202 967 1244 JVr.)

1017 1200 1140 1231 luctas
1175 1196 1323 1229 Carisius
1349 1196 1475 1234 habet,
1500 1206 1568 1227 no-

52 1257 151 1283 tante
175 1251 303 1284 Pierio.
352 1252 411 1293 (—
426 1250 478 1285 13.
496 1248 614 1296 sactis
640 1262 660 1283 a
677 1261 721 1281 m.
742 1262 795 1295 pr.
819 1248 947 1282 Medic.
978 1245 1074 1290 ll'r.)
1137 1245 1180 1279 15
1197 1244 1346 1277 divinae
1366 1244 1503 1285 Menug.
1516 1254 1568 1286 pr.

2 1326 5 1348 Ι
56 1299 99 1334 16
115 1296 297 1344 factaque
325 1299 413 1332 Ven.

115 1396 180 1434 11.
212 1394 449 1445 Supremam
465 1393 662 1439 laborem,
697 1391 782 1429 cla-

54 1449 144 1488 dem
166 1481 178 1501 ,
236 1451 366 1504 ipsum
414 1452 526 1490 urbis
569 1449 782 1488 excidium.

53 1508 151 1547 Mox
167 1509 334 1561 reficgit,
372 1509 423 1548 ad
443 1511 614 1548 formam
634 1507 783 1555 aoristi,

55 1567 275 1617 exquisite,
308 1582 399 1606 cum
418 1568 460 1605 in
486 1581 552 1614 re,
587 1579 688 1617 quae
714 1578 785 1616 per

54 1625 171 1678 plura
191 1632 396 1663 momenta
425 1625 569 1674 durat,
603 1624 674 1661 etsi
692 1623 788 1661 vul-

56 1683 140 1734 gari
169 1697 247 1721 usu
277 1696 465 1736 praesens
496 1684 787 1733 frequentetur,

56 1742 323 1793 praeteritum
358 1748 495 1780 tamen
531 1754 613 1778 non
654 1739 787 1776 minus

56 1799 189 1838 locum
213 1799 373 1838 habeat.
441 1800 592 1837 Locum
621 1809 786 1849 expres-

57 1870 144 1896 sere
178 1857 265 1907 alii,
318 1871 358 1897 v.
398 1871 430 1895 c.
464 1858 614 1894 Seneca
650 1854 786 1905 Agam.

59 1914 143 1957 416
174 1929 259 1966 sqq.
311 1915 407 1969 (ubi
437 1914 608 1953 verbum
636 1912 788 1964 reficgic

59 1986 150 2012 cum
170 1973 374 2012 infinitivo
394 1974 507 2026 loqui
525 1971 676 2023 pariter
689 1983 790 2007 con-

60 2031 254 2082 struitur,
284 2038 333 2070 ut
351 2031 392 2069 h.
411 2031 437 2069 l.
456 2032 618 2068 animus
638 2027 792 2079 rasitgit

61 2102 151 2128 cum
171 2090 372 2129 infinitivo
386 2090 625 2126 meminisse.
645 2084 788 2136 chlz.)

61 2147 92 2185 E
111 2148 311 2188 Ciceronis
330 2147 430 2185 Phil.
442 2146 535 2184 XIV
558 2157 791 2196 expressum

59 2218 221 2245 versum
268 2206 430 2245 volebat
475 2204 657 2242 Muretus
698 2200 790 2239 var.

61 2263 166 2303 Lect.
189 2264 236 2314 V,
268 2267 306 2305 3.
345 2263 492 2302 Saltem
515 2260 656 2299 similia
675 2264 790 2296 sunt:

63 2323 236 2374 Ιίεξῇιὲἰι
272 2323 456 2370 animus,
501 2321 552 2357 P.
588 2318 631 2355 C.
664 2330 791 2368 eaque

56 2379 253 2430 formidat
271 2380 398 2417 (licere
412 2409 422 2426 ,
457 2391 562 2429 qaae
580 2396 648 2413 --·.

121 2441 185 2480 13.
231 2439 349 2476 Fatis
374 2436 547 2487 repulsi:
603 2431 791 2483 quoniam

63 2494 183 2534 fatale
201 2502 306 2545 erat,
337 2509 420 2534 non
442 2493 518 2531 nisi
535 2496 626 2544 post
644 2502 789 2528 novem

64 2566 187 2592 annos
208 2554 371 2592 Troiam
401 2551 501 2603 capi.
539 2564 581 2589 v.
612 2547 721 2586 Iliad.
751 2548 788 2599 β,

64 2613 144 2653 313
173 2626 258 2663 sqq.
348 2612 413 2653 15.
447 2612 511 2650 16.
546 2607 618 2660 (De
649 2606 789 2658 partic.

12 2702 14 2709 ,
64 2668 284 2708 labentibus
315 2669 398 2707 vid.
430 2667 480 2714 Q.
513 2666 558 2703 V.
590 2663 791 2711 XXVIIII,

12 2740 15 2759 ε
67 2728 103 2767 1.
137 2726 255 2781 Wr.)

315 2727 372 2764 De
389 2738 491 2776 equo
513 2723 687 2760 Troiano
708 2720 791 2759 vid.

66 2782 230 2826 ExcurS.
250 2785 301 2823 ad
318 2785 360 2823 11.
383 2798 422 2822 V.
482 2784 619 2821 Instar
637 2781 792 2827 moniis,

67 2841 118 2878 ad
144 2843 292 2881 montis
319 2839 659 2893 magnitudinem3
698 2837 793 2873 bre-

15 2926 16 2931 1
64 2898 165 2939 viter
196 2915 379 2952 magnam
397 2898 606 2948 imaginem
629 2896 686 2933 rei
707 2894 793 2931 ani-

15 2969 17 2988 1
65 2969 128 2995 mo
173 2959 342 3007 obiecit,

402 2956 537 2994 statim
579 2954 627 2991 ab
665 2952 792 2989 initio.

842 1389 1161 1444 (Waardenburg
1181 1387 1223 1425 in
1237 1386 1382 1437 Opusc.
1403 1398 1440 1436 p.
1456 1386 1568 1424 170.:

842 1449 925 1498 „Ne
957 1448 1021 1487 cui
1048 1446 1219 1485 enormis
1257 1443 1444 1482 videatur
1469 1440 1567 1478 haec

844 1505 1100 1558 comparatio,
1132 1501 1359 1541 meminerit
1382 1499 1460 1547 ille,
1490 1497 1569 1535 ho-

844 1565 996 1603 minum
1029 1575 1186 1614 quoque
1208 1571 1376 1610 corpora
1397 1555 1571 1606 ingentia

847 1636 937 1660 cuni
961 1620 1164 1659 montibus
1191 1618 1310 1656 fuisse
1331 1619 1570 1664 comparata,

845 1681 959 1718 velut
989 1679 1209 1731 Cyclopum
1237 1675 1355 1712 Hom.
1386 1671 1462 1709 Od.
1500 1670 1570 1718 IX,

849 1741 927 1779 191
953 1751 1009 1787 sq.
1051 1735 1203 1773 Gallim.
1231 1732 1282 1772 H.
1308 1731 1351 1768 in
1371 1730 1481 1766 Dian.
1506 1728 1571 1769 52.

845 1796 1157 1846 Laestrygonum
1177 1791 1334 1842 reginae
1354 1787 1472 1825 Hom.
1497 1784 1572 1822 Od.

846 1854 898 1902 X,
933 1855 1026 1894 113.
1065 1851 1174 1889 Idem
1197 1855 1237 1886 et
1273 1846 1365 1884 alibi
1392 1844 1574 1882 imitatur

847 1911 955 1961 Virg.
982 1909 1078 1947 Aen.
1107 1909 1181 1956 IX,
1213 1905 1328 1949 674:
1367 1900 1574 1940 Abietibns

849 1972 1008 2007 iuvenes
1032 1967 1182 2019 patriis
1214 1972 1249 2001 et
1275 1959 1470 1999 montibus·
1504 1973 1574 1996 ae-

849 2040 961 2079 quos.
979 2027 1009 2047 “
1056 2021 1182 2075 W.)
1243 2018 1432 2058 Palladis
1471 2025 1569 2063 arte,

847 2079 1207 2136 ’ὑποθημοσύνῃσι-
1240 2102 1290 2109 -
1322 2074 1394 2116 τόν
1421 2070 1575 2120 Ἐπειός

849 2142 1038 2193 ἐποίησεν
1061 2136 1136 2180 σῦν
1156 2132 1326 2188 Ἀθήνῃ.
1366 2132 1508 2182 Odyss.
1528 2135 1572 2178 θ,

850 2199 945 2240 493.
1004 2200 1183 2234 intexunt
1204 2201 1332 2230 cosla-s·
1361 2189 1485 2226 abc'ele
1507 2202 1570 2223 se·-

848 2265 928 2303 cla,
955 2255 995 2293 h.
1018 2268 1046 2292 e.
1070 2252 1251 2291 trabibus
1273 2246 1454 2297 abiegnis,
1480 2251 1573 2281 tan-

847 2320 936 2352 tum
970 2312 1021 2350 ad
1060 2308 1367 2348 declarationem
1403 2302 1573 2341 ulterio—

849 2385 933 2410 rem
956 2372 1028 2410 τοῦ
1055 2368 1272 2414 aedificant
1295 2367 1461 2414 spectat.
1508 2361 1572 2396 in-

850 2437 983 2467 lexlml
1002 2426 1127 2477 simpl.
1153 2430 1211 2460 est
1230 2428 1376 2459 lerant.
1432 2419 1573 2454 'l'exae‘re

852 2492 981 2524 autem
1001 2484 1049 2522 de
1078 2481 1260 2520 trabibus
1284 2476 1429 2515 iunctis
1461 2481 1501 2511 et
1532 2474 1573 2510 in

849 2544 997 2583 fabrica
1022 2555 1041 2579 e
1060 2540 1179 2590 ligno,
1200 2534 1379 2587 inprimis
1396 2532 1572 2578 navium,

848 2603 1032 2651 frequens
1064 2603 1133 2634 est.
1176 2609 1214 2633 v.
1246 2592 1384 2631 Corda.
1434 2590 1481 2626 cs.
1509 2588 1573 2624 in-

850 2662 911 2698 fra
942 2660 1030 2699 112.

911 2719 974 2757 17.
1000 2715 1234 2764 sparserant
1251 2709 1406 2754 suniam,
1428 2718 1573 2755 equum

851 2776 960 2813 hunc
979 2769 1129 2809 Palladi
1151 2780 1231 2804 csse
1251 2764 1435 2816 positum,
1470 2761 1574 2799 votis

852 2847 924 2885 pro
951 2829 1084 2868 reditu
1116 2823 1317 2874 susceptis.
1377 2821 1486 2867 Hoc,
1528 2824 1573 2855 ut

852 2895 989 2943 poeta,
1031 2883 1187 2921 extulit.
1246 2879 1410 2917 Servius
1442 2885 1573 2913 volum

852 2962 924 3000 pro
949 2941 1158 2997 participio
1182 2938 1325 2985 habet,
1356 2935 1398 2973 id
1418 2940 1477 2972 est
1498 2946 1571 2970 vo-
