1827 3436
491 207 1212 257 ADLIBRUMI
1507 222 1606 268 233

95 340 227 378 sontes
258 337 392 376 tribus
425 335 548 375 alveis
576 334 804 387 paullulum
830 335 973 385 delati,
1004 350 1102 374 mox
1121 337 1162 374 in
1187 351 1313 376 unum
1342 338 1492 378 flumen
1513 355 1611 380 con-

96 398 254 444 fluunt,
286 393 396 446 quod
419 394 491 432 vix
507 389 617 431 mille
637 406 827 445 passuum
849 394 956 432 viam
985 407 1189 432 emensum
1209 409 1291 433 uno
1314 397 1414 434 ostio
1442 397 1485 435 in
1504 412 1613 438 mare

96 454 192 493 exit.
252 452 360 490 [talis
389 453 508 490 etiam
533 465 643 489 nunc
661 453 787 488 maris
814 459 1024 502 parentem
1045 449 1106 503 (la
1123 453 1263 490 madre
1286 453 1353 490 del
1382 454 1508 508 mare)
1539 470 1613 508 ap-

95 510 237 564 pellari
256 510 570 548 Holdsworllms
590 509 736 559 tradit,
765 509 877 560 quod
906 523 1053 548 nomen
1083 510 1161 547 iam
1189 511 1343 562 Polybii
1372 518 1500 550 aetate
1528 515 1612 552 fre-

96 568 369 621 quentabatur
391 567 496 619 (vid.
517 567 650 605 Strab.
670 567 696 605 l.
718 580 752 608 e.
771 567 905 618 p.214
921 564 999 621 D.)‚
1024 581 1070 605 ac
1094 568 1125 605 si
1141 568 1244 607 mari
1261 582 1400 620 magna
1418 584 1612 620 aquarum

97 626 267 665 accessio
303 625 398 664 inde
426 626 553 664 fieret.
626 626 727 663 Cum
760 625 904 663 Strabo
937 639 1030 664 cum
1061 626 1146 664 aliis
1182 635 1351 677 septem,
1392 627 1494 665 Mela
1524 643 1615 667 cum

96 684 260 736 Virgilio
290 698 433 722 novem
454 699 524 722 ora
545 696 615 721 seu
634 685 798 734 capita,
828 689 869 722 et
888 684 1021 722 fontes
1050 681 1122 737 (sic
1142 699 1211 722 ora
1235 690 1275 722 et
1294 684 1372 733 alii,
1404 699 1442 724 v.
1466 700 1499 726 e.
1521 688 1615 724 Sta-

96 743 176 781 tius
191 743 245 781 IV
268 741 392 780 Theb.
415 740 517 795 832)
549 747 796 791 memorent,
832 756 915 782 non
935 742 1192 794 inexplorata
1212 743 1363 781 tradita
1387 743 1435 781 ab
1459 744 1505 781 iis
1534 757 1616 782 esse

97 814 117 838 e
141 800 263 838 modo
284 800 401 838 dictis
426 806 615 853 apparet3
659 813 733 838 nec
751 812 909 838 necesse
930 806 1012 850 est,
1045 800 1141 838 alias
1171 800 1214 838 in
1233 796 1377 840 vicinia
1406 801 1616 853 scaturigi-

96 872 188 908 nes,
219 859 380 910 quaein
402 858 563 897 eosdem
590 858 724 896 alveos
760 857 1021 908 deseruntur,
1051 872 1303 909 quarumque
1334 873 1415 897 una
1444 873 1494 897 ex
1526 860 1617 898 lacu

96 915 260 969 prodit,
300 931 321 954 a
344 917 550 955 veteribus
581 916 866 954 adnumeratas
895 930 977 954 esse
1008 917 1219 968 suspicari,
1260 916 1369 968 quod
1405 918 1616 956 Cluverius

96 975 278 1014 faciebat.
338 975 447 1013 Haec
479 974 619 1012 eadem
651 974 829 1026 diligenti
858 974 1162 1026 investigatione
1190 981 1479 1027 persequutum
1497 976 1616 1014 vide-

95 1047 186 1072 mus
215 1033 575 1082 Holclsworllmm‚
613 1032 889 1084 elegantissimi
927 1033 1073 1084 ingenii
1110 1033 1267 1082 virum,
1309 1032 1406 1071 dum
1443 1033 1615 1082 viveret,

96 1105 136 1144 p.
157 1093 254 1133 600.
274 1093 372 1134 601.
428 1091 668 1129 Immutavit
686 1091 803 1142 longa
825 1097 932 1129 aetas
951 1091 1133 1129 locorum
1161 1091 1323 1140 faciem3
1355 1090 1482 1141 quid?
1506 1090 1616 1142 quod

95 1148 367 1188 invalescente
396 1149 525 1187 indies
561 1162 701 1188 versus
730 1148 808 1187 hoc
844 1149 959 1187 littus
999 1149 1158 1187 boreale
1185 1148 1287 1186 mari
1312 1149 1518 1187 Adriatico
1548 1161 1616 1187 re-

97 1207 216 1260 primi
238 1206 420 1246 creditur
445 1220 572 1259 aquae
595 1207 637 1245 in
659 1207 753 1258 ipsis
776 1207 953 1245 fluminis
980 1207 1091 1245 ostiis
1119 1206 1313 1258 impetus,
1353 1207 1409 1245 ita
1432 1212 1478 1245 ut
1506 1220 1616 1245 nunc

97 1266 214 1316 longe
244 1265 400 1304 minore
428 1265 557 1318 spatio
588 1265 758 1314 flumen,
805 1265 879 1303 sub
908 1265 1013 1317 ipsos
1042 1265 1124 1303 sere
1145 1265 1275 1303 sontes
1302 1271 1511 1315 stagnans,
1541 1277 1614 1317 per

97 1323 306 1376 planitiem
338 1323 390 1361 ad
418 1337 528 1361 mare
557 1323 761 1361 deferatur
782 1320 832 1376 *).
903 1324 1090 1361 Ceterum
1117 1336 1208 1361 cum
1238 1335 1309 1374 per
1336 1322 1615 1360 subterraneas

98 1395 291 1420 cavernas
311 1381 413 1420 mari
433 1382 484 1419 ad
506 1380 661 1419 Timavi
685 1382 816 1419 fontes
838 1380 916 1419 iter
938 1386 1093 1433 pateat,
1122 1394 1214 1418 cum
1239 1386 1351 1418 aestu
1377 1380 1498 1418 maris
1525 1394 1615 1418 ma-

96 1454 215 1491 gnam
234 1439 294 1477 illi
317 1453 515 1490 aquarum
534 1439 679 1477 molem
712 1438 934 1490 accipiunt3
964 1453 1044 1490 quo
1066 1438 1134 1488 fit,
1174 1444 1222 1476 ut
1245 1438 1396 1489 ingenti
1416 1452 1508 1476 cum
1531 1439 1614 1476 sra-

97 1511 191 1550 gore
213 1503 253 1535 et
279 1498 435 1549 mugitu
464 1497 727 1536 subterraneo
761 1497 951 1535 Timavus
970 1497 1076 1535 inter
1096 1496 1260 1548 rupium
1285 1501 1401 1534 antra
1424 1509 1615 1548 prorum—

97 1561 170 1608 pat
199 1554 295 1609 (hoc
327 1561 386 1593 est
409 1562 571 1604 nostro,
614 1563 727 1593 vasto
758 1570 850 1592 cum
883 1568 1082 1592 murmure
1112 1552 1296 1607 motuis),
1338 1566 1429 1603 nec,
1468 1553 1547 1591 iam
1574 1553 1616 1590 in

98 1628 225 1652 unum
241 1614 400 1652 alveum
424 1619 609 1661 coactus,
641 1612 839 1651 contineri
860 1613 901 1650 in
919 1625 964 1650 eo
983 1612 1128 1664 possit,
1160 1611 1230 1649 sed
1257 1611 1391 1649 vicina
1424 1611 1501 1649 late
1529 1610 1616 1649 loca

98 1671 292 1721 inundet,
333 1678 548 1722 antequam
583 1670 635 1708 ad
661 1683 772 1709 mare
798 1670 1020 1722 perveniat.
1080 1670 1187 1708 Hinc
1212 1669 1277 1706 ille
1310 1672 1341 1707 it
1373 1683 1483 1706 mare
1514 1683 1615 1719 pro-

98 1738 285 1780 ruptum,
317 1730 368 1767 ad
389 1729 509 1767 maris
526 1729 717 1781 speciem,
750 1742 913 1780 magnos
932 1728 1080 1766 fluctus
1098 1727 1300 1766 volventis
1327 1724 1454 1779 (quod
1476 1740 1618 1777 magna

99 1801 225 1839 aquae
247 1789 288 1826 vi
308 1787 540 1840 prorumpit
557 1800 618 1835 se,
651 1786 896 1835 effunditur,
927 1792 973 1824 ut
992 1784 1214 1839 Pompon.),
1247 1791 1299 1833 et,
1331 1790 1468 1822 nostra
1489 1790 1618 1822 aetate

99 1846 240 1884 saltem
262 1845 430 1883 hiberna
461 1851 718 1897 tempestate,
748 1847 894 1895 premit
917 1859 1041 1893 arva,
1079 1843 1229 1896 operit,
1275 1842 1469 1891 inundat,
1497 1843 1618 1893 pela—

95 1918 176 1955 go,
212 1917 407 1955 aquarum
439 1904 481 1942 vi
509 1904 646 1955 pelago
669 1903 808 1950 simili,
842 1904 1015 1950 sonanszss,
1051 1907 1218 1953 propter
1246 1914 1440 1951 aquarum
1462 1900 1617 1951 copiam

99 1968 141 2000 et
168 1962 363 2014 impetum
378 1960 450 2014 **).
510 1962 566 1998 De
593 1961 742 2013 origine
771 1960 927 1998 Timavi
956 1960 1083 1998 multa
1114 1959 1322 2010 disputant
1344 1958 1486 2006 iidem,
1519 1971 1618 2007 quos

98 2020 435 2068 memoravimus,
468 2025 665 2058 auctores.
726 2020 826 2057 Cum
857 2019 974 2070 plena
997 2018 1048 2055 sit
1067 2017 1292 2055 Carnorum
1314 2016 1421 2068 regio
1439 2015 1618 2053 flumini-

98 2078 175 2116 bus
210 2078 479 2117 subeuntibus
514 2084 663 2116 tcrram
697 2089 871 2127 moxque
889 2077 1036 2114 iterum
1067 2074 1375 2125 emergentibus,
1408 2074 1526 2111 etiam
1548 2073 1617 2110 Ti-

99 2150 242 2176 mavus
264 2137 381 2175 simili
414 2136 569 2174 ratione
597 2136 704 2173 idem
735 2148 816 2172 esse
842 2135 993 2172 flumen
1023 2133 1206 2181 videtur,
1250 2131 1358 2182 quod
1383 2131 1474 2169 XIV
1499 2130 1616 2167 millia

100 2209 287 2246 passuum
324 2192 478 2247 (XVIII
508 2194 573 2232 vel
604 2194 685 2231 XX
724 2193 910 2230 Irenaeus
947 2192 995 2229 de
1020 2193 1145 2228 Cruce
1185 2191 1330 2228 [storia
1373 2190 1416 2225 <li
1465 2190 1612 2225 Triesle

99 2253 168 2291 lib.
190 2253 220 2294 I.
244 2267 277 2292 e.
299 2256 326 2295 2
345 2259 385 2290 et
405 2253 451 2301 V,
488 2255 540 2293 10
570 2250 785 2304 memorat)
814 2264 935 2302 supra
967 2249 1041 2287 hos
1064 2249 1195 2286 fontes
1230 2246 1281 2284 ad
1308 2246 1442 2283 vicum
1471 2246 1514 2283 D.
1538 2245 1617 2281 Ca-

100 2311 201 2349 tiani
234 2309 296 2364 (S.
332 2309 516 2363 Kazimz)
553 2310 612 2347 bis
635 2316 749 2348 terve
778 2309 917 2347 subter
951 2307 1112 2359 rupium
1141 2317 1238 2343 cava
1268 2306 1374 2342 viam
1410 2303 1483 2341 sibi
1510 2302 1617 2352 facit,

195 2469 222 2512 ⁶)
248 2470 300 2504 Cf.
327 2471 499 2504 Sclzldzer
525 2469 786 2515 Briefitsechsel
815 2470 844 2501 11
872 2467 941 2500 Th.
960 2466 1046 2498 Heft
1072 2466 1151 2504 XII,
1176 2475 1212 2507 p.
1233 2462 1314 2498 340.
1352 2463 1431 2496 add.
1453 2464 1619 2507 IIacquet

101 2518 359 2562 Oryctograph.
384 2517 581 2551 Carniolica
603 2520 670 2551 To.
690 2519 715 2550 1.
737 2530 771 2561 p.
792 2517 847 2550 61.
896 2513 1134 2557 Antiquiorem
1166 2511 1323 2543 locorum
1353 2509 1478 2542 faciem
1502 2508 1536 2541 in
1563 2516 1617 2541 ta—

101 2563 183 2597 bula
200 2564 320 2598 videre
341 2564 423 2598 licet
447 2565 483 2597 in
507 2565 600 2598 libro
621 2565 713 2609 apud
734 2566 850 2596 luntas
869 2563 995 2593 venet.
1016 2559 1104 2594 1553
1125 2557 1186 2590 sol.
1208 2557 1368 2600 vulgato:
1405 2557 1450 2590 de
1467 2556 1615 2590 Balneis

103 2612 224 2644 omnia
245 2624 339 2657 quae
362 2621 491 2645 extant
510 2612 611 2658 apud
634 2613 812 2651 Graecos,
836 2609 993 2642 Latinos
1010 2614 1045 2639 et
1062 2603 1208 2639 Arabas
1227 2616 1261 2647 p.
1280 2604 1359 2638 306.

195 2681 238 2725 n)
264 2682 380 2715 Minus
402 2682 491 2715 bene
515 2682 637 2716 lVood
658 2682 701 2715 V.
724 2681 760 2713 C.
785 2680 866 2712 loco
901 2689 979 2709 mox
1005 2673 1181 2708 laudando
1205 2673 1382 2716 antiquam
1404 2672 1617 2714 iuterpreta-

101 2728 233 2762 tionem
255 2735 421 2771 revocat,
447 2741 515 2774 qua
542 2741 644 2762 mare
664 2734 885 2774 proruptura
904 2724 947 2757 de
966 2723 1042 2767 ipso
1062 2720 1147 2753 mari
1170 2719 1350 2752 Adriatico
1372 2718 1618 2762 accipiebatur,

101 2775 217 2820 quod,
241 2776 381 2821 quoties
405 2782 606 2817 exaestuat,
631 2774 667 2807 in
688 2773 856 2806 interiora
877 2770 1008 2803 littoris
1040 2767 1214 2801 exundans
1236 2765 1372 2798 Timavi
1396 2777 1530 2798 cursum
1558 2775 1619 2794 re-

100 2822 234 2866 primit.
283 2824 360 2856 Hoc
385 2823 543 2856 locorum
571 2828 730 2856 naturam
757 2820 808 2853 ita
827 2819 919 2852 ferre
951 2827 1051 2849 nemo
1076 2819 1199 2867 neget:
1234 2813 1297 2865 scd
1318 2813 1505 2865 verborum
1523 2816 1618 2861 stru-

101 2874 199 2902 ctura
229 2870 474 2914 sermonisque
501 2869 590 2902 ratio
622 2868 806 2902 manifeste
834 2871 1003 2910 repugnat
1033 2862 1092 2894 isti
1135 2871 1271 2892 sensul:
1294 2907 1298 2911 Ι
1323 2864 1377 2891 est
1404 2870 1494 2890 enim
1515 2856 1617 2901 jon&

103 2916 201 2949 unde
221 2916 257 2949 h.
281 2928 312 2950 e.
331 2929 374 2950 ex
393 2929 483 2962 quo,
509 2930 610 2950 mare
631 2923 850 2961 proruptum
872 2914 918 2953 it,
958 2921 1026 2943 non
1050 2919 1131 2940 vcro
1145 2932 1154 2948 ,
1188 2906 1266 2939 sons
1285 2919 1321 2939 m
1343 2918 1465 2950 quem,
1493 2914 1619 2936 versas

103 2975 216 3007 quem,
241 2975 337 2996 mare
357 2962 528 3008 procedit.
