1827 3436
492 235 615 281 AD
691 233 1266 281 LIBRUMII
1548 243 1648 288 385

128 377 221 402 rum
251 362 502 401 doctioribus
532 361 644 399 libris
674 361 881 399 breviores
912 363 1110 412 epitomas
1142 360 1401 410 conficerent,
1433 364 1650 403 censendas

129 422 224 459 istas
254 427 295 458 et
333 419 611 458 diiudicandas
650 419 733 456 fere
773 433 855 456 non
898 418 1020 456 modo
1062 432 1112 456 ex
1142 418 1308 470 propria
1341 419 1547 469 doctrina,
1580 422 1650 460 sed

129 479 248 517 etiam
267 491 316 515 ex
337 490 488 526 eorum,
511 490 611 528 quos
633 477 946 528 exscripserunt,
967 475 1046 513 fide
1066 490 1112 513 ac
1130 476 1292 515 iudicio.
1338 477 1398 515 EX
1421 477 1556 529 priore
1578 492 1649 529 ge-

127 549 224 574 nere
243 541 403 587 poetam
419 535 612 573 habemus
633 549 714 572 non
733 534 871 571 infimo
891 535 980 571 loco
1001 532 1233 572 habendum
1247 564 1258 584 ,
1297 534 1495 585 Quintum,
1521 536 1650 575 Calu-

127 593 266 641 brum,
301 593 342 631 in
373 607 452 644 quo
484 592 748 630 emaculando
780 593 899 630 Laur,
931 591 1275 641 RhodomannuS,
1306 592 1524 631 llseldensis
1554 594 1649 632 olim

126 651 200 689 sub
234 650 354 690 Mieh.
383 651 572 689 Neandro
592 650 824 701 disciplinae
856 655 1066 687 aeternum
1098 650 1232 699 decus,
1265 650 1342 688 tale
1372 651 1519 702 ingenii
1549 665 1648 690 acu—

125 722 217 747 men
249 708 452 758 exhibuit,
483 715 529 747 ut
559 722 610 746 ex
640 708 804 746 summis
834 708 1105 746 recentiorum
1137 714 1365 760 temporum
1397 708 1546 746 criticis
1576 710 1648 748 vix

125 765 316 816 habeam,
347 781 446 818 quos
481 781 571 804 cum
602 767 686 818 ipso
718 766 1012 817 comparandos
1049 773 1201 818 putem.
1262 766 1341 804 Sed
1372 766 1550 814 Quintus
1580 767 1648 805 ille

125 823 237 862 haud
268 824 388 863 dubie
420 831 512 863 ante
548 824 686 863 oculos
719 823 863 862 habuit
893 824 1065 874 aliquem
1096 830 1168 862 aut
1193 824 1331 875 plures
1360 838 1411 862 ex
1444 826 1648 863 veteribus

124 883 253 934 poetis
291 883 469 934 cyclicis,
519 882 702 934 inprimis
741 881 938 930 Lesehen,
988 888 1034 919 ut
1076 881 1173 920 mihi
1205 882 1366 933 quidem
1406 882 1539 920 visum
1575 890 1646 932 est,

129 941 373 992 comparatis
406 954 497 978 cum
537 954 582 978 eo
613 940 843 991 fragmentis
874 938 1046 977 Leschae
1085 947 1124 979 et
1153 940 1222 989 iis,
1274 953 1376 991 quae
1404 940 1567 979 aliunde
1598 941 1648 979 de

126 1012 252 1050 parva
282 999 405 1036 Iliade
436 1011 672 1050 cognoscere
703 998 817 1036 licuit
830 996 879 1051 *).
933 999 1037 1035 Sunt
1057 998 1099 1036 in
1128 1012 1174 1036 eo
1193 998 1282 1036 loca
1308 998 1461 1050 egregia
1481 1005 1521 1036 et
1545 1012 1646 1050 quae

124 1056 415 1108 praestantiore
447 1069 606 1108 quoque
636 1062 756 1107 poeta
786 1069 869 1094 non
901 1055 1063 1107 indigna
1095 1056 1187 1095 sint.
1226 1056 1341 1094 Alter
1359 1061 1418 1094 est
1443 1057 1646 1108 Tryphio-

125 1114 270 1163 dorus,
315 1115 428 1153 cuius
468 1111 584 1155 Ἰλίου
624 1111 775 1154 ἅλωσιν
816 1113 1030 1161 habemus,
1086 1113 1158 1152 sed
1200 1114 1330 1152 multo
1369 1114 1575 1152 indoctior
1606 1121 1647 1154 et

127 1185 241 1224 saepe
274 1172 434 1225 ineptus
463 1171 607 1221 homo,
649 1177 688 1209 et
718 1186 809 1209 cum
841 1185 887 1209 eo
923 1171 1139 1221 Colullzzcs,
1188 1172 1228 1210 in
1252 1170 1416 1224 Ἑλένης
1457 1170 1644 1229 οἵγπαγῇ·

125 1229 167 1266 in
197 1236 372 1281 utroque
396 1237 532 1268 tamen
561 1229 674 1267 facile
705 1229 877 1267 melioris
905 1242 1032 1268 venae
1062 1229 1223 1281 vestigia
1253 1230 1399 1282 passim
1419 1229 1646 1282 deprehen-

127 1287 220 1336 das,
250 1294 368 1326 tanto
398 1288 575 1339 gratiora
607 1288 674 1325 illa
713 1294 753 1325 et
792 1287 1055 1336 iucundiora,
1097 1301 1177 1338 quo
1219 1287 1370 1326 aridius
1404 1293 1445 1324 et
1473 1288 1645 1327 sterilius

125 1345 255 1384 solum
287 1352 368 1395 est,
399 1347 440 1384 in
471 1360 550 1396 quo
581 1345 700 1383 flores
729 1345 785 1383 illi
815 1351 1073 1383 enascuntur.
1133 1346 1194 1383 Ex
1223 1344 1304 1384 hoc
1332 1358 1476 1396 genere
1504 1345 1644 1384 infima

125 1403 203 1441 iam
234 1410 385 1452 aetate,
416 1403 556 1441 infimo
587 1403 696 1451 loco,
726 1403 804 1441 fuit
840 1405 999 1452 Tzetza,
1034 1403 1102 1454 qui
1129 1402 1460 1452 Antehomeriea,
1489 1403 1643 1442 Home-

124 1460 207 1498 rica
246 1468 285 1499 et
324 1460 705 1514 Postl1omerica**)‚
754 1461 933 1499 versibus
968 1461 1125 1513 scripsit
1164 1461 1314 1499 scabris
1355 1467 1394 1499 et
1437 1457 1641 1515 ἀμέτροις·

125 1519 296 1557 stolidae
328 1520 536 1558 iactantiae
567 1518 711 1568 homo,
743 1518 835 1569 qui,
868 1532 951 1556 non
981 1524 1087 1569 tam,
1119 1519 1230 1570 quod
1253 1518 1483 1558 Dodwellus
1515 1533 1643 1572 augu—

125 1577 316 1625 rabatur,
348 1584 503 1616 veteres
535 1576 727 1628 cyclicos,
760 1590 881 1627 quam
910 1576 1083 1615 misellos
1112 1577 1247 1628 potius
1278 1577 1571 1615 Grammaticos
1604 1584 1644 1616 et

126 1634 428 1686 compilatores,
459 1635 527 1686 qui
558 1647 648 1672 eum
680 1640 997 1683 antecesserrgnt,
1044 1635 1281 1687 exscripsit,
1321 1648 1396 1672 nec
1425 1635 1482 1673 sic
1511 1640 1643 1674 tamen

123 1692 402 1747 negligenduS,
443 1693 590 1744 quippe
620 1705 671 1729 ex
702 1706 802 1743 quo,
846 1692 1033 1735 initanta
1063 1692 1274 1730 meliorum
1305 1692 1552 1744 scriptorum
1580 1693 1642 1731 ia-

124 1756 261 1799 ctura,
302 1750 449 1800 multa,
494 1750 697 1801 quomodo
730 1763 751 1786 a
781 1750 1056 1790 suii„i‘i01¹ibus
1090 1750 1237 1788 tradita
1267 1751 1437 1800 suerint,
1474 1751 1641 1803 intelligi

123 1807 300 1860 possint,
332 1808 454 1846 modo
486 1809 574 1859 quis
604 1808 699 1845 satis
730 1807 875 1859 ’ἰᾶσι-50
907 1808 1090 1846 doctrina
1119 1808 1344 1847 instructus
1374 1808 1439 1847 sit.

237 1866 345 1904 Inter
376 1879 460 1915 eos,
492 1866 561 1916 qui
591 1866 632 1903 in
663 1879 815 1915 morem
846 1879 964 1904 verae
994 1865 1185 1904 historiae
1215 1865 1419 1904 rhetorica
1450 1872 1536 1905 arte
1566 1880 1640 1919 pe-

123 1923 248 1961 destri
278 1936 459 1961 sermone
489 1924 637 1962 bellum
669 1924 888 1962 Troianum
927 1924 1075 1962 seriore
1116 1931 1246 1962 aetate
1286 1923 1579 1974 condiderunt,
1609 1924 1642 1963 is

122 1980 191 2031 qui
222 1983 382 2032 Diecyis
415 1983 606 2019 (mensis
635 1995 779 2032 nomen
811 1982 1003 2020 mentitus
1034 1987 1113 2031 est,
1154 1995 1274 2033 quem
1301 1981 1436 2020 adhuc
1467 1982 1641 2020 latinum

121 2037 339 2088 habemus,
372 2053 452 2077 non
483 2040 672 2077 indoctus
702 2040 780 2077 fuit
808 2039 953 2090 homo,
986 2046 1026 2077 et
1057 2040 1148 2090 qui,
1186 2040 1218 2077 si
1248 2054 1330 2078 non
1361 2046 1517 2078 veteres
1547 2054 1640 2091 pas-

122 2096 198 2134 sim
229 2097 419 2148 cycliCOS,
451 2097 657 2135 interdum
686 2104 726 2134 et
755 2098 922 2149 tragicos
952 2103 1113 2150 poetas,
1145 2103 1281 2135 tamen
1312 2110 1401 2146 eos,
1444 2111 1465 2134 a
1496 2098 1640 2148 quibus

121 2153 190 2191 isti
219 2155 378 2191 fuerant
409 2155 621 2207 exscripti,
655 2161 747 2192 ante
772 2156 907 2193 oculos
934 2155 1099 2194 videtur
1118 2154 1315 2193 habuisse.
1356 2155 1476 2193 Hunc
1497 2156 1639 2193 Graeci

123 2212 204 2249 sere
243 2212 488 2250 recentiores
531 2212 851 2264 exscripserunt,
895 2218 941 2250 ut
987 2213 1153 2250 [oannes
1194 2212 1379 2261 Malelas,
1421 2212 1637 2261 Cedrenus,

121 2269 266 2306 Tzetza
291 2275 331 2307 et
362 2270 650 2308 Constantinus
680 2270 878 2308 Manasses
908 2285 947 2322 p.
979 2269 1034 2312 44
1065 2283 1148 2320 sqq.
1178 2270 1221 2307 in
1245 2270 1418 2321 Synopsi
1447 2268 1639 2308 historica

122 2340 144 2363 a
174 2326 346 2365 Meursio
378 2327 498 2366 edita.
559 2328 721 2366 Praeter
750 2328 863 2366 illum
894 2334 1027 2366 tamen
1061 2328 1182 2365 alium
1214 2326 1348 2365 adhue
1370 2327 1638 2366 Troianarum

215 2501 241 2544 ‘)
267 2505 433 2535 Accurate
463 2500 534 2534 hoe
562 2506 790 2545 persequutus
818 2506 871 2533 est
901 2501 1066 2544 Tychsen
1092 2506 1226 2541 noster,
1252 2500 1296 2532 V.
1321 2499 1370 2541 C.,
1395 2498 1431 2531 in
1452 2502 1637 2532 Commen-

122 2555 189 2581 εαε.
215 2549 260 2581 de
286 2550 420 2591 Quinto
446 2550 649 2590 Smyrnaeo
673 2548 816 2590 (1783),
855 2547 950 2580 euius
976 2559 1100 2579 novam
1125 2545 1365 2579 recensionem
1389 2553 1499 2591 parat.
1547 2547 1637 2579 Per-

121 2601 277 2638 spectum
304 2607 395 2628 nunc
420 2594 505 2627 mihi
531 2600 606 2634 est,
650 2593 686 2626 in
724 2594 837 2638 quinis
870 2593 1047 2638 prioribus
1081 2593 1181 2626 libris
1210 2594 1354 2626 Arctini
1384 2593 1636 2638 Aethiopidem

122 2651 319 2684 expressam
351 2653 446 2681 esse,
479 2641 561 2673 inde
587 2641 742 2673 Iliadem
764 2653 942 2686 parvam,
976 2653 1085 2685 usque
1121 2641 1165 2674 ad
1189 2640 1317 2673 librum
1342 2640 1422 2671 XII.
1472 2641 1563 2672 Tum
1587 2638 1635 2671 li-

121 2685 221 2720 brum
245 2689 328 2720 XIII
356 2695 391 2721 et
415 2689 501 2722 XIV
528 2699 603 2720 esse
635 2694 873 2731 argumentum
906 2686 974 2731 τῆς
1005 2684 1113 2721 Ἰλίου
1149 2684 1326 2731 πέρσιδος
1358 2687 1513 2719 Arccini.
1571 2686 1636 2718 Per

122 2743 209 2772 quae
228 2735 335 2767 multo
364 2734 474 2778 magis
504 2735 660 2766 firmatur
679 2734 736 2775 id,
771 2735 865 2778 qnod
894 2742 996 2767 antea
1018 2734 1103 2767 mihi
1126 2745 1385 2779 persuaseram,
1418 2731 1519 2777 plura
1539 2732 1635 2765 anti—

122 2789 266 2819 quorum
295 2788 477 2825 poetarum
506 2780 655 2824 vestigia
685 2788 719 2813 et
738 2780 815 2814 loca
842 2780 877 2813 in
908 2781 976 2814 hoc
1001 2780 1152 2813 carmine
1177 2780 1278 2813 nobis
1310 2791 1386 2811 esse
1405 2785 1561 2820 servata,
1600 2785 1634 2811 et

121 2823 208 2876 illud
236 2838 308 2858 esse
335 2828 478 2871 Cyclum
509 2829 677 2860 Troicum
702 2840 745 2860 ex
770 2827 1040 2873 antiquioribus
1072 2829 1156 2860 istis
1183 2827 1306 2873 poetis
1329 2827 1522 2871 exscriptis
1546 2838 1633 2858 con-

121 2882 317 2905 munaum.

215 2917 256 2960 ⁸⁶)
282 2919 386 2951 Edita
410 2931 498 2952 nunc
523 2919 584 2952 illa
609 2927 690 2952 sunt
715 2920 749 2952 in
785 2921 895 2953 lucem
934 2927 969 2952 et
993 2920 1097 2953 docte
1131 2919 1303 2952 illustrata
1326 2931 1345 2951 a
1369 2918 1472 2950 Fred.
1505 2916 1634 2950 Iacob-5

124 2963 225 2998 1793.
251 2975 351 3007 quem
377 2965 420 2998 cs.
444 2967 555 3009 praef.
575 2978 609 3009 p.
628 2968 743 3002 XVII.

191 3022 397 3071 VIRGIL.
436 3024 576 3072 ΤΟΜ.
614 3024 676 3071 ΙΙ.
1286 3022 1352 3068 25
