1811 3388
320 181 732 234 AENEIDOS
770 183 910 232 LIB.
940 184 1001 244 V,
1034 184 1327 234 527—542
1487 192 1588 239 793

85 311 253 376 Ips1us
274 308 531 359 Anchisae
560 307 802 370 longaevi
824 307 930 355 hoc
951 324 1146 355 munus
1176 306 1410 367 habebis,
1494 312 1594 361 535

87 383 298 431 Cratera
320 380 620 443 inpressum
641 377 821 440 signis,
860 393 1022 442 quem
1048 376 1302 424 Thracius
1326 377 1456 426 olim

86 448 344 499 Anchisae
374 447 601 510 genitori
624 447 677 495 in
703 462 894 509 magno
915 462 1141 494 munere
1167 445 1372 495 Cisseus

84 522 246 568 Ferre
280 517 357 566 sui
390 515 612 565 dederat
642 524 1059 564 monumentum
1091 524 1141 563 et
1172 516 1361 580 pignus
1390 518 1596 569 amoris,

90 588 174 636 Sic
201 585 338 635 fatus
363 586 521 650 cingit
541 585 784 634 viridanti
808 595 1052 650 tempora
1080 584 1245 645 lauro,

87 659 154 706 Et
198 657 434 723 primum
486 665 605 704 ante
656 656 828 704 omnis
874 655 1132 703 victorem
1184 654 1418 720 adpellat
1463 659 1597 706 Ace-

875 734 1004 774 sten.
1497 731 1599 779 540

89 799 200 845 Nec
226 795 403 843 bonus
421 795 678 858 Eurytion
701 793 939 860 praelato
962 794 1148 842 invidit
1175 793 1396 857 honori3

93 865 343 926 Quamvis
363 864 508 914 solus
537 880 690 914 avem
715 863 868 913 coelo
893 863 1084 913 deiecit
1106 863 1168 912 ab
1203 863 1322 915 alto.

184 1003 252 1039 535
277 1004 345 1037 hoc
362 1005 463 1038 deest
483 1006 563 1040 Exc.
588 1007 702 1039 Burm.
796 1005 865 1040 536
887 1008 1072 1038 Craterum
1092 1004 1217 1038 Medic.
1239 1017 1258 1037 a
1280 1017 1321 1037 m.
1343 1017 1395 1050 pr.
1419 1011 1453 1038 et
1474 1006 1601 1050 Bigot„

93 1050 155 1083 sed
175 1050 343 1094 Virgilius
372 1063 412 1084 eo
440 1065 569 1096 genere
597 1064 665 1084 non
694 1059 745 1084 est
774 1064 863 1084 usus.
898 1065 929 1085 v.
965 1053 1075 1084 Burm.
1123 1064 1229 1096 quam
1264 1053 1398 1096 Hugen.
1427 1064 1445 1084 a
1474 1065 1519 1085 m.
1548 1065 1600 1097 pr.

92 1097 161 1131 537
189 1099 313 1129 Ciseus
332 1099 475 1138 Franc.;
503 1106 556 1131 est
582 1095 753 1137 Κισσεύς.
800 1100 834 1131 ιή
857 1110 925 1131 non
953 1098 1157 1137 delendum3
1195 1098 1319 1141 (deleri
1345 1098 1475 1140 voluit,
1508 1100 1602 1144 quod

94 1154 177 1175 sane
197 1143 350 1186 mireris,
376 1146 428 1178 vir
449 1146 541 1179 doct.
565 1146 598 1178 in
619 1144 785 1178 Seebodii
814 1144 982 1177 Biblioclz.
1013 1146 1093 1178 crit.
1129 1146 1228 1180 1821.
1257 1146 1354 1179 Fasc.
1387 1147 1427 1178 11.
1458 1158 1492 1189 p.
1525 1148 1601 1180 140.

101 1191 194 1233 Wr.)
223 1197 275 1223 est
305 1199 341 1223 ut
371 1204 476 1236 saepe
505 1189 565 1234 ἐν,
600 1192 634 1224 in
662 1198 783 1236 parte,
818 1203 881 1236 pro
913 1203 1072 1225 munere,
1105 1191 1255 1224 muneris
1284 1192 1374 1225 loco.
1424 1192 1602 1235 (Similiter

94 1237 175 1277 XII,
199 1237 296 1271 854.:
334 1238 483 1283 „inque
517 1250 642 1272 omen
673 1240 833 1270 Iuturnae
857 1250 1038 1270 occurrere
1065 1238 1198 1270 iussit.“
1228 1239 1324 1281 lVr.)
1420 1239 1488 1273 538
1513 1242 1604 1271 Esse

96 1285 154 1315 sui
181 1283 339 1316 Parrhas.
370 1297 411 1317 ex
439 1298 471 1319 v.
503 1287 581 1321 572.
615 1285 710 1318 δῶκε
738 1281 888 1329 φέρειν,
927 1284 1022 1318 δῶκε
1063 1280 1104 1317 δ’
1136 1280 1260 1328 ἄγειν,
1297 1284 1392 1318 δῶκε
1423 1285 1602 1328 φορῆναι,

97 1324 240 1363 ὄπασσε
261 1330 441 1373 κομίζειν,
468 1344 573 1377 saepe
602 1333 744 1365 Homer.
838 1332 907 1366 539
940 1332 1055 1363 cinxit
1085 1331 1174 1363 alter
1202 1332 1325 1365 Hamb.
1382 1333 1482 1365 velat
1516 1333 1604 1364 Par-

96 1375 190 1408 rlias.
241 1384 265 1409 t.
285 1387 403 1420 myrto
423 1379 530 1412 Wall.
557 1385 592 1411 et
610 1379 680 1410 Erf.
703 1390 721 1410 a
742 1391 785 1410 m.
805 1390 858 1422 pr.

936 1377 1006 1412 540
1031 1381 1081 1411 Ac
1098 1391 1135 1423 p.
1154 1378 1253 1410 Leid.
1273 1390 1327 1412 un.

1402 1379 1467 1413 541
1519 1391 1603 1410 rae-

98 1423 174 1455 lato
193 1423 327 1456 invidit
345 1426 496 1458 honoris
512 1426 645 1457 emend.
668 1425 890 1457 Markland-as
909 1424 1018 1468 Epist.
1038 1424 1112 1459 crit.
1131 1437 1210 1468 pag.
1230 1427 1315 1466 106,
1345 1425 1380 1457 h.
1400 1437 1429 1457 e.
1456 1391 1603 1457 Asestae

96 1468 256 1513 praelato
277 1470 344 1502 sibi
363 1483 431 1504 non
449 1472 572 1504 invidit
594 1472 763 1504 honorem
793 1482 852 1503 seu
876 1471 1066 1515 praemium
1097 1471 1208 1515 primo
1237 1471 1316 1503 loco
1350 1472 1478 1504 datum.
1528 1473 1605 1503 Ne-

98 1515 170 1548 scio
200 1522 313 1548 tamen
339 1529 382 1549 au
407 1518 554 1551 alterum
584 1518 786 1562 exquisitius
818 1517 863 1549 sit
890 1518 1040 1559 dictum,
1076 1524 1113 1549 ut
1138 1519 1370 1550 transferatur
1402 1531 1421 1550 a
1456 1529 1606 1562 persona

99 1561 304 1594 attributum
323 1564 366 1596 ad
388 1564 498 1609 ipsum
518 1565 707 1604 lionorem3
734 1571 769 1595 et
790 1563 818 1595 si
844 1566 923 1608 quis
945 1571 998 1596 est
1018 1564 1231 1610 praelatas,
1258 1565 1361 1597 etiam
1388 1566 1504 1597 Itonos
1533 1564 1605 1596 eius

99 1608 235 1641 dicatur
247 1611 454 1655 praelatus.
503 1612 558 1644 Sic
582 1612 708 1644 cedere
737 1611 848 1644 alteri
877 1612 915 1643 in
945 1611 1101 1650 honore,
1140 1619 1174 1643 et
1203 1612 1329 1643 cedere
1355 1611 1511 1643 alterius
1537 1611 1605 1643 Ιιο-

99 1656 194 1687 nori.
243 1657 313 1689 Sed
335 1669 450 1690 verum
475 1670 518 1690 ne
538 1658 587 1691 sic
604 1658 741 1702 quidem
765 1657 939 1697 videram3
969 1657 1164 1702 praeferre
1188 1664 1294 1702 poeta
1324 1657 1412 1689 dixit
1438 1657 1607 1701 exquisite

98 1712 164 1746 pro
186 1702 400 1747 praeripere.
448 1706 510 1737 Est
526 1713 749 1751 praereptus
772 1704 904 1744 honor,
933 1704 1147 1749 praelatus,
1181 1716 1281 1748 quem
1302 1704 1361 1736 ille
1395 1703 1497 1744 tulit,
1523 1704 1609 1736 abs-

100 1747 202 1789 tulit,
232 1761 315 1793 prae
343 1751 546 1794 Eurytione.
596 1752 698 1795 (Ante
729 1750 843 1783 omnia
867 1750 1172 1782 demonstrandum
1204 1757 1302 1791 erat,
1322 1751 1519 1796 praelatus
1546 1763 1608 1783 ea-

100 1794 200 1829 dem.
225 1808 291 1839 qua
307 1807 546 1844 praereptus,
581 1796 834 1841 significatione
863 1796 950 1840 legi3
984 1796 1176 1828 cuiusmodi
1204 1796 1317 1830 locum
1348 1797 1438 1828 haud
1466 1796 1538 1829 scio
1566 1808 1609 1830 an

98 1842 228 1874 frustra
249 1854 408 1886 quaeras.
457 1844 585 1878 Verior
602 1839 685 1876 sane
704 1843 801 1888 prior
817 1843 947 1887 Heynii
973 1843 1180 1888 explicatio:
1218 1845 1317 1883 „Nec
1346 1843 1472 1875 invidit
1496 1845 1610 1888 Eury—

100 1888 175 1920 tion
195 1892 357 1929 Acestae,
383 1891 477 1934 quod
494 1890 560 1936 ipsi
576 1891 752 1935 praelatus
767 1915 776 1931 ,
800 1890 898 1934 isque
920 1890 1052 1928 honor,
1088 1902 1189 1934 quem
1209 1891 1283 1934 ipse
1306 1897 1528 1933 speraverat,
1563 1891 1608 1923 ad

100 1933 198 1966 illum
217 1936 404 1969 translatus
425 1942 513 1971 est.“
561 1938 630 1970 Sed
652 1945 838 1982 propterea
857 1937 1049 1981 praelatus
1075 1948 1143 1968 non
1170 1944 1223 1968 est
1252 1937 1416 1969 continuo
1449 1937 1471 1969 i.
1490 1949 1522 1980 q.
1544 1938 1610 1969 (le-

102 1980 220 2022 latus,
246 1989 284 2014 ut
302 1990 401 2026 putat
428 1984 629 2023 Oberlinus,
664 1995 848 2027 perperam
878 1983 968 2014 hunc
993 1982 1132 2025 Virgilii
1160 1983 1274 2016 locum
1299 1983 1342 2015 ad
1372 1983 1611 2026 explicandum

101 2028 263 2060 Tacitum
281 2029 371 2062 Hist.
390 2031 434 2071 V,
455 2034 486 2064 1.
509 2030 691 2063 adhibens.
740 2032 881 2062 Frustra
904 2029 952 2061 ibi
987 2041 1023 2061 se
1052 2036 1218 2073 torquent
1247 2029 1374 2061 critici:
1403 2042 1429 2074 p
1442 2030 1608 2062 raela-

105 2075 169 2106 tis
197 2076 389 2119 utriusque
409 2076 516 2109 rebus
534 2077 644 2121 proba
666 2083 719 2108 est
739 2082 773 2108 et
796 2074 936 2118 egregia
956 2075 1087 2107 locutio
1103 2102 1110 2113 ‚
1138 2076 1239 2108 ducta
1259 2088 1278 2108 a
1303 2075 1414 2107 titulis
1444 2076 1479 2107 in
1510 2088 1612 2120 pom-

104 2131 148 2162 pa
172 2120 375 2165 triumphali
393 2123 563 2166 praeferri
580 2122 705 2154 solitis.
745 2123 841 2159 lVr.)
946 2121 1015 2155 542
1048 2122 1146 2155 coelo
1177 2122 1222 2154 ab
1251 2122 1340 2154 alto.
1389 2122 1527 2155 Mireris
1560 2130 1612 2154 ter

104 2165 324 2219 itauersum
363 2169 535 2212 clausum,
579 2169 635 2202 hic
673 2175 707 2201 et
734 2181 764 2202 v.
792 2161 862 2204 489
892 2174 926 2200 et
952 2169 1032 2203 511.
1081 2168 1222 2201 demisit
1252 2168 1306 2201 ed.
1334 2170 1441 2202 Ven.v
1480 2167 1612 2212 vulgari

104 2220 284 2247 varietate.

106 2309 268 2346 Teucris
290 2331 345 2336 —
375 2332 430 2339 -—
458 2310 619 2348 Ducunt
644 2323 829 2347 exsor-

888 2309 968 2347 lod.
991 2323 1027 2360 p.
1051 2311 1143 2351 759.
1206 2311 1259 2347 De
1286 2310 1424 2348 eodem
1460 2310 1612 2347 Home-

105 2373 204 2403 tem
236 2366 439 2407 Aeneae.“
475 2367 586 2421 HJJ.)
649 2367 708 2405 Ad
737 2381 825 2404 cra-

887 2381 957 2404 rus
975 2367 1086 2404 Iliad.
1108 2371 1142 2415 λ,
1174 2370 1269 2410 223.
1329 2369 1476 2406 Locum
1505 2367 1615 2405 hunc

107 2433 224 2461 terem
245 2424 384 2461 saltem
417 2425 467 2466 cs.
496 2432 690 2463 craterem
712 2424 829 2461 Sido-

106 2481 215 2519 nium
239 2482 381 2533 Odyss.
405 2498 439 2529 ο,
463 2483 554 2524 115.
596 2485 830 2533 impressam

107 2541 259 2588 signis,
296 2539 586 2591 anaglyphum,
618 2540 735 2591 signis
756 2552 830 2575 ex—

107 2596 250 2646 pressis
272 2597 312 2634 in
328 2604 492 2648 argento
508 2598 571 2636 vel
589 2611 690 2636 aere.
748 2597 832 2635 Lu-

108 2654 245 2690 xuriat
265 2654 305 2691 iu
328 2667 374 2692 eo
404 2656 554 2693 Statius
587 2655 611 2693 l.
645 2668 677 2693 c.
709 2654 832 2691 Theb.

110 2710 173 2757 Vl,
198 2711 452 2753 531—-539-
504 2713 674 2760 Cisseus,
702 2712 835 2750 Thra-

111 2780 200 2803 cum
220 2781 312 2815 rex,
345 2769 456 2807 cuius
483 2770 558 2807 [ilia
580 2770 756 2807 Hecuba.
787 2770 835 2806 cf.

111 2824 180 2860 ins.
210 2824 273 2860 lib.
303 2826 354 2870 X,
378 2827 473 2872 705,
506 2841 543 2864 v.
572 2827 755 2865 Munker.
787 2827 837 2863 ad

111 2881 252 2931 Ilygin.
284 2882 311 2920 s.
341 2885 407 2921 91.
469 2884 592 2921 Notae
632 2885 680 2921 ad
713 2884 838 2935 Apol-

889 2423 1039 2474 Virgilii
1057 2425 1256 2475 eleganter
1287 2427 1484 2477 expressit
1511 2426 1614 2463 Ovi-

889 2482 979 2518 dius
1001 2482 1040 2518 in
1073 2496 1238 2520 munere
1267 2481 1357 2521 Anii
1382 2483 1475 2521 Met.
1511 2483 1614 2531 XlH,

890 2541 969 2580 681
993 2552 1077 2589 sqq.

949 2596 1207 2638 541-544.
1239 2598 1425 2647 praelato
1460 2597 1614 2643 honori,

890 2652 969 2691 hoe
988 2660 1068 2691 est:
1098 2653 1256 2702 honori,
1287 2668 1403 2704 quem
1425 2654 1524 2692 alter
1544 2655 1617 2704 ipsi

892 2711 1163 2762 praetulerat,
1188 2712 1475 2763 praeripuerat.
1534 2711 1618 2748 Ali-

894 2775 954 2806 ter
977 2769 1131 2820 vulgari
1153 2784 1227 2807 usu
1256 2770 1402 2807 dicitur
1430 2769 1526 2805 alter
1561 2769 1618 2804 al-

896 2828 969 2863 teri
992 2828 1200 2877 praelatus
1234 2826 1331 2878 (vid.
1353 2827 1400 2865 V.
1425 2827 1465 2863 I..
1502 2827 1545 2862 ll
1559 2823 1617 2873 1)

898 2883 1019 2920 (mnus
1042 2898 1131 2921 cum
1152 2884 1299 2922 dilectu
1328 2883 1365 2921 h.
1389 2883 1412 2919 1.
1448 2882 1618 2933 positum
