1827 3436
264 259 590 314 TRACTAT
600 257 794 307 ARUM
865 255 1295 305 INVENTIONE
1469 261 1532 308 43

31 391 202 459 psodo
236 388 495 436 insertum
534 390 670 448 esse.)
719 381 945 443 samam,
997 388 1057 428 ut
1098 379 1257 441 solet,
1308 379 1535 444 aliquam

31 461 120 511 illo
158 468 406 522 tempore
448 454 788 519 superstitem
832 468 891 500 ea
936 449 1003 498 de
1050 466 1108 498 re
1148 457 1403 514 sequutus
1436 458 1536 508 est3

31 529 124 578 nisi
159 525 297 575 forte
321 525 433 590 ipse
465 523 518 572 in
543 522 819 572 itineribus
848 519 951 568 suis
979 520 1033 567 in
1056 527 1301 584 posteros
1326 521 1539 567 Aeneae

32 596 226 648 incidit.
297 593 479 642 Fuisse
518 608 746 656 regnum
795 589 925 638 illud
969 589 1021 636 in
1061 605 1120 637 ea
1163 589 1272 652 ipsa
1310 586 1540 647 Troade,

32 669 86 716 in
123 682 225 731 qua
254 664 493 713 Priamus
527 669 860 725 regnaverat,
901 676 958 707 ea
997 667 1074 706 est
1102 657 1392 705 verborum
1426 673 1541 705 sen-

32 736 219 795 tentia,
258 748 391 799 quae
428 731 726 794 legentibus
760 729 940 777 locum
970 728 1140 793 prima
1174 726 1426 783 occurrit;
1473 734 1541 773 at-

36 821 140 870 que
180 804 247 852 ita
284 810 490 850 veteres
529 801 710 849 locum
755 806 878 847 sunt
906 796 1233 863 interpretati
1275 801 1341 858 (v.
1375 795 1541 846 Strab.

34 876 169 935 2111,
206 890 259 937 p.
289 878 387 923 608
421 872 476 925 C,
515 876 613 921 906
650 873 708 931 A,
746 866 973 930 Almel.).
1047 868 1246 915 Ornata
1278 865 1434 914 etiam
1467 873 1545 913 est

36 943 263 992 narratio
295 938 436 1005 apud
469 939 643 989 Schol.
675 937 741 987 ad
773 954 814 987 e.
845 937 875 987 l.
910 953 968 984 ex
1000 935 1264 984 Acusilao:
1310 934 1402 982 ubi
1434 951 1544 982 me-

36 1020 276 1061 moratur
318 1013 500 1060 Venus
538 1017 762 1075 propter
795 1006 900 1054 hoc
945 1006 1118 1071 ipsum
1162 1021 1282 1052 cum
1315 1003 1544 1053 Anchise

39 1097 153 1130 esse
207 1094 512 1143 congressa,
561 1077 709 1144 quod
756 1076 1015 1135 audierat,
1073 1073 1230 1122 fatale
1274 1089 1411 1134 esse,
1470 1082 1544 1131 ut,

38 1149 315 1201 Priamidis
345 1148 545 1210 excisis,
581 1163 809 1211 regnum
831 1145 1023 1194 Troiae
1050 1144 1116 1192 ad
1151 1142 1409 1192 Anchisae
1436 1143 1547 1190 stir-

40 1237 166 1287 pem
210 1216 495 1284 aliquando
523 1217 734 1266 rediret.
805 1218 941 1265 Nato
974 1215 1152 1280 itaque
1184 1216 1386 1272 Aenea,
1426 1229 1546 1260 cum

42 1291 90 1338 ei
130 1288 289 1337 vellet
325 1302 553 1349 regnum
582 1286 836 1334 maturius
869 1300 1079 1349 parare,
1124 1281 1298 1331 Paridi
1332 1281 1415 1330 illa
1441 1284 1548 1330 He—

41 1360 194 1407 lenae
229 1373 471 1406 amorem
504 1355 769 1404 instillavit
799 1353 1111 1418 bellumque
1153 1351 1452 1413 concitavit,
1489 1359 1549 1399 ut

44 1428 235 1477 Priami
271 1427 422 1490 stirps
465 1433 610 1474 tanto
653 1424 875 1473 celerius
906 1422 1248 1471 excideretur.
1294 1424 1548 1481 Fuerunt,

48 1498 161 1562 qui,
214 1513 333 1544 cum
368 1499 604 1544 Aeneam
642 1495 693 1541 in
728 1493 837 1542 aliis
867 1492 1044 1558 potius
1076 1491 1251 1549 terri&
1301 1507 1461 1555 quam
1496 1490 1549 1538 in

45 1567 122 1616 Ilii
161 1564 276 1614 solo
323 1566 530 1628 aequati
569 1564 756 1625 ruinis,
810 1577 1036 1625 regnum
1078 1558 1378 1608 condidisse
1417 1558 1551 1606 mal-

46 1636 179 1696 lent,
222 1633 632 1698 interpolatione
676 1632 810 1680 facta
849 1633 1114 1682 πάντεσσιν
1154 1646 1252 1694 pro
1294 1629 1551 1694 Τρώεσσιν,

47 1706 99 1753 in
131 1720 247 1752 suas
279 1712 452 1768 partes
481 1712 697 1768 poetam
732 1701 1004 1750 traherent
1018 1705 1080 1763 *).
1154 1698 1252 1747 Alii
1283 1698 1548 1746 diversum

52 1774 114 1823 ab
153 1772 409 1823 Anchisae
455 1773 786 1837 Venerisque
826 1769 938 1817 filio
980 1772 1217 1818 Aeneam
1257 1766 1415 1816 fuisse
1450 1776 1553 1814 sta—

50 1843 290 1903 tuebant3
349 1851 496 1890 erant
536 1858 781 1908 quoque,
831 1840 919 1905 qui
967 1838 1033 1886 de
1070 1846 1217 1903 patre
1260 1837 1398 1886 male
1439 1853 1554 1884 me-

49 1921 317 1961 moratum
351 1911 614 1971 dicerent,
653 1910 799 1976 quod
835 1909 898 1957 ad
931 1908 1209 1957 Ascanium
1241 1916 1376 1955 esset
1401 1922 1546 1954 revo-

53 1981 304 2039 candunn
343 1981 425 2029 alii
457 1981 689 2047 denique
713 1984 951 2029 Aeneam
984 1978 1144 2026 rebus
1181 1977 1231 2024 in
1260 1976 1403 2024 Italia
1436 1992 1557 2023 con-

51 2052 237 2099 stitutis
270 2051 483 2099 Troiam
521 2067 632 2099 esse
670 2064 942 2099 reversum
978 2064 1036 2095 ex
1079 2045 1274 2095 eodem
1313 2045 1401 2094 illo
1436 2045 1556 2092 loco

53 2121 148 2168 sibi
192 2129 571 2184 persuaserant.
617 2138 661 2169 v.
696 2120 908 2181 Dionys.
943 2116 1103 2167 HaliC.
1140 2118 1190 2173 Ι,
1230 2120 1310 2167 53.
1386 2118 1558 2176 Quam

57 2189 316 2237 celebrata
351 2190 489 2238 inter
523 2198 729 2238 veteres
763 2197 814 2237 et
844 2186 1038 2235 nobilis
1074 2185 1258 2234 debuit
1292 2201 1403 2233 esse
1440 2201 1557 2231 nar-

59 2258 215 2319 ratio,
263 2276 396 2324 quae
438 2277 557 2308 cum
592 2267 731 2306 tanta
762 2258 1080 2323 opinionum
1117 2254 1364 2303 varietate
1400 2254 1452 2301 in
1490 2252 1561 2301 (lia

57 2345 228 2376 versas
258 2337 430 2392 partes
458 2333 789 2377 tractaretur!

199 2397 386 2445 Strabo
428 2398 646 2462 quidem
684 2396 881 2460 vulgari
918 2393 1203 2441 narrationi
1247 2392 1313 2440 de
1350 2396 1561 2442 Aeneae

60 2466 327 2514 erroribus
357 2476 407 2514 et
430 2467 604 2516 Italiae
638 2466 781 2515 aditu
811 2464 1032 2513 omnino
1061 2478 1357 2527 repugnare
1383 2462 1561 2510 locum

60 2537 405 2583 Homericum
437 2537 784 2592 existimabat:
835 2535 887 2582 in
931 2533 1031 2580 hoc
1064 2533 1205 2580 enim
1241 2532 1414 2589 innui,
1462 2534 1563 2579 Ae—

62 2621 216 2652 neam
239 2604 300 2653 ad
326 2607 539 2654 Troiam
565 2611 637 2668 (e'v
656 2609 717 2670 τῇ
746 2608 922 2669 Τροίᾳ)
951 2602 1219 2659 mansisse„
1258 2602 1309 2649 in
1338 2616 1564 2662 regnum

64 2675 368 2723 successisse
412 2676 573 2741 idque
611 2675 834 2740 posteris
878 2672 982 2720 suis
1027 2671 1316 2736 reliquisse.
1389 2671 1563 2720 Potuit

179 2851 212 2896 *)
245 2863 304 2899 ap.
337 2850 521 2887 Strabou.
553 2850 577 2887 l.
610 2850 632 2887 Ι.
665 2863 701 2900 p.
734 2852 815 2889 906
850 2849 889 2885 Β.
923 2848 1030 2897 quod
1062 2853 1255 2896 sequutus
1294 2853 1352 2883 est
1383 2846 1570 2896 Virgilius

70 2902 161 2939 Aen.
189 2905 252 2953 111,
284 2909 350 2946 97.
394 2909 443 2944 Et
472 2908 610 2943 <lomus
642 2906 800 2943 Aeneae
832 2908 984 2943 cunella·
1008 2905 1280 2942 dominabitur
1311 2906 1402 2941 ort'S.
1466 2902 1568 2940 Add.

71 2959 198 2998 schol.
227 2963 276 2999 ad
306 2962 413 3002 iliad.
450 2968 490 3012 Τ,
523 2967 616 3006 306-
