1827 3436
466 254 876 303 AENEIDOS
920 255 1134 315 LIB.1,
1172 261 1463 309 398—412
1607 267 1699 311 147

194 383 502 447 Spiravere3
540 379 708 445 pedes
731 379 887 427 vestis
910 377 1127 427 defluxit
1147 380 1209 428 ad
1235 380 1395 439 imos;

189 455 255 501 Et
284 467 404 498 vera
431 451 637 498 incessu
660 449 826 513 patuit
847 448 958 498 dea.

1031 447 1151 510 Ille,
1189 449 1280 497 ubi
1306 458 1530 499 matrem
1602 458 1701 504 405

196 518 481 582 Adgnovit,
517 518 607 566 tali
634 516 929 581 fugientem
955 526 1032 565 est
1052 534 1182 566 voce
1205 527 1436 568 secutus:

192 588 333 650 Quid
358 597 542 636 natum
570 588 748 648 totieS‚
789 587 1015 635 crudelis
1040 596 1098 635 tu
1122 604 1364 653 quoque,
1402 586 1542 636 falsis

190 657 351 707 Ludis
374 657 724 721 imaginibus?
764 673 856 705 cur
882 656 1095 705 dextrae
1116 657 1333 720 iungere
1361 656 1598 706 dextram

189 731 312 777 Non
339 726 517 790 datur,
557 743 613 775 ac
641 742 787 774 veras
810 725 991 774 audire
1018 734 1069 774 et
1089 726 1321 775 reddere
1345 732 1538 776 voces?

193 796 408 846 Talibus
435 797 656 855 incusat,
693 811 1042 860 gressumque
1067 794 1132 843 ad
1159 796 1372 844 moenia
1392 795 1577 848 tendit.
1601 800 1701 848 410

190 870 257 915 At
276 869 458 916 Venus
481 866 709 914 obscuro
738 864 1025 929 gradientis
1048 881 1168 913 aere
1189 866 1393 930 saepsit,

189 938 256 985 Et
276 935 451 984 multo
477 934 706 984 nebulae
730 936 928 983 circum
952 934 1051 984 dea
1078 933 1216 983 fudit
1241 935 1450 997 amictu,

257 1063 328 1099 406
354 1071 409 1094 est
423 1062 524 1095 abest
540 1063 677 1106 Menag.
694 1075 748 1107 pr.
770 1068 806 1094 et
816 1061 938 1095 Hamb.
953 1073 1021 1094 sec.
1035 1060 1151 1104 (etiam
1163 1061 1240 1094 Alb,
1258 1062 1351 1105 Wr.)
1366 1061 1469 1094 male.
1493 1059 1702 1107 fugientem

191 1110 259 1142 tali
278 1118 334 1143 est
354 1122 387 1141 v.
408 1121 435 1141 s.
456 1109 682 1152 Longobard.
711 1109 827 1142 Pierii.

189 1156 342 1189 dextrae
361 1156 485 1188 Hamb.
507 1168 559 1199 pr.

190 1203 346 1235 reddere
363 1215 431 1235 sec.
453 1203 579 1235 Hamb.
606 1211 640 1234 et-
663 1211 774 1235 notas
792 1203 923 1235 audire
943 1214 985 1234 ac
1005 1214 1034 1233 r.
1055 1201 1215 1234 Parrhas.
1237 1214 1278 1233 ex
1301 1203 1360 1242 VI,
1379 1203 1459 1236 689.

754 1248 819 1283 411
847 1250 1075 1295 gradientem
1098 1248 1222 1280 Hamb.
1260 1261 1329 1281 sec.
1366 1249 1593 1293 (gradientes
1620 1249 1700 1280 Me-

190 1251 236 1281 tic
255 1250 369 1293 Bigot.
418 1250 518 1281 ducit
536 1249 658 1292 Puget.

189 1295 256 1329 dic.
281 1297 377 1339 lVr.)

427 1297 565 1341 saepsit
586 1295 759 1340 scriptura
783 1303 836 1328 est
864 1294 1014 1327 Medicei
1033 1301 1068 1326 et
1089 1293 1248 1326 Romani.

921 1109 991 1144 408
1017 1109 1169 1140 dextras
1197 1109 1367 1140 Rottend.
1388 1121 1441 1153 pr.
1491 1109 1656 1140 dextram
1677 1110 1700 1141 i,

655 1158 725 1191 409
752 1165 817 1188 aut
836 1168 945 1188 veras
964 1155 1051 1187 alter
1072 1155 1240 1187 Rottend.
1290 1163 1325 1187 et
1348 1168 1382 1187 v.
1405 1161 1488 1187 tert.
1508 1155 1616 1187 Goth.
1659 1167 1703 1188 ac

1529 1202 1599 1236 410
1618 1214 1702 1233 ver·-

1343 1296 1413 1330 412
1429 1294 1563 1340 fundit
1586 1295 1700 1339 Bigot.

181 1341 297 1387 fulsit
318 1342 482 1376 Walliau.
512 1344 561 1386 (et
581 1342 659 1375 Alb.
686 1362 729 1366 —-
754 1343 905 1375 multum
925 1341 1077 1385 Sangall.
1091 1341 1118 1386 ']
1150 1341 1246 1385 lVr.)

190 1449 259 1498 qui
299 1448 468 1500 speciem
503 1447 721 1486 humanam
759 1447 918 1485 mentiti

190 1507 401 1543 mortalem
431 1506 603 1556 aliquem
626 1511 917 1545 convenerunt.

192 1564 426 1602 Declaratur
447 1570 581 1601 autem
601 1563 737 1601 divina
752 1562 918 1600 Veneris

976 1460 1139 1494 comas,
1175 1445 1393 1494 ambrosia,
1426 1445 1593 1484 deorum
1622 1445 1701 1484 hoc

976 1510 1223 1554 unguentum
1257 1510 1338 1554 est,
1380 1503 1600 1552 delibutas,
1650 1504 1699 1541 ab

976 1561 1153 1599 Homero
1189 1560 1329 1609 habet,
1369 1561 1480 1599 Iliad.
1517 1578 1561 1610 α,
1603 1561 1698 1602 528.

192 1622 321 1659 forma
346 1635 418 1673 per
446 1635 641 1659 summam
671 1620 917 1672 pulcritudi-
967 1620 1090 1669 palla
1121 1619 1285 1656 Veneris
1319 1618 1381 1655 vel
1415 1631 1464 1656 ex
1495 1619 1562 1656 illo
1590 1625 1699 1668 nota,

190 1692 281 1716 nem
323 1680 508 1728 cervicis,
549 1692 682 1717 comas
720 1677 917 1715 ambrosia

189 1736 388 1774 delibutas
423 1743 464 1774 et
493 1737 656 1775 odorem
690 1736 768 1773 late
801 1749 917 1787 spar—

187 1801 344 1845 gentes,
375 1801 464 1832 tum
496 1808 567 1846 per
596 1794 742 1846 pallam
776 1800 815 1831 et
846 1806 917 1844 per

188 1852 396 1900 incessum.
429 1852 519 1890 Vid.
546 1853 712 1890 Exeurs.
740 1851 790 1888 ad
817 1850 855 1888 h.
880 1864 916 1889 v.

189 1911 229 1947 Si
250 1910 293 1947 in
314 1925 425 1947 rosea
445 1912 593 1948 cervice
614 1923 696 1947 non
719 1915 800 1946 tam
827 1909 916 1946 llo-

188 1968 282 2006 ratii
303 1969 314 2005 l
337 1969 466 2006 carm.
489 1971 553 2015 13,
576 1971 593 2007 1
620 1967 914 2014 auctoritatem,

189 2039 308 2076 quam
344 2028 541 2063 rationem
579 2025 802 2073 desideras,
845 2030 917 2061 aut

188 2089 286 2135 puta
317 2098 471 2120 roseum
495 2096 576 2120 esse
606 2083 768 2120 omnino
795 2094 916 2119 suave

188 2141 252 2178 vel
277 2141 477 2192 pulcrum,
509 2147 579 2178 aut
607 2140 779 2178 colorem
801 2140 917 2177 flori-

190 2198 286 2236 dum
337 2199 505 2250 exprimi
551 2199 592 2236 in
642 2204 781 2235 tenera
825 2204 915 2235 cute

189 2258 308 2293 etiam
336 2256 614 2293 candidissima
638 2256 916 2306 pellucentein.

193 2312 272 2365 (Ad
293 2328 446 2351 roseam
466 2316 656 2351 cervicem
679 2314 728 2351 cf.
752 2315 847 2350 Aen.
870 2313 917 2360 ΙΙ,

189 2374 284 2413 595.
311 2386 464 2408 roseum
497 2385 539 2408 08
573 2372 754 2409 Veneris.
797 2370 918 2421 Apud

189 2428 408 2466 Homerum
422 2442 581 2479 quoque
603 2429 751 2481 Hymn.
766 2428 806 2465 in
821 2428 918 2466 Ven.

192 2488 285 2527 182.
325 2487 462 2539 δείρην
497 2487 661 2524 Veneris
694 2486 918 2524 admiratur

190 2543 392 2582 Anchises.
443 2545 570 2583 VVclz.
586 2543 600 2597 )

682 2543 919 2582 Ambrosias

976 1676 1086 1726 quod
1114 1676 1261 1727 legitur
1294 1675 1406 1713 Iliad.
1441 1690 1476 1724 ε,
1511 1678 1593 1718 315
1627 1676 1700 1716 πέ-

975 1737 1092 1774 πλοιο
1128 1736 1303 1783 φαεινοῦ
1335 1730 1496 1786 πτύγμα
1536 1740 1576 1771 et
1616 1736 1698 1774 338

973 1787 1215 1843 Ἀμβροσίου
1249 1788 1317 1832 ὄιοὶ
1352 1789 1527 1839 πέπλου,
1580 1787 1627 1830 ὅν
1660 1790 1702 1831 οἵ

977 1844 1151 1901 Χάριτες
1179 1845 1312 1902 κάμον
1344 1845 1474 1888 αὗταί.
1516 1847 1699 1886 habitum

974 1907 1106 1957 itaque
1136 1906 1231 1944 deae
1265 1906 1463 1954 declarat5
1504 1908 1699 1943 incessum

974 1970 1106 2001 autem
1133 1965 1257 2015 cogita
1278 1965 1407 2002 levem
1429 1964 1543 2001 illum
1566 1970 1604 2001 et
1622 1977 1699 2001 vo-

974 2022 1070 2060 latui
1104 2022 1292 2069 similem,
1330 2022 1605 2059 columbarum
1634 2022 1698 2058 in-

974 2086 1069 2117 star.
1115 2077 1222 2131 (Vid.
1248 2080 1358 2117 Voss.
1389 2080 1432 2116 in
1459 2079 1580 2129 Epist.
1608 2091 1698 2130 my-

973 2137 1122 2188 tholog.
1145 2138 1188 2175 T.
1211 2138 1236 2175 Ι.
1264 2151 1303 2188 p.
1325 2139 1417 2177 138.
1438 2137 1580 2184 Jahn.)

1032 2195 1127 2236 407.
1150 2196 1274 2232 toties.
1313 2193 1697 2245 SaepiusigiturVe-

975 2266 1050 2290 nus
1077 2255 1155 2289 iam
1191 2258 1280 2289 ante
1311 2258 1405 2289 nato
1442 2252 1524 2289 visa
1554 2252 1697 2289 suerat.

976 2311 1040 2347 Sic
1060 2310 1156 2348 Aen.
1176 2310 1222 2358 II,
1244 2310 1326 2350 589
1360 2310 1493 2359 Quum
1514 2309 1615 2345 mihi
1638 2323 1694 2357 se,

975 2383 1054 2406 non
1080 2376 1171 2405 ante
1201 2368 1326 2404 oeulis
1354 2375 1439 2404 lam
1465 2367 1600 2414 clara,
1635 2367 1698 2403 νί-

976 2427 1149 2463 dendam
1194 2424 1368 2471 Obtulit,
1412 2432 1448 2460 et
1480 2438 1586 2474 pura
1627 2437 1699 2473 per

975 2492 1127 2521 noctem
1151 2486 1189 2520 in
1203 2484 1289 2519 luce
1309 2482 1464 2532 resitlslt
1476 2482 1600 2518 sllma
1614 2496 1698 2531 pa-

975 2556 1062 2578 rens
1096 2548 1170 2579 etc.
1214 2541 1262 2577 cf.
1293 2539 1459 2589 Disquis.
1483 2539 1530 2587 ll,
1559 2552 1596 2590 p.
1631 2538 1697 2579 52.

280 2692 310 2738 ¹⁸]
336 2696 479 2726 Contulit
507 2694 688 2735 fragmenta
720 2694 779 2725 Cd.
816 2689 942 2733 virgilii
971 2691 1192 2731 Sangallensis
1216 2689 1337 2721 saeculi
1372 2688 1477 2728 quarti
1513 2687 1561 2718 vel
1597 2686 1696 2726 quinti

189 2741 291 2772 literis
328 2743 506 2773 uncialibus
538 2742 649 2781 scripti
675 2741 698 2771 1.
740 2741 774 2771 C.
812 2739 1009 2770 Orellius
1034 2737 1071 2768 in
1098 2736 1214 2780 Epist.
1239 2735 1318 2766 crit.
1344 2733 1392 2764 ad
1417 2734 1447 2764 I.
1474 2732 1519 2764 N.
1546 2731 1696 2763 Madvi—

187 2787 304 2831 gium,
332 2789 508 2829 praemissa
534 2787 716 2818 Ciceronis
740 2785 906 2824 Oratori,
936 2787 1067 2821 Bruto,
1110 2782 1270 2826 Topicis,
1306 2783 1360 2811 De
1386 2781 1525 2823 Optimo
1558 2780 1698 2809 Genere

189 2834 396 2873 oratorum,
423 2845 442 2865 a
467 2846 503 2866 se
533 2834 641 2873 editis,
666 2844 740 2874 pag.
766 2832 918 2864 Lle—
934 2831 1045 2862 val.
1097 2830 1235 2861 Maxima
1260 2838 1334 2868 pars
1359 2827 1556 2857 diversitatis
1580 2835 1599 2855 a
1621 2825 1695 2854 Viro

188 2881 258 2912 Cel.
285 2885 437 2912 enotatae
472 2883 599 2923 spectat
637 2881 679 2911 ad
714 2879 988 2921 orthographiam.
1039 2878 1136 2908 Cuius
1173 2875 1353 2907 collationis
1390 2875 1508 2904 montio
1540 2872 1608 2901 fieri
1634 2879 1694 2900 non

188 2928 293 2967 potuit
318 2938 338 2959 a
364 2928 572 2968 Gersdorfio,
619 2937 712 2968 quum
745 2927 798 2958 hic
831 2926 913 2956 liber
942 2925 1090 2956 absoluto
1124 2924 1184 2953 iam
1209 2923 1277 2952 fere
1306 2920 1470 2951 Yoluniine
1497 2919 1547 2949 ΙΨ.
1573 2917 1612 2947 ad
1640 2926 1694 2945 nos

189 2973 330 3014 perlatus
353 2974 408 3007 sit.
439 2975 518 3007 Wr.

1305 3013 1369 3056 lo
1393 3013 1417 3043 *
