1779 3420
132 201 261 249 1028
473 196 1309 246 EXCURSUSXI**

127 340 184 365 na
213 326 308 364 solis
337 334 374 364 et
399 333 505 364 ortus
537 324 621 367 255
647 348 703 355 —-
736 332 776 364 et
806 326 1013 364 confestim
1040 326 1146 364 viam
1176 325 1460 377 ingrediuntur
1490 326 1642 366 Aeneas

127 390 169 423 et
197 384 348 437 Sibylla
377 391 470 422 ante
494 383 601 421 diem
635 392 778 421 ortum.
851 384 1063 435 Peragrata
1094 391 1190 423 sunt
1222 386 1311 423 loca
1341 383 1436 422 inde
1466 397 1488 421 a
1510 384 1643 436 primo

127 442 308 494 ingressu
331 440 384 480 ad
405 441 587 480 Plutonis
611 441 758 493 regiam
789 453 890 491 quae
924 441 1188 493 prospicitur,
1233 449 1273 481 et
1305 456 1327 480 a
1356 443 1469 481 laeva
1494 443 1643 480 Tarta—

127 513 217 540 rus:
249 506 338 540 tum
355 499 629 552 interponitur
653 500 736 541 536
757 500 858 536 Hac
887 501 973 537 vice
996 513 1221 537 sermonum
1250 501 1377 553 (inter
1404 501 1578 539 Aeneam
1606 506 1644 538 et

128 555 399 612 Deiphobum)
431 560 553 595 roseis
573 557 735 594 Aurora
760 556 972 607 quadrigis
1001 558 1095 595 lam
1122 560 1299 595 medium
1328 558 1503 596 aetherio
1524 573 1644 597 cursu

129 619 337 655 traiecerat
364 629 497 654 axem.
561 614 700 665 Itaque
730 613 880 665 Sibylla
908 613 1054 653 affatur
1078 627 1162 653 eos:
1204 616 1303 654 Nox
1332 617 1432 664 mit,
1476 617 1638 664 Aenea,-

129 675 352 726 nosflendo
382 673 568 711 ducimus
596 671 727 710 horas.

245 732 287 770 Si
309 730 433 771 verba
466 735 607 782 poetae
636 728 944 782 interpretando
975 729 1174 781 sequeris,
1215 744 1297 769 non
1322 730 1398 769 nisi
1426 729 1477 768 de
1504 730 1644 768 eadem

129 790 205 828 illa
232 797 343 828 noc-te
376 788 503 840 accipi
526 787 626 825 haec
652 793 842 839 possunt,
892 802 974 839 qua
1003 802 1143 838 saera,
1194 803 1286 826 cum
1313 791 1401 840 ipso
1437 789 1640 837 descensu,

119 847 246 899 facta
282 854 388 885 sunt.
450 845 627 897 Exigunt
654 845 733 883 hoc
765 845 942 884 rationes
977 846 1272 897 grammaticae.
1347 847 1507 884 Aurora
1548 846 1646 884 facit

130 905 343 943 decursum
369 918 488 943 suum
522 903 725 955 quadrigis
754 904 802 942 ab
832 903 986 942 oriente
1011 910 1148 943 evecta
1174 919 1257 943 non
1279 904 1354 942 alio
1378 904 1500 942 modo
1526 917 1646 955 quam

134 962 225 1012 Sol,
253 962 322 1013 qui
343 975 428 1000 eam
446 961 715 1012 subsequitur.
774 962 880 1013 Ergo
902 974 946 999 ea
967 963 1180 1014 quadrigis
1195 964 1317 1000 roseis
1331 977 1449 1001 cursu
1471 962 1645 1000 aetlzerio

129 1022 277 1058 traiicit
310 1021 483 1058 caelum.
559 1021 675 1058 Nunc
709 1033 755 1058 ea
792 1022 1000 1058 traiecerat
1030 1022 1115 1058 iam
1147 1035 1266 1059 axem
1307 1021 1507 1058 medium:
1564 1032 1647 1057 esse

128 1092 247 1116 axem
268 1078 442 1127 caelum,
476 1077 655 1116 dubitari
681 1078 841 1129 nequit,
876 1078 1052 1116 medium
1082 1093 1198 1116 axem
1217 1080 1399 1117 Romano
1428 1090 1539 1116 more
1563 1091 1646 1115 non

126 1136 304 1188 praecise
326 1136 377 1175 ad
399 1137 572 1175 mediam
593 1136 692 1174 caeli
711 1141 867 1189 partem
886 1137 1092 1186 revocari,
1137 1136 1206 1174 sed
1234 1137 1367 1175 omnia
1397 1136 1476 1174 dici
1501 1136 1646 1184 media,

128 1207 230 1246 quae
248 1201 344 1234 sunt
370 1195 479 1233 intra
499 1201 700 1233 extremos
722 1194 842 1243 fines,
873 1194 1010 1233 multis
1030 1195 1212 1234 virorum
1235 1195 1449 1233 doctorum
1470 1194 1575 1232 notis
1596 1192 1647 1231 ad

130 1252 281 1291 multos
320 1259 504 1292 auctores
535 1253 736 1291 monitum
779 1258 858 1302 est,
917 1253 1176 1304 intelligenda
1214 1254 1315 1291 adeo
1352 1259 1494 1306 poetae
1523 1251 1647 1291 verba

128 1317 249 1349 erunt
270 1310 320 1349 de
341 1311 404 1349 die
425 1318 516 1350 orto
538 1318 630 1363 post
652 1311 877 1349 diluculum
893 1310 973 1349 iam
990 1311 1214 1363 depulsum.
1258 1312 1304 1350 Et
1323 1311 1354 1348 si
1374 1310 1646 1362 subiungitur:

129 1369 232 1406 Nox
251 1371 333 1407 ruit
346 1399 356 1417 ‚
390 1370 530 1407 Aenea
544 1399 556 1418 ‚
584 1368 664 1407 hoc
685 1382 735 1407 ex
753 1369 839 1420 ipsa
861 1381 917 1419 re,
948 1370 1058 1420 quod
1077 1369 1182 1408 bona
1202 1369 1484 1421 interpretatio
1505 1374 1648 1421 postu-

127 1425 203 1476 lat,
235 1427 313 1465 erit
338 1427 640 1479 accipiendum,
672 1427 806 1466 verbis
832 1441 915 1464 non
935 1440 1071 1465 severe
1092 1428 1255 1466 exactis.
1301 1429 1402 1466 AVox
1422 1427 1532 1475 abiit,
1564 1426 1648 1464 dies

127 1485 205 1522 iam
230 1491 398 1524 exortus
418 1491 499 1535 est;
529 1485 601 1523 etsi
626 1498 764 1523 sensus
792 1485 905 1523 facile
930 1499 1254 1536 unumquemque
1285 1485 1448 1535 doceat,
1493 1484 1648 1523 duriter

127 1540 206 1581 hoc
247 1542 401 1582 dictum
437 1556 530 1582 esse.
609 1543 671 1582 Ita
717 1556 809 1581 sane
845 1545 1102 1594 grammatice
1138 1543 1324 1595 expedita
1365 1549 1460 1581 sunt
1502 1543 1646 1580 omnia.

129 1600 346 1640 Enimvero
382 1601 439 1640 ita
473 1601 526 1640 ad
560 1601 801 1639 miraculum
832 1601 1009 1639 adducta
1039 1615 1103 1640 res
1138 1608 1220 1651 est,
1261 1602 1314 1651 si,
1355 1614 1446 1638 cum
1473 1599 1551 1638 iter
1580 1601 1647 1638 in-

126 1659 247 1710 gressi
276 1665 405 1697 essent
438 1659 514 1697 iam
538 1659 611 1697 sub
638 1659 805 1697 diluculi
834 1665 1009 1712 tempus:
1040 1662 1169 1710 primi
1199 1659 1271 1697 sub
1299 1661 1457 1697 lumina
1485 1659 1581 1696 solis
1611 1666 1648 1695 et

128 1724 233 1753 ortus
252 1729 290 1754 v.
309 1717 406 1765 255,
437 1731 547 1755 nunc
564 1721 724 1755 Aurora.
749 1719 835 1754 iam
865 1720 907 1754 iri
935 1718 1095 1755 caelum,
1117 1718 1240 1755 allius
1259 1723 1408 1764 evecta,
1437 1716 1545 1753 intra
1564 1722 1646 1754 tam

128 1773 250 1812 breve
268 1775 460 1826 temporis
488 1775 769 1823 intervallum,
801 1777 906 1812 inter
931 1775 1153 1813 diluculum
1178 1781 1218 1813 et
1240 1775 1319 1814 diei
1337 1780 1474 1813 ortum
1492 1780 1647 1812 certum

129 1836 171 1870 et
192 1831 368 1880 clarum,
399 1837 561 1870 tantum
582 1832 670 1870 viae
691 1832 867 1882 spatium
887 1833 964 1869 suit
982 1838 1201 1883 peractum.

242 1888 458 1927 Videamus
489 1902 600 1928 nunc
620 1888 786 1927 alteram
809 1889 1032 1939 rationem,
1074 1896 1122 1928 ut
1141 1903 1224 1928 non
1250 1889 1388 1927 eadem
1411 1895 1530 1928 nocte
1550 1902 1646 1941 per—

131 1952 220 1985 aeta
253 1959 335 1984 esse
363 1947 498 1985 omnia
527 1947 726 1985 dicantur.
785 1947 857 1984 Est
883 1960 928 1984 ea
955 1961 977 1984 a
1010 1947 1139 1985 Cerda
1171 1948 1397 2000 proposita,
1429 1960 1449 1985 e
1475 1961 1553 1998 qua
1581 1947 1648 1984 alii

128 2005 298 2057 petiere,
327 2005 463 2057 peragi
480 2006 558 2043 iter
584 2005 694 2043 intra
724 2005 859 2043 XXIV
880 2004 1023 2055 horas,
1054 2005 1295 2044 sacrificium
1325 2012 1449 2044 noctu
1478 2005 1648 2043 inchoa-

130 2069 242 2113 tum,
274 2063 411 2101 statim
438 2063 534 2101 inde
564 2063 638 2101 sub
665 2068 799 2101 ortum
823 2063 925 2102 Solis
949 2064 1024 2102 iter
1047 2064 1216 2113 initum,
1258 2071 1512 2102 consumtum
1538 2064 1579 2101 in
1601 2077 1647 2101 eo

127 2121 241 2158 diem
253 2129 461 2172 posterum
487 2135 580 2160 cum
602 2129 713 2159 noete
742 2123 968 2173 insequente
991 2136 1116 2173 usque
1145 2122 1205 2159 acl
1232 2123 1404 2160 alteram
1424 2124 1642 2160 Auroram.

130 2179 284 2218 Verum
310 2192 419 2217 nunc
445 2179 488 2217 in
519 2179 702 2219 versibus
728 2179 810 2221 535
841 2193 897 2230 sq.
926 2186 996 2217 aut
1021 2180 1072 2218 ad
1090 2180 1249 2218 eosdem
1278 2180 1464 2231 scopulos
1493 2178 1647 2216 adhae—

128 2236 341 2287 rescimus,
386 2244 435 2275 ut
472 2237 570 2286 iter,
617 2237 691 2275 sub
726 2242 861 2275 ortum
897 2238 989 2275 solis
1024 2238 1191 2287 initum,
1232 2238 1313 2276 sole
1352 2244 1442 2276 orto
1474 2251 1545 2289 per
1586 2242 1648 2275 tot

130 2294 217 2333 loca
248 2295 327 2332 iam
345 2295 627 2334 continuatum
646 2295 718 2343 sit3
749 2300 817 2333 aut
836 2294 1054 2335 dicendum
1073 2302 1133 2334 est
1146 2326 1156 2345 ,
1186 2296 1264 2333 iter
1286 2309 1357 2348 per
1377 2302 1510 2334 totum
1541 2294 1647 2332 ‹liein

130 2352 405 2402 insequentem
438 2353 518 2391 iam
563 2353 848 2391 continuatum
887 2366 969 2391 esse
1012 2367 1138 2404 usque
1177 2354 1228 2391 ad
1261 2354 1429 2392 alteram
1465 2359 1648 2391 noctem:

133 2411 234 2447 Nox
262 2412 364 2459 ruit,
397 2410 551 2448 Aenea.
624 2411 755 2449 Habet
782 2410 882 2448 haec
912 2412 1193 2464 interpretatio
1226 2412 1355 2463 primo
1386 2425 1473 2449 eam
1512 2411 1647 2448 statim

133 2466 429 2516 difficultatem,
463 2467 574 2519 quod
596 2468 801 2507 communi
831 2475 1015 2508 veterum
1038 2471 1141 2507 mori
1168 2475 1208 2507 et
1229 2470 1410 2520 opinioni
1438 2474 1646 2520 repugnat,

133 2537 235 2575 qua,
274 2538 376 2575 quae
403 2526 454 2563 ad
480 2539 593 2564 sacra
622 2527 770 2578 magica
804 2532 845 2564 et
880 2540 944 2565 res
982 2528 1128 2565 inseras
1160 2534 1365 2579 spectant,
1415 2528 1647 2565 reseruntur

134 2582 268 2620 omnia
297 2582 349 2620 ad
379 2589 549 2621 noctem.
611 2585 892 2623 condonemus
924 2590 1058 2622 tanuen
1085 2585 1195 2623 haec.
1253 2586 1413 2623 Aurora
1449 2585 1527 2621 iani
1560 2597 1645 2620 me-

135 2640 248 2677 dium
268 2654 387 2677 axem
405 2655 523 2679 cursu
542 2644 751 2679 lraiecerat
766 2671 775 2689 ,
810 2648 894 2680 esto
914 2642 1072 2681 Aurora
1091 2643 1173 2694 ipse
1196 2642 1290 2690 dics,
1320 2639 1441 2688 Ἠώς,
1481 2641 1646 2690 eritque,

136 2698 217 2735 iam
246 2697 331 2735 dies
353 2700 532 2737 medius:
563 2699 658 2736 satis
688 2713 877 2748 magnum
899 2714 1007 2738 nunc
1029 2701 1190 2750 quidem
1214 2700 1347 2737 itineri
1386 2711 1455 2750 per
1479 2698 1565 2735 loca
1582 2699 1647 2735 in-

136 2756 220 2793 fera
251 2755 392 2793 datum
423 2760 481 2792 est
516 2761 675 2806 tempus
706 2757 884 2805 Aeneae5
925 2770 1067 2794 verum
1100 2770 1210 2793 nunc
1241 2756 1375 2793 statim
1410 2762 1501 2807 post
1543 2756 1649 2794 diem

137 2812 313 2851 medium
335 2815 436 2852 Nox
457 2816 548 2860 ruit,
584 2813 736 2851 Aenea:
766 2812 806 2851 h.
836 2826 870 2850 c.
901 2814 1205 2864 advesperascit.
1267 2816 1367 2851 sane
1390 2814 1551 2864 quidem
1570 2827 1649 2851 nox

137 2883 296 2921 quoque
322 2885 432 2909 ruere
456 2870 533 2909 dici
551 2876 708 2921 potest:
752 2870 800 2908 (le
835 2884 913 2921 quo
940 2884 1056 2908 nenio
1087 2870 1264 2920 dubitet,
1295 2873 1349 2909 sic
1372 2886 1457 2923 sup.
1486 2871 1533 2920 11,
1564 2872 1648 2913 250

144 2930 320 2967 Vertitur
339 2930 486 2967 interea
506 2929 666 2967 caelum
686 2937 722 2966 et
743 2930 821 2966 ruit
845 2942 990 2966 oceano
1009 2944 1100 2970 nox.
1135 2929 1234 2978 VIII,
1255 2932 1337 2972 369
1360 2931 1406 2967 N
1409 2944 1459 2967 ox
1485 2931 1578 2977 ruit,
1613 2937 1648 2966 et
