1779 3420
124 189 227 241 594

461 187 515 235 P.
553 185 691 235 VIR
706 184 909 233 GILII
943 180 1322 232 MARONIS

125 313 294 366 Multa
323 311 420 361 viri
441 312 606 361 virtus
633 312 841 374 animo,
878 310 1190 376 multusque
1213 315 1450 357 recursat

129 384 314 436 Gentis
333 382 539 443 honos;
578 381 803 432 haerent
829 380 975 430 infixi
997 389 1220 447 pectore
1242 378 1419 428 voltus

126 454 443 520 Verbaque3
494 468 596 502 nec
628 452 893 519 placidam
922 451 1184 500 membris
1224 449 1313 499 dat
1347 465 1471 498 cura
1506 446 1659 513 quie-

919 531 1046 572 tem.
1626 520 1658 568 5

128 598 347 646 Postera
376 591 633 642 Phoebea
653 591 907 641 lustrabat
934 590 1182 656 lampade
1202 598 1386 652 terraS,

126 668 570 729 Humentemque
594 666 802 712 Aurora
820 660 952 727 polo
977 660 1278 710 dimoverat
1299 658 1578 717 umbram3

221 827 243 861 3
264 834 411 859 recusat
441 824 497 858 vel
533 832 704 857 reversat
733 824 837 857 codd.
861 823 981 857 Pierii.
1022 835 1056 857 v.
1084 835 1159 867 sup.
1192 823 1218 862 Ι,
1247 822 1327 856 662.
1376 821 1525 853 Miratur
1544 821 1659 852 Burm.

128 874 258 907 nullum
277 873 457 906 librarium
484 871 711 915 rescripsisse
732 874 877 917 Magna
895 872 970 903 viri
988 872 1119 903 virtus.
1172 869 1323 902 Videtur
1341 868 1434 901 adeo
1458 868 1511 900 vir
1533 868 1660 900 doctus

126 933 197 954 non
219 920 367 954 vidisse:
394 919 520 953 Multa
537 926 707 951 recursat
721 930 796 951 esse
819 930 882 963 pro
902 918 1055 950 multum
1079 916 1245 961 positum.
1272 916 1349 960 (sed
1370 916 1537 949 vid.Not.
1562 912 1658 957 lVr.)

129 968 149 1003 5
175 969 240 1001 dat
265 965 432 1000 membris
456 967 598 1009 Menag.
626 978 678 1011 pr.

130 1027 249 1048 versus
276 1013 344 1048 iam
373 1026 449 1059 sup.
476 1015 532 1055 111,
558 1014 642 1047 589.

126 1169 185 1208 ris
207 1174 320 1207 aestu
349 1167 621 1215 concitatum,
653 1172 693 1204 et
722 1166 862 1204 occul-

127 1233 193 1266 tus
215 1229 324 1279 ignis
355 1225 491 1279 (quem
513 1239 563 1264 ne
585 1225 759 1263 alienum
780 1238 862 1277 pu-

126 1291 185 1324 tes
220 1299 242 1323 a
279 1285 470 1334 vulnere,
523 1283 730 1335 Cupidinis
772 1280 862 1331 ἰούς

126 1339 372 1396 πυρφόρους
405 1342 553 1394 cogites
588 1354 747 1380 necesse
788 1347 861 1390 est,

128 1408 168 1440 et
195 1402 433 1453 Apollonius
463 1402 505 1438 in
538 1400 664 1439 oculis
690 1399 769 1439 suit
792 1399 861 1437 lib.

127 1460 200 1511 ΠΙ,
241 1462 339 1503 286.
388 1458 504 1512 287).
584 1458 863 1497 Subiiciuntur

126 1532 238 1557 nunc
259 1531 324 1567 ea,
356 1531 458 1568 quae
481 1530 556 1569 pro
579 1531 727 1555 caussns
749 1530 864 1554 amo·-

126 1577 181 1615 ris
197 1576 336 1615 haberi
349 1582 558 1627 poterant:
581 1577 753 1613 multam
765 1576 862 1612 ani-

127 1649 192 1672 mo
227 1642 403 1672 recursat
446 1634 603 1671 Aeneae
643 1633 771 1670 virtus
821 1638 862 1669 et

128 1693 277 1729 mullus
301 1693 437 1743 gentis
463 1692 610 1740 Itonos,
643 1704 714 1729 seu
737 1690 861 1742 ipsius

128 1750 282 1788 Aeneae
307 1763 429 1801 genus
450 1763 472 1787 a
494 1749 648 1787 Venere
677 1749 860 1796 ductum,

130 1807 258 1861 (quod
277 1806 429 1860 malim)
461 1805 528 1859 (cf.
552 1821 610 1845 vs.
636 1810 700 1848 12.
726 1813 766 1844 et
788 1806 860 1855 XI,

129 1867 226 1909 305.
249 1881 340 1903 eum
358 1874 477 1916 gente
499 1866 675 1905 deorum.
711 1866 781 1904 W
776 1863 858 1917 elz.)

129 1938 199 1962 seu
217 1924 486 1962 Troianorum
516 1924 671 1962 clarum
698 1936 859 1970 nomen,

128 1988 215 2021 tum
258 1983 339 2020 oris
382 1981 573 2033 dignitas,
624 1981 780 2029 rullus,
822 1987 862 2018 et

129 2053 232 2092 quae
256 2040 306 2078 de
335 2052 376 2078 se
404 2040 564 2090 suisque
591 2039 685 2077 fatis
713 2053 862 2077 narra-

129 2105 267 2137 verat:
299 2111 401 2149 quae
419 2098 559 2136 eadem
580 2103 697 2136 erant
714 2097 862 2136 amoris

130 2163 171 2195 et
208 2169 370 2194 caussae
397 2163 438 2194 et
468 2157 768 2205 excusationes,
812 2168 862 2193 ne

130 2221 274 2253 contra
295 2214 529 2266 dignitatem
549 2222 757 2266 susceptus
779 2226 862 2251 esse

130 2273 354 2311 videretur.
405 2271 573 2325 (Erunt,
627 2273 696 2324 qui
731 2272 862 2310 multa

132 2334 257 2368 virtus
295 2344 370 2382 pro
401 2345 558 2382 magna
595 2334 720 2369 virtus
754 2331 860 2368 acci-

132 2388 258 2439 piant.
316 2389 417 2426 Nam
438 2395 478 2427 et
500 2390 648 2426 mullus
670 2403 743 2440 pro
766 2403 860 2426 ma—

129 2459 238 2496 gnus
267 2447 455 2497 usurpari
490 2446 629 2485 docuit
660 2447 861 2485 Drakenb.

133 2503 185 2541 ad
206 2503 290 2541 Liv.
319 2504 480 2553 XXXI,
524 2508 574 2553 1.,
602 2510 642 2541 et
671 2519 767 2542 usus
786 2504 863 2541 ad—

131 2560 268 2598 iectivi
278 2562 485 2611 plurimus
499 2561 654 2600 accedit
666 2562 734 2611 XI,
746 2565 842 2604 312.
856 2577 864 2599 ;

133 2620 273 2656 Poma
284 2633 389 2669 quae
400 2620 584 2669 plurima
604 2622 728 2656 virtus
745 2621 860 2667 Esse,

123 2676 230 2727 fait.
283 2676 331 2714 cs.
364 2676 422 2726 II,
462 2677 557 2719 429.
599 2676 757 2724 Quibus
793 2690 863 2727 ego

135 2733 394 2784 suffragabor.
430 2732 576 2787 VVclz.)
620 2734 681 2772 Ad
703 2749 741 2772 v.
765 2733 803 2774 4.
826 2734 863 2775 5.

137 2792 185 2830 cs.
206 2790 389 2843 Apollon.
408 2791 476 2841 ΙΙΙ,
505 2791 589 2834 453
610 2806 693 2843 sqq.
739 2792 864 2830 Amor

137 2855 271 2887 autem
291 2848 379 2898 hic,
410 2855 458 2887 ut
479 2849 521 2887 in
540 2850 774 2888 memoriam
795 2862 865 2887 re-

135 2920 276 2956 voces,
308 2907 340 2945 is
358 2912 435 2957 est,
468 2920 547 2958 quo
571 2908 705 2947 Venus
725 2914 766 2946 et
786 2907 865 2946 tal-

785 966 808 1000 6
834 963 1022 999 lustrabat
1053 963 1223 998 Phoebea
1250 962 1401 997 Dorvill.
1504 963 1526 997 7

1564 961 1658 994 Idem

920 1178 987 1203 sus
1008 1162 1202 1202 Ascanius
1230 1164 1428 1203 Didonem
1464 1162 1658 1201 incende-

921 1228 1015 1261 rant
1033 1236 1120 1274 sup.
1136 1223 1163 1271 1,
1197 1226 1293 1264 672.
1315 1226 1411 1266 712.
1430 1235 1487 1273 sq.
1521 1222 1658 1271 (Cete-

918 1295 1011 1320 rum
1030 1280 1097 1318 hic
1117 1287 1158 1319 et
1177 1281 1351 1333 proximi
1372 1294 1449 1320 vss'.
1464 1294 1545 1317 non
1563 1285 1659 1318 sunt

918 1346 1003 1377 tam
1026 1339 1078 1376 ad
1097 1339 1121 1377 l.
1145 1340 1209 1389 ΙΙΙ,
1241 1346 1347 1379 extr.
1367 1338 1579 1387 referendi,
1611 1344 1659 1376 ut

921 1398 1011 1437 vult
1043 1397 1266 1448 Wunderl.‚
1307 1412 1428 1449 quam
1455 1397 1507 1435 ad
1537 1397 1584 1446 ΙΙ,
1618 1399 1657 1438 8.

923 1470 980 1507 sq.
1016 1454 1134 1509 Wr.)

982 1517 1020 1555 6.
1052 1517 1091 1555 7.
1131 1514 1335 1551 Auroram
1367 1528 1440 1565 pro
1474 1513 1567 1562 Die,
1610 1519 1658 1552 ut

922 1572 1100 1610 Homero
1124 1567 1225 1619 Ἠώς
1247 1572 1353 1610 dicta
1376 1578 1454 1620 est,
1487 1578 1656 1623 propter

919 1630 1072 1680 reliqua
1096 1631 1258 1682 accipio.
1295 1629 1475 1682 (Amol-a
1499 1637 1656 1681 tempus

919 1689 1165 1726 matutinum
1208 1694 1345 1736 notat,
1395 1694 1434 1725 et
1468 1689 1654 1740 tempori,

919 1747 1030 1796 quod
1048 1747 1104 1783 ibi
1126 1746 1186 1794 fit,
1217 1759 1333 1798 saepe
1359 1746 1567 1794 tribuitur,
1604 1747 1653 1784 cf.

920 1804 1005 1842 val.
1032 1804 1091 1843 Fl.
1121 1805 1157 1852 Ι,
1191 1806 1286 1845 310.
1317 1818 1373 1855 sq.
1434 1805 1495 1842 [ta
1517 1805 1654 1842 Auro-

918 1876 1005 1900 ram
1038 1862 1223 1914 lampade
1261 1862 1444 1900 Phoebea
1473 1863 1655 1901 lustran-

919 1927 997 1958 tem
1022 1926 1150 1958 terras
1169 1934 1251 1958 non
1268 1921 1487 1960 miraberis.
1507 1919 1652 1974 chlz.)

918 1980 1088 2016 lustrare
1117 1979 1159 2016 in
1190 1978 1251 2016 his
1289 1986 1329 2017 et
1363 1980 1557 2017 similibus
1595 1984 1655 2016 est

920 2037 1043 2075 obire.
1077 2035 1197 2090 (Male
1218 2038 1331 2075 Serv.
1356 2051 1447 2075 cum
1468 2038 1574 2075 aliis:
1600 2037 1653 2075 il-

919 2095 1131 2144 lustrabat,
1165 2096 1229 2134 vel
1257 2094 1482 2149 purgabat.)
1515 2098 1651 2133 Lam—

911 2154 1068 2204 paclem
1097 2168 1174 2206 pro
1212 2155 1297 2192 face
1329 2155 1407 2192 iam
1442 2153 1652 2192 Lucretius

920 2211 1037 2250 dixit.
1097 2214 1344 2250 Humentem
1377 2212 1576 2261 umbram,
1611 2225 1650 2250 V.

919 2282 1006 2322 sup.
1032 2270 1079 2319 ΙΙ,
1111 2273 1150 2311 8.
1194 2271 1284 2309 Duo
1314 2270 1389 2309 hos
1420 2283 1559 2309 versus
1583 2282 1652 2308 re-

917 2327 1208 2379 prehendebat,
1240 2334 1444 2379 tamquam
1470 2328 1587 2366 alieni
1611 2333 1653 2365 et

922 2386 1034 2424 nimii
1069 2392 1258 2436 ornatus,
1309 2388 1365 2425 [ll.
1400 2386 1571 2425 Homius
1608 2386 1650 2424 P.

918 2444 987 2492 III,
1018 2458 1051 2485 c.
1073 2448 1140 2486 21.
1160 2446 1408 2495 Principior.
1440 2445 1534 2483 Crit.
1577 2443 1651 2483 Vi-

922 2502 1072 2540 dentur
1102 2508 1238 2539 tamen
1273 2502 1468 2540 eiusmodi
1490 2508 1650 2553 tempo—

921 2560 977 2598 ris
999 2560 1300 2609 declarationes,
1323 2559 1651 2610 quandoquidem

923 2617 1033 2669 apud
1055 2617 1275 2655 Homerum
1295 2624 1333 2655 et
1356 2618 1564 2668 Virgilium
1583 2624 1651 2655 to-

921 2675 995 2712 ties
1032 2682 1276 2723 recurrunt,
1318 2675 1359 2712 in
1395 2676 1582 2727 propriae
1610 2682 1651 2714 et

923 2732 1110 2784 simplicis
1142 2734 1337 2771 orationis
1358 2733 1445 2771 Ioco
1467 2747 1549 2771 esse
1573 2733 1650 2771 ha-

923 2791 1090 2839 bendae,
1111 2798 1151 2829 et
1162 2792 1395 2842 probandae
1408 2792 1526 2830 etiam
1547 2791 1650 2830 hac-

923 2855 1060 2899 tenus,
1100 2850 1210 2900 quod
1235 2850 1479 2888 narrationis
1504 2850 1650 2888 ieiuni-

923 2914 1047 2946 tatem
1070 2908 1134 2945 vel
1147 2914 1330 2947 tenorem
1342 2909 1503 2948 variant
1522 2915 1562 2946 et
1582 2921 1652 2946 or-
