1779 3420
123 215 222 264 850
362 207 726 258 EXCURSUS
765 205 888 255 VIII
924 205 1013 254 AD
1051 202 1317 252 LIBRUM
1348 203 1395 253 V

122 351 228 390 tens,
273 340 348 377 tibi
376 341 504 378 tristia
533 339 691 375 somnia
732 342 914 385 portans.
977 333 1154 384 Operose
1195 330 1287 368 satis
1323 343 1424 381 pre,
1467 330 1639 367 Somnus

124 399 286 438 devolat
316 410 417 435 aere.
476 396 690 446 Antiquior
719 392 818 430 haec
849 398 907 428 est
936 390 1072 428 Somni
1102 388 1330 435 advocandi
1359 387 1478 436 ratio,
1508 401 1640 438 quan-

125 457 341 509 doquidem
383 455 492 507 apud
528 453 750 491 Homerum
789 449 939 501 Iupiter
985 448 1033 486 de
1073 448 1244 499 Olympo
1284 439 1478 484 Somnum
1514 445 1641 483 mittit

124 516 235 554 Iliad.
266 516 305 568 β,
348 517 373 556 6
405 526 461 563 sq.
529 512 786 559 Quamquam
825 506 876 544 ab
917 507 1034 543 astris
1073 505 1302 557 simpliciter
1342 503 1468 555 accipi
1507 507 1642 554 potest

125 575 245 612 etiam
277 572 325 610 de
356 570 592 618 advolante3
623 580 703 617 quo
733 566 869 602 Burm.
901 569 1080 614 spectare
1110 562 1285 601 videtur.
1345 561 1535 600 Ornatior
1574 560 1642 597 illa

124 633 230 671 ratio
262 629 369 682 apud
401 628 603 665 Tibullum
633 625 681 672 Π,
716 627 736 664 1
770 628 873 660 extr.
884 651 894 670 ,
926 627 972 658 ut
1002 621 1044 658 in
1074 621 1210 658 Noctis
1241 620 1436 657 comitatu
1470 619 1536 656 ille
1576 617 1642 655 in-

126 690 243 728 cedat
272 701 344 740 per
375 686 546 723 caelum:
581 697 618 721 v.
649 682 700 719 ib.
732 680 822 717 Not.
883 678 937 717 At
968 678 1032 716 alii
1062 684 1221 730 poetae,
1260 677 1477 715 variandae
1518 675 1575 714 rei
1606 681 1644 712 et

126 746 287 786 maioris
322 741 596 782 delectationis
637 752 794 787 caussa,
839 736 960 774 modo
1000 736 1041 773 in
1079 735 1240 783 inseris,
1277 735 1396 772 modo
1438 734 1479 771 in
1524 746 1644 785 specu

128 806 179 844 ad
210 805 324 843 littus
355 800 503 839 Oceani
536 795 810 844 occidentalis,
841 795 962 833 modo
996 795 1037 831 in
1069 792 1301 838 Cimmeriis,
1333 791 1464 829 sedem
1496 793 1644 828 Somno

128 863 396 913 assignavere,
438 864 485 897 ut
515 857 597 908 ipse
627 855 827 893 Homerus
858 853 898 890 in
932 853 1080 890 Lemno
1112 865 1203 889 eum
1237 850 1505 888 collocaverat
1538 847 1644 886 Iliad.

128 924 160 971 ξ,
190 923 273 961 230
294 931 350 968 sq.
408 915 596 954 Similiter
626 926 723 951 mox
748 925 787 950 v.
819 910 1063 952 854-856
1095 911 1265 947 Somnus
1307 908 1492 946 Lethaea
1532 920 1644 958 aqua

128 978 336 1028 adspergit
375 975 508 1012 oeulos
547 970 744 1017 Palinuri,
795 974 842 1007 ut
882 981 974 1006 eum
1019 967 1172 1020 sopiat,
1222 979 1329 1004 nova
1368 965 1427 1003 rei
1466 964 1646 1015 imagine,

129 1036 241 1074 cuius
271 1035 397 1071 lineae
427 1033 468 1069 in
499 1030 682 1082 Apollon.
713 1027 777 1076 IV,
813 1026 892 1068 156
924 1040 1007 1077 sqq.
1039 1031 1192 1063 extant.
1252 1024 1371 1075 Apud
1412 1023 1508 1060 alios
1546 1034 1646 1074 poe—

128 1101 188 1132 tas
233 1091 387 1130 adflatu
428 1090 581 1127 alarum
621 1099 784 1124 suarum
825 1084 1030 1136 consopit,
1070 1097 1170 1134 quos
1209 1082 1321 1131 vult,
1363 1083 1559 1129 Soninus3
1600 1085 1647 1117 ut

127 1153 206 1190 iam
238 1149 365 1201 Orph.
396 1147 542 1198 Argon.
576 1147 700 1186 1009.
760 1142 910 1181 Gallim.
943 1143 985 1180 in
1016 1142 1096 1179 Del.
1125 1142 1221 1189 239,
1253 1153 1326 1177 nec
1353 1139 1432 1176 hoc
1461 1138 1647 1185 insuave3

129 1216 177 1248 ut
205 1221 280 1246 nec
307 1207 409 1246 ratio
441 1203 636 1255 vulgaris,
672 1215 763 1239 cum
795 1202 965 1239 Somnus
996 1212 1123 1237 cornu
1152 1212 1224 1236 suo
1255 1210 1438 1250 soporem
1468 1195 1648 1233 ell'undit.

129 1268 267 1305 Potest
304 1272 439 1303 tamen
481 1265 652 1300 Somnus
697 1258 815 1296 nimis
856 1259 1021 1310 opiparo
1063 1262 1261 1309 apparatu
1307 1255 1347 1293 h.
1388 1255 1413 1293 l.
1456 1254 1648 1291 inductus

131 1324 260 1363 videri
289 1323 331 1361 in
367 1335 411 1360 re
441 1320 535 1358 satis
566 1317 677 1356 tenui
709 1323 748 1354 et
779 1316 832 1353 ad
860 1330 1060 1354 summum
1095 1314 1281 1352 carminis
1313 1312 1521 1351 consilium
1556 1310 1650 1348 nul-

130 1384 206 1421 lius
249 1379 453 1419 momenti.
524 1376 738 1415 Graviores
783 1375 921 1412 Somni
967 1379 1100 1426 partes
1138 1378 1233 1410 sunt
1281 1370 1390 1423 apud
1429 1370 1650 1408 Homerum

134 1440 242 1479 Iliad.
283 1442 315 1488 ξ,
363 1451 455 1475 cum
496 1435 648 1486 Iupiter
689 1438 790 1470 esset
831 1432 1057 1484 sopiendus
1124 1430 1250 1481 Igitur
1288 1435 1475 1467 ornatum
1517 1428 1649 1465 locun]

130 1497 241 1536 hunc
272 1508 353 1534 esse
384 1495 583 1540 dicemus,
616 1497 656 1528 et
685 1502 871 1537 suavem,
903 1490 972 1528 sed
1002 1494 1142 1540 poetae
1173 1487 1294 1538 magis
1322 1487 1503 1537 ingenio,
1532 1498 1649 1535 quam

133 1557 264 1608 epicae
295 1552 544 1607 πραγματείᾳ
575 1549 766 1587 debitum.
825 1547 924 1585 Nam
964 1553 1047 1586 tota
1076 1545 1278 1597 navigatio
1320 1558 1460 1582 versus
1501 1543 1651 1580 [taliam

134 1628 179 1652 eo
211 1626 344 1651 carere
374 1615 552 1662 poterat,
589 1606 658 1644 sed
690 1611 828 1657 poetae
862 1612 949 1644 erat
978 1603 1197 1643 intexenda
1229 1603 1395 1653 antiqua
1431 1603 1555 1651 fama,
1603 1600 1652 1638 de

135 1686 213 1723 qua
243 1670 377 1723 paullo
408 1674 502 1706 ante
533 1666 686 1704 dictum
717 1669 776 1701 est
796 1663 891 1702 Exc.
922 1663 1004 1705 Vll,
