1779 3420
167 195 268 244 528
497 191 551 239 P.
589 188 952 239 VIRGILII
987 185 1364 236 MARONIS

166 320 314 384 Ipse3
354 315 449 367 sed
475 314 742 365 horrificis
767 316 904 364 iuxta
926 324 1075 363 tonat
1096 317 1265 363 Aetna
1286 312 1468 375 ruinis,

166 387 561 453 Interdumque
587 395 753 434 atram
776 385 1083 451 prorumpit
1106 384 1170 432 ad
1196 383 1411 433 aethera
1436 381 1658 445 nubem,

169 458 410 508 Turbine
430 455 736 519 ‚fumantem
762 457 917 521 piceo
946 464 997 504 et
1025 454 1286 503 candente
1314 452 1514 511 savilla;

166 527 502 593 Adtollitque
527 526 720 591 globos
739 524 1105 588 flammarum,
1147 533 1199 573 et
1222 524 1393 573 sidera
1418 523 1631 572 lambit:

263 635 329 669 571
358 634 443 678 Ipse
466 632 600 664 Pierius
623 639 656 664 et
681 631 740 664 alii
762 643 837 663 cum
862 634 986 663 Aetna
1009 630 1166 674 iungunt.
1184 642 1215 662 v.
1243 631 1359 661 Burm.
1410 630 1492 673 ipsa
1518 629 1590 661 Erf.
1620 627 1696 668 sed,

168 683 255 727 Ipse
272 688 418 726 portaS.
446 679 527 723 (vid.
558 682 600 718 Q.
628 680 671 711 V.
694 679 826 719 XVIH,
852 680 886 717 2,
908 691 940 722 p.
979 680 1075 716 ll‘r.)
1127 676 1194 709 sub
1215 677 1401 719 horrificis
1421 695 1464 698 —
1485 677 1605 708 ruinis
1626 674 1696 707 ali—

172 736 258 773 quot
281 740 338 772 ap.
358 727 467 766 Pier.⁷
491 726 550 757 sed
572 726 607 757 id
633 732 725 757 esset
746 725 942 768 vulgarius3
969 733 1073 756 ἱυηιιί
1096 723 1259 755 meliores
1276 749 1284 762 ‚
1320 729 1357 754 ut
1380 722 1430 754 vis
1453 722 1594 766 poetica
1626 733 1696 766 po-

170 775 288 808 stulat.
337 773 440 805 Multi
460 781 587 813 sonat,
614 779 652 804 ut
675 784 813 816 semper
840 772 987 804 variant.
1083 773 1152 806 572
1192 770 1421 816 praerumpit
1450 769 1598 802 Dorvill.
1648 768 1697 802 ad

169 822 269 855 abest
291 834 310 853 a
330 820 420 853 Gud.
472 821 608 862 (atrum
631 819 709 851 Alb.
743 818 836 860 ll‘r.)
932 820 1002 853 573
1028 826 1185 850 canente
1205 830 1222 849 a
1246 829 1288 849 m.
1314 829 1365 860 pr.
1392 816 1556 848 Leidens.
1604 829 1697 848 ccm-

167 870 257 902 dore
276 870 378 900 Voss.
477 865 546 900 574
572 868 766 898 Haeserunt
787 865 906 898 Critici
924 866 990 897 iam
1013 865 1107 908 apud
1130 864 1281 897 Gellium
1301 866 1345 907 (v.
1370 865 1447 896 Exc.
1469 863 1553 905 XV)
1567 863 1601 895 in
1616 863 1696 903 hoc,

170 916 263 960 quod
285 921 390 958 poeta
415 926 482 945 uno
502 920 660 958 tempore
684 915 813 945 sumum
840 920 875 945 et
896 913 1049 945 flammas
1071 912 1182 944 emitti
1202 911 1322 952 faciut,
1348 923 1422 943 cum
1443 917 1572 951 tamen,
1603 910 1698 955 quod

169 963 339 996 Pindarus
378 962 468 993 bene
510 960 773 1000 observaverit,
817 961 982 992 interdiu
1012 958 1136 1005 samec
1165 962 1308 998 Aetna,
1342 966 1454 990 noctu
1473 959 1697 1003 flammtgec.

171 1010 256 1049 Cui,
295 1009 323 1040 si
344 1014 451 1052 poeta
483 1006 519 1039 id
550 1007 674 1040 vitiose
703 1020 722 1040 a
752 1020 790 1039 se
819 1006 903 1051 poni
943 1014 1123 1050 putasset,
1159 1006 1263 1038 facile
1296 1005 1471 1050 potuisset
1501 1017 1697 1047 occurrere,

168 1056 374 1090 scribendo:
401 1055 600 1088 Attollicve
619 1053 758 1100 globos.
808 1054 994 1087 Enimvero
1023 1054 1051 1086 si
1079 1060 1187 1097 poeta
1219 1060 1286 1085 tam
1313 1052 1493 1085 subtiliter
1521 1065 1595 1085 rem
1622 1060 1698 1085 tra-

171 1110 268 1136 ctare
298 1102 487 1141 voluisset,
530 1114 605 1134 eum
636 1109 739 1133 noctu
766 1102 919 1134 Troiana
951 1101 1071 1134 elassis
1104 1100 1306 1144 appulerit,
1350 1100 1439 1132 nihil
1472 1100 1567 1133 aliud
1595 1112 1698 1143 quam

159 1153 351 1197 flammam
373 1160 569 1181 memorare.
586 1149 769 1181 debuerat.
820 1150 889 1181 Sed
911 1149 1093 1181 intervalla
1115 1149 1223 1180 habet
1241 1147 1424 1180 intestinus
1445 1151 1579 1180 Aetnae
1596 1147 1698 1180 labor

167 1210 237 1231 non
258 1197 364 1229 modo
387 1195 520 1228 maiora
542 1196 601 1228 illa
621 1196 767 1228 extremi
792 1196 919 1228 furoris
943 1203 977 1228 et
1001 1196 1217 1228 remissionis
1234 1222 1242 1236 ,
1267 1195 1346 1226 vide
1376 1208 1406 1227 v.
1436 1208 1464 1227 c.
1497 1195 1611 1227 Strab.
1637 1196 1697 1235 Vl,

167 1259 202 1291 p.
224 1244 293 1280 274
314 1247 352 1277 A.
375 1245 424 1283 (1.,
451 1255 568 1275 verum
593 1244 697 1275 etiam
721 1256 795 1275 cum
816 1244 923 1276 semel
945 1243 1094 1284 exarsit,
1120 1243 1256 1275 minora
1274 1242 1346 1283 illa,
1372 1242 1457 1274 fumi
1480 1242 1585 1273 modo
1609 1253 1698 1274 con-

168 1292 280 1332 tinui,
306 1291 412 1323 modo
448 1290 538 1322 inter
573 1292 701 1322 sumum
730 1290 907 1328 fiammae3
943 1291 1118 1323 interdum
1148 1303 1223 1323 cum
1257 1290 1392 1322 flamma
1425 1289 1570 1333 expulsu
1605 1301 1697 1321 saxu.

167 1342 363 1383 Utrumque
385 1337 483 1382 sequi
506 1345 611 1381 poeta
636 1338 770 1382 potuit3
798 1339 1028 1370 coniunxerat
1047 1338 1152 1370 otiam
1172 1337 1289 1369 omnia
1318 1337 1452 1382 pariter
1475 1338 1615 1369 Lucret.
1637 1337 1696 1378 VI,

167 1389 291 1422 690——
306 1386 384 1426 693,
413 1397 514 1430 quem
534 1393 612 1418 ante
634 1385 753 1418 oeulos
777 1385 942 1419 habuisse
968 1386 1104 1418 videtur
1128 1384 1309 1429 Virgilius.

166 1471 335 1508 immota
359 1483 379 1506 a
402 1469 553 1507 ventis:
584 1469 678 1507 inde
703 1469 904 1520 eleganter
964 1472 1012 1519 83
1044 1476 1083 1508 et
1105 1469 1193 1520 quis
1214 1469 1340 1507 nescit
1366 1469 1539 1507 Cornelii
1562 1468 1699 1506 Severi

167 1534 333 1581 portum
362 1528 493 1566 ventis
516 1528 761 1566 inaccessum
781 1535 901 1566 extu·
963 1527 1161 1566 Aetnam?
1204 1542 1324 1579 quam
1360 1528 1472 1565 nobis
1503 1528 1621 1565 docte
1647 1526 1700 1563 il-

169 1588 244 1625 lit:
288 1589 437 1624 Portus
465 1586 516 1623 ab
548 1602 587 1626 α.
621 1602 656 1626 ι’.
697 1589 898 1623 inzmonts.

169 1646 336 1683 Portum
361 1650 493 1682 autem
524 1644 657 1693 hunc,
690 1651 738 1683 ut
767 1651 901 1682 totum

152 1704 220 1741 de
239 1703 503 1755 Cyclopibus,
536 1716 757 1753 eorumque
780 1709 902 1751 terra,

169 1762 304 1800 locuni
331 1761 507 1798 Homero
540 1762 729 1812 sublegit?
759 1762 902 1812 Odyss.

171 1836 199 1870 ι,
230 1822 310 1860 136
338 1834 420 1870 sqq.
459 1815 524 1858 Ἐν
567 1818 608 1859 ὁὲ
638 1817 761 1871 λιμήν
790 1818 903 1871 εὔορ-

172 1894 246 1930 μος
270 1884 358 1925 ete.‚
390 1877 456 1927 qui
490 1890 628 1915 versus
660 1877 779 1915 huius
810 1883 905 1915 sunt

169 1936 461 1987 interpretatio.
500 1936 646 1973 Portus
664 1936 730 1973 ille
751 1935 904 1974 Aetnae

170 1994 382 2046 profluviis
405 2000 513 2031 totus
536 2008 644 2032 nunc
675 2001 734 2032 est
764 1995 905 2047 opple-

170 2059 259 2100 tus,
293 2058 339 2090 ut
360 2065 408 2089 ex
428 2053 466 2089 P.
504 2053 652 2090 Bembo
681 2059 721 2090 et
746 2052 904 2092 Facello

172 2110 311 2148 docuit
331 2111 550 2148 Cluverius,
573 2111 622 2148 es.
644 2113 791 2148 Sesami
804 2113 905 2148 Lel—

171 2178 246 2206 tere
279 2169 390 2206 Toni.
434 2169 462 2215 1,
500 2170 602 2206 Lett.
643 2171 681 2209 9.
750 2170 906 2206 Extant

171 2227 341 2278 scopuli,
375 2227 422 2263 «le
443 2227 585 2276 quilius
610 2234 796 2265 accurate
826 2241 906 2265 nu-

170 2298 241 2336 per
263 2286 339 2334 egit
370 2287 601 2322 Dotomieu.
667 2285 854 2323 Ceterum
886 2299 905 2322 e

172 2343 385 2392 virgiliana
445 2343 677 2380 narratione
726 2350 905 2395 apparet,

172 2407 331 2452 poetam
355 2400 472 2437 fuisse
494 2401 600 2438 inter
621 2414 706 2445 eos„
739 2402 806 2451 qui
841 2402 906 2439 in-

173 2458 300 2495 sulam
331 2459 561 2508 Caprariam
602 2465 640 2496 et
685 2460 906 2510 Cyclopum

173 2516 284 2553 sedes
328 2523 421 2553 ante
465 2516 634 2553 Aetnam
679 2517 719 2553 in
769 2518 907 2554 littore

173 2574 353 2611 orientali
400 2573 673 2622 collocarent3
730 2589 808 2611 non
856 2575 907 2611 ad

173 2632 400 2682 Drepanum
432 2638 471 2668 et
508 2632 674 2682 Erycem
697 2662 705 2678 ‚
758 2638 799 2668 ul
842 2633 907 2669 alii

173 2697 213 2727 et
241 2690 322 2741 ipse
354 2690 578 2726 llonielus:
621 2703 720 2739 quos
761 2690 908 2727 Cluve-

171 2748 255 2786 rius
277 2748 470 2797 sequitur.

231 2805 488 2847 571—577.
522 2804 559 2841 Si
594 2804 667 2841 alia
702 2804 750 2841 de
776 2803 908 2842 Aetna

171 2863 257 2902 loca
278 2864 338 2901 vis
363 2876 616 2913 comparare,
648 2876 687 2900 v.
715 2863 843 2900 Cerda
868 2862 907 2901 h.

171 2922 196 2961 l.
219 2928 259 2960 et
281 2922 439 2961 Cluver.
461 2920 568 2959 Sicil.
599 2926 681 2958 ant.
712 2920 777 2959 lib.
815 2922 841 2971 l,
875 2936 907 2960 e.

961 1586 1172 1624 lustratam
1194 1586 1305 1624 dedit
1321 1586 1569 1624 Wernsdors.
1588 1586 1698 1623 Poet.

962 1645 1057 1683 min.
1077 1646 1121 1683 T.
1141 1645 1204 1684 [V.
1229 1645 1269 1682 P.
1292 1645 1319 1682 I.
1340 1644 1408 1682 ubi
1432 1658 1468 1682 v.
1491 1659 1527 1696 p.
1560 1644 1640 1686 104
1660 1648 1700 1680 et

964 1717 1000 1755 p.
1024 1704 1079 1746 24
1102 1704 1197 1740 alios
1217 1709 1400 1741 auctores
1419 1702 1558 1740 laudd.
1620 1701 1698 1738 Sed

964 1774 1031 1809 ea,
1073 1775 1174 1812 quae
1207 1761 1257 1799 ad
1295 1761 1503 1798 Maronem
1533 1760 1698 1807 faciunt,

964 1834 1002 1858 v.
1031 1820 1070 1856 in
1104 1821 1270 1857 Exeurs.
1301 1819 1376 1856 XV
1406 1819 1457 1856 ad
1486 1819 1525 1857 h.
1549 1819 1574 1857 l.
1636 1817 1700 1855 Ad

962 1884 1104 1929 poetae
1125 1878 1252 1916 nostri
1283 1877 1452 1915 ductum
1475 1878 1613 1916 lustin.
1635 1876 1698 1924 lV,

968 1942 1002 1977 1.
1066 1938 1161 1978 571.
1194 1936 1392 1983 horrificis
1424 1945 1534 1973 lona!
1563 1936 1699 1973 Aetna

963 1996 1089 2031 ruinis
1103 1994 1142 2032 h.
1159 2007 1190 2032 e.
1205 1995 1359 2045 fragore
1374 2001 1554 2043 resonat;
1581 2006 1699 2044 quem

964 2053 1119 2090 faciunt
1147 2054 1287 2090 ruinae
1318 2053 1516 2090 viseerum
1539 2052 1699 2089 montis.

965 2111 1060 2148 satis
1114 2112 1304 2162 graviter.
1365 2108 1428 2163 (cf.
1462 2111 1619 2149 Wakef.
1649 2109 1700 2147 ad

964 2170 1118 2207 Lueret.
1131 2170 1176 2217 V,
1196 2174 1287 2211 110.
1315 2168 1433 2222 Ilf'r.)
1497 2169 1579 2211 572
1600 2184 1699 2219 pro—

963 2230 1130 2277 rumpit,
1157 2228 1316 2276 emittit,
1351 2224 1593 2280 α’νῑετῑὲμπει,
1626 2240 1701 2264 an—

963 2286 1078 2337 tiquo
1115 2287 1305 2337 loquendi
1349 2285 1493 2334 modo,
1535 2292 1583 2324 ut
1622 2285 1701 2322 iam

967 2345 1126 2382 [lucret.
1178 2345 1281 2382 conf.
1316 2358 1401 2395 sup.
1443 2344 1468 2390 l,
1502 2344 1598 2384 246.
1632 2343 1701 2380 ubi

966 2418 1075 2440 mare
1105 2411 1357 2453 proruplmn.
1423 2403 1519 2442 573.
1558 2401 1694 2438 Tarbi-

968 2476 1015 2497 ηε
1032 2463 1148 2510 piceo
1170 2470 1206 2497 el
1223 2460 1410 2509 similla:
1447 2458 1487 2496 h.
1521 2471 1551 2496 e.
1576 2459 1701 2510 globis

967 2518 1080 2564 sumi,
1104 2532 1193 2554 cuin
1217 2518 1348 2554 cinere
1368 2517 1579 2568 permistis‘,
1603 2513 1699 2567 φλό-

967 2592 1039 2628 γας
1077 2575 1145 2614 καὶ
1186 2578 1348 2628 λιγνύς,
1388 2580 1435 2611 ut
1467 2575 1612 2612 Strabo
1638 2575 1701 2622 VI,

968 2648 1006 2684 p.
1028 2633 1110 2673 274
1137 2633 1179 2670 A.
1243 2633 1369 2669 Aliter
1392 2647 1471 2669 non
1498 2633 1701 2684 arcipiam.

956 2692 1119 2741 silt'illa
1144 2692 1331 2737 cultilius,
1356 2696 1402 2727 ut
1423 2706 1550 2728 emitis
1573 2693 1701 2737 vini-Q·

970 2762 1117 2785 ornans
1155 2748 1362 2799 epitheton
1397 2762 1417 2785 a
1458 2750 1514 2786 rei
1553 2756 1704 2787 natura

970 2807 1151 2844 (lurtum.
1185 2808 1234 2844 ct'.
1266 2808 1423 2844 Lucret.
1454 2808 1517 2855 VI,
1551 2810 1701 2849 689—

968 2868 1064 2907 692.
1107 2866 1159 2901 Dc
1180 2865 1359 2902 scintillis
1392 2866 1554 2904 Servius
1576 2880 1704 2917 expo-

969 2923 1039 2961 nit.
1073 2921 1087 2975 (
1105 2947 1150 2951 —
1172 2922 1267 2965 574.
1288 2924 1576 2962 Adiollic—et
1595 2926 1705 2962 lam-
