1827 3436
451 263 575 310 Al)
649 259 1174 307 LIBRUMI
1470 263 1567 310 251

360 440 945 502 EXCURSUS
1029 439 1278 496 XVIII

218 561 302 604 De
341 558 590 602 Hectore
639 557 799 600 circa
849 556 1091 598 Troiam
1134 561 1394 610 raptato.

174 678 205 727 I,
236 676 335 720 483.
383 678 461 714 Ter
475 678 626 713 circum
647 674 800 712 Iliacos
824 680 1058 724 raptaverat
1081 673 1260 710 Hectora
1283 684 1415 707 muros
1433 669 1579 707 Achil-

59 738 132 776 les.
195 736 466 774 Observatum
494 739 534 772 et
563 732 631 770 hic
660 737 700 770 et
722 731 773 769 ad
793 731 1014 770 Homerum
1043 730 1123 768 iam
1151 729 1199 768 ab
1232 728 1329 777 aliis,
1361 727 1583 765 Homerum

60 794 213 846 raptati
243 794 349 833 circa
380 791 543 830 Troiam
574 790 760 829 Hectoris
798 803 880 827 non
921 788 1157 827 meminisse,
1226 787 1304 824 Ter
1335 785 1441 823 circa
1473 785 1584 823 urbis

62 866 200 892 muros
230 853 334 904 fugit
362 851 516 889 Hector
548 847 676 902 (Iliad.
708 864 741 900 χ,
772 845 889 901 208),
923 860 1059 885 caesus
1099 851 1234 883 autem
1278 857 1299 881 e
1330 857 1457 881 curru
1485 843 1588 894 liga-

63 917 130 949 tus
161 911 300 949 statim
331 909 383 948 ad
413 921 536 947 naves
566 905 758 955 trahitur,
790 919 828 944 v.
859 905 970 943 Iliad.
1002 920 1036 956 χ,
1067 907 1149 947 399
1181 916 1277 953 sqq.,
1308 901 1376 940 ubi
1398 906 1460 939 ter
1482 914 1587 951 quo-

64 968 164 1008 tidie
194 969 301 1008 circa
331 966 506 1007 Patrocli
537 965 741 1004 tumulum
770 969 934 1014 raptare
965 976 1056 1000 eum
1090 961 1242 999 solebat
1259 959 1445 1007 Achilles,
1476 958 1587 997 Iliad.

68 1043 112 1076 ω,
156 1026 208 1068 14
250 1041 336 1078 sqq.
403 1026 597 1065 Tractum
627 1023 747 1074 igitur
777 1021 962 1059 Hectoris
1003 1020 1175 1058 cadaver
1217 1019 1322 1056 circa
1353 1030 1489 1055 muros
1519 1022 1590 1054 aut

67 1085 139 1123 uni
180 1097 231 1123 ex
262 1084 429 1138 Cyclicis
467 1088 537 1121 aut
583 1095 635 1120 ex
676 1079 849 1132 Tragicis
894 1079 1030 1117 deberi
1067 1083 1192 1130 puto,
1230 1076 1299 1127 qui
1337 1075 1471 1113 omnia
1509 1075 1590 1112 sere

68 1143 163 1181 belli
194 1143 299 1182 iliaci
329 1144 434 1182 sacta
465 1140 588 1180 variis
619 1138 748 1177 modis
778 1143 955 1175 tractata
987 1143 1027 1175 et
1058 1141 1200 1174 ornata
1231 1147 1305 1186 pro
1337 1131 1491 1171 consilii
1519 1146 1590 1170 ra·-

69 1201 179 1239 tione
208 1215 323 1254 saepe
357 1200 600 1239 inflexerant
629 1203 670 1235 et
700 1196 968 1235 variaverant.
1001 1208 1039 1232 v.
1062 1195 1229 1232 Excurs.
1260 1191 1311 1228 ad
1332 1191 1428 1228 Aen.
1452 1189 1500 1237 Il,
1530 1203 1590 1241 pr.

71 1259 203 1297 Fuere
234 1266 369 1299 autem
399 1258 519 1296 huius
560 1253 783 1307 argumenti
814 1251 1042 1304 tragoediae
1082 1251 1176 1290 olim
1217 1250 1351 1301 plures
1392 1246 1591 1299 Aeschyli,

74 1317 331 1366 Timesithei,
367 1315 545 1368 Dionysii
575 1312 776 1365 Tyranni,
824 1310 962 1358 Ennii,
990 1306 1185 1358 ”Έκτορος
1211 1303 1335 1359 λύτρα
1364 1305 1591 1356 inscriptae,

75 1376 247 1415 aliorum
281 1376 480 1428 Πρίαμος,
509 1368 718 1424 Ἀχιλλεύς.
777 1369 963 1420 Virgilius
993 1374 1127 1406 tamen
1159 1365 1338 1417 inprimis
1371 1370 1461 1401 ante
1492 1375 1592 1400 ocu—

76 1435 136 1472 los
166 1434 353 1473 habuisse
383 1432 547 1471 videtur
576 1428 830 1481 Euripidem,
875 1440 993 1477 quem
1033 1426 1140 1463 inter
1170 1429 1322 1461 ceteros
1352 1422 1417 1459 ille
1441 1420 1593 1473 proba-

77 1492 150 1540 vit,
183 1492 378 1531 Androm.
419 1504 458 1529 v.
493 1488 588 1530 105.
631 1489 726 1529 106.
795 1485 911 1524 Hanc
950 1483 1102 1521 Ennius
1132 1481 1297 1519 latinam
1336 1481 1504 1525 fecerat,
1544 1491 1595 1515 ex

78 1563 203 1601 eaque
241 1550 309 1588 hic
346 1550 429 1601 ipse
466 1548 578 1585 locus
615 1545 665 1583 de
704 1542 918 1581 miserabili
956 1541 1142 1579 Hectoris
1172 1538 1290 1577 caede
1319 1541 1517 1589 superest:
1556 1548 1595 1573 v.

80 1609 236 1661 Fragm.
278 1608 395 1646 Ennii
437 1620 523 1658 pag.
565 1606 661 1645 239.
733 1603 800 1639 Est.
842 1614 892 1637 ex
935 1613 981 1636 ea
1020 1612 1103 1636 vox
1134 1611 1277 1635 sonora
1309 1602 1350 1633 et
1391 1592 1597 1645 splendida

81 1675 313 1718 raptaverat
352 1665 490 1717 petita.
539 1663 587 1701 cf.
627 1661 696 1700 inf.
738 1660 782 1707 II,
824 1661 920 1700 272.
980 1656 1211 1707 Virgilium,
1252 1667 1335 1692 non
1364 1652 1598 1697 Homerum,

83 1731 278 1776 sequutus
316 1729 376 1761 est
418 1728 561 1760 auctor
591 1719 789 1770 Epitomes
826 1715 972 1754 Iliados
1006 1713 1128 1757 1004.
1171 1711 1241 1751 ubi
1272 1712 1319 1749 cf.
1350 1708 1600 1748 Wernsdors.

84 1784 195 1822 Poet.
227 1782 323 1821 min.
355 1782 425 1822 To,
459 1780 511 1818 IV
552 1792 588 1830 p.
621 1776 718 1819 742.
787 1774 935 1812 Actum
974 1779 1034 1809 est
1070 1784 1197 1822 nuper
1234 1769 1414 1821 pluribus
1454 1767 1501 1804 de
1531 1779 1601 1804 ra—

85 1847 199 1894 ptato
237 1840 414 1879 Hectore
459 1838 510 1876 ad
542 1837 659 1874 Ilium
696 1847 777 1873 non
819 1832 925 1870 circa
956 1830 1072 1868 Ilium
1113 1829 1164 1867 ad
1194 1828 1372 1866 libellum
1400 1824 1602 1863 Lecheva-

86 1900 196 1949 lerii,
239 1899 309 1950 qui
339 1895 560 1949 Descriptio
594 1893 762 1932 Troadis
792 1888 1042 1929 inscribitur.

430 2186 1005 2249 EXCURSUS
1091 2180 1271 2238 XIX

564 2304 668 2347 De
726 2303 1155 2345 Memnone.

214 2427 243 2476 I,
277 2428 374 2468 489.
416 2426 604 2475 ansque
627 2423 736 2460 acies
757 2428 792 2457 et
817 2419 927 2470 nigri
947 2412 1178 2454 Memnonis
1200 2422 1331 2447 arma.
1390 2403 1612 2443 Memnonis

100 2484 153 2523 ad
172 2484 334 2523 Troiam
361 2483 583 2530 adventus,
623 2486 664 2517 et
684 2491 818 2531 pugna
851 2489 941 2514 cum
963 2471 1116 2511 Achille
1146 2481 1191 2505 ac
1221 2465 1384 2512 caedes,
1416 2463 1614 2524 interres

101 2543 238 2582 Iliacas
260 2548 352 2594 post
375 2541 540 2580 Iliadem
565 2538 718 2576 celebre
741 2539 1041 2587 argumentum,
1073 2525 1183 2579 quod
1213 2522 1395 2575 inprimis
1424 2519 1614 2581 nobilita—

102 2607 219 2640 verat
248 2602 431 2639 Arclinus
456 2599 649 2636 ltlilesius
664 2626 673 2644 ,
718 2594 831 2633 cuius
863 2589 1075 2638 Aethiopis
1098 2583 1208 2622 libris
1232 2583 1264 2619 V
1288 2581 1380 2619 olim
1402 2579 1478 2616 suit
1501 2577 1615 2614 lecti-

103 2665 206 2698 tata:
247 2659 342 2698 Eius
382 2661 663 2709 argumentum
697 2667 720 2690 a
753 2651 894 2690 Proclo
927 2651 1128 2685 servatum
1155 2654 1174 2678 e
1204 2640 1292 2677 cod.
1321 2636 1444 2675 Vatic.
1478 2635 1617 2698 datum

104 2717 188 2756 vid.
216 2717 259 2755 in
289 2716 489 2754 Bibliollz.
530 2721 614 2751 ant.
650 2713 726 2749 litt.
758 2718 793 2747 et
827 2716 903 2746 arl-
935 2703 1042 2743 unde
1072 2698 1284 2748 intelliges,
1326 2706 1488 2732 carmen
1516 2690 1617 2755 1llud

106 2775 265 2813 initium
296 2774 443 2826 cepisse
475 2772 523 2809 ab
554 2767 826 2809 Penthesileae
864 2775 1021 2802 accessu
1051 2758 1101 2796 acl
1137 2756 1300 2801 urbem,
1345 2758 1463 2801 atque
1500 2756 1618 2786 ctiam

106 2840 199 2885 post
228 2832 453 2871 Memnonis
490 2835 663 2868 mortem
696 2825 949 2877 complexum
979 2831 1059 2856 esse
1089 2814 1252 2853 Achillis
1281 2816 1470 2855 extrema,
1490 2806 1619 2871 ·ludos

108 2891 296 2930 funebres
325 2890 361 2928 ei
388 2891 514 2928 factos
538 2892 578 2925 et
608 2884 805 2924 iudicium
837 2890 1041 2919 armorum
1060 2875 1165 2911 inter
1186 2871 1365 2932 Ulyssem
1379 2872 1427 2930 ‘et
1452 2864 1619 2934 Ajacem.

108 2948 216 2988 Nihil
236 2949 370 2999 itaque
389 2947 559 2993 mirum,
592 2943 701 2995 quod
729 2940 861 2980 Schol.
891 2932 1099 2978 Pindar.1‚
1134 2929 1173 2977 4,
1204 2925 1408 2991 5QA1acxs
1441 2935 1620 2990 amonst-

112 3008 206 3061 ρίαν
237 3019 288 3044 ex
316 3005 385 3044 illo
416 3003 593 3043 carmine
625 3002 754 3040 docet.
816 2996 945 3036 Etiam
976 2992 1016 3030 in
1039 2986 1190 3027 Tabula
1215 2985 1330 3022 lhaca
1364 2995 1385 3018 a
1428 2980 1620 3017 l⁴abretto
