1811 3388
0 1680 1 1696 i

0 1699 2 1715 i

487 193 611 241 AD
684 195 1121 246 LIBRUM
1193 201 1338 259 VI¹
1497 215 1624 262 1019

116 331 207 357 roes
229 317 433 358 habentur
457 326 496 358 et
526 320 646 359 simul
671 321 820 371 Orion,
869 323 1032 375 Tityus,
1083 326 1295 378 Tantalus,
1334 332 1543 386 Sisyphus,
1589 345 1628 376 et

118 391 208 414 cum
230 377 279 415 iis
299 377 505 416 Hercules,
566 378 696 417 Multo
713 380 836 432 inagis
854 381 1001 419 mirum
1025 382 1068 420 in
1084 384 1250 422 modum
1267 387 1424 427 miscuit
1441 405 1495 439 ea,
1531 408 1629 444 quae

117 435 160 472 in
183 434 290 473 Orco
312 435 602 486 collocaverat,
641 437 887 490 Polygnotus
907 439 948 477 in
969 440 1107 478 tabula
1129 442 1316 494 Delphica
1342 447 1447 497 apud
1467 450 1628 492 Pausan.

116 493 170 541 X,
201 494 270 534 28.
292 506 349 543 sq.
408 493 518 532 Idem
537 509 577 534 v.
598 508 630 532 e.
651 496 926 547 Eurynoniun]
952 498 1122 537 Genium
1143 509 1404 552 apposuerat,
1435 506 1500 555 qui
1521 521 1629 547 mor—

116 557 284 588 tuorum
312 564 451 589 carnes
480 552 530 590 ad
553 566 640 591 ossa
662 567 788 604 usque
810 555 1037 594 arroderet:
1069 563 1115 595 ut
1142 558 1240 596 adeo
1271 572 1320 597 ex
1340 560 1424 599 eius
1452 563 1632 614 opinione

117 621 201 645 non
240 608 407 646 umbrae
436 610 505 647 sed
544 624 662 649 carne
683 612 851 650 vestitae
890 613 1042 651 animae
1074 615 1123 652 ad
1154 616 1303 654 inferos
1336 618 1633 662 descenderent.

118 666 249 704 Etiam
286 666 443 706 Ocnum
473 682 565 706 cum
593 670 702 707 asino
731 670 797 707 ille
824 670 964 708 iisdem
983 671 1026 709 in
1058 671 1155 710 locis
1185 675 1384 725 pinxerat.
1445 678 1542 715 Tam
1561 693 1634 730 pa-

117 737 208 763 rum
229 725 447 763 subtilioris
467 726 605 764 iudicii
626 728 869 778 antiquiores
889 729 931 766 in
952 729 1145 780 fingendis
1171 732 1289 770 rebus
1313 732 1419 772 hisce
1437 735 1635 774 adhibue-

117 787 240 831 runt,
273 782 418 832 quibus
440 784 534 821 satis
556 791 664 833 erat,
705 792 980 824 monstrorum
997 794 1172 826 terrores
1204 791 1418 830 cumulare.
1478 793 1635 832 Mireris

117 840 247 891 ipsum
273 840 511 890 Horatium,
552 842 622 880 ubi
650 843 736 880 loca
772 844 899 882 insera
927 846 1089 883 omnino
1131 847 1372 886 nominanda
1402 857 1538 901 erant,
1582 852 1635 890 ad

118 910 220 948 quae
251 899 436 937 omnibus
473 899 724 950 migrandum
761 907 836 951 est,
892 916 1110 941 memorare
1149 905 1364 956 Cocytum,
1424 907 1632 960 Danaides,

118 955 359 1007 Sisyphum,
391 962 429 994 et
451 958 586 1009 paullo
606 965 699 997 ante
732 959 957 1011 Geryonem
990 974 1080 999 cum
1102 962 1242 1014 Tityo:
1273 963 1401 1003 Carm.
1422 965 1470 1015 ΙΙ,
1503 967 1567 1008 14.
1591 967 1633 1005 in

119 1027 293 1064 quorum
318 1015 564 1054 consortium
584 1017 721 1055 venire
747 1031 861 1056 nemo
891 1024 1012 1069 optet.
1072 1019 1188 1058 Nunc
1219 1021 1375 1059 diversa
1402 1022 1488 1060 loca
1516 1024 1634 1062 vide-

118 1085 208 1109 mus
236 1084 318 1110 esse
350 1073 530 1125 Elysium
565 1081 604 1112 et
634 1075 860 1114 Tartarum.
922 1076 1050 1114 Etiam
1079 1077 1120 1115 in
1151 1078 1342 1117 scelerum
1375 1093 1542 1120 recensu
1566 1082 1633 1120 di-

120 1129 266 1168 sertior
295 1137 354 1169 est
384 1137 522 1183 poeta,
561 1146 681 1182 quam
716 1133 981 1184 antiquiores:
1022 1148 1099 1185 qua
1131 1135 1179 1173 de
1209 1149 1252 1174 re
1271 1137 1353 1175 vid.
1379 1138 1471 1176 Not.
1494 1139 1544 1177 ad
1566 1140 1631 1189 VI,

120 1189 217 1229 608.
278 1189 476 1240 Omnino,
519 1203 598 1240 quo
625 1192 747 1243 nia-gis
770 1191 937 1243 expoliti
967 1191 1217 1245 philosophia
1245 1195 1356 1232 fuere
1389 1197 1531 1247 animi,
1584 1211 1630 1236 eo

119 1246 261 1284 melius
294 1247 544 1300 dispescuere
569 1256 733 1288 narrata
768 1250 816 1288 de
842 1250 960 1288 rebus
984 1251 1133 1289 inseris.
1192 1252 1497 1292 Accommodari
1528 1255 1632 1293 enim

118 1302 220 1342 haee
238 1305 368 1344 solent
387 1320 432 1345 ac
456 1306 602 1345 debent
618 1308 875 1361 populorum,
896 1314 1074 1347 aetatum
1096 1315 1135 1347 et
1155 1310 1403 1362 singulorum
1421 1310 1632 1351 hominum

118 1361 296 1414 ingeniis.

231 1456 314 1494 Iam
344 1456 395 1495 ad
436 1458 622 1495 Plutonis
655 1459 813 1508 regiam
857 1464 1100 1510 perventum
1136 1465 1207 1498 est.
1280 1461 1487 1512 Sapienter
1527 1460 1632 1500 hanc

122 1513 288 1552 omnino
320 1516 589 1566 praetermisit
618 1523 759 1567 poeta,
791 1529 864 1553 nec
894 1517 935 1554 in
962 1516 1072 1554 illam
1094 1517 1176 1555 sive
1204 1525 1368 1556 ornatus
1387 1520 1468 1557 sive
1489 1533 1633 1557 narra-

121 1571 241 1610 tionis
270 1573 484 1623 quicquam
505 1574 721 1612 consumsit
750 1580 908 1625 praeter
929 1589 1077 1626 paucos
1100 1588 1238 1613 versus
1255 1589 1293 1614 v.
1318 1580 1399 1619 630
1419 1590 1474 1627 sq.
1532 1577 1633 1616 Nam

120 1643 206 1668 rem
227 1644 249 1667 a
271 1631 435 1669 consilio
461 1631 627 1669 alienam
659 1638 867 1670 tractasset
890 1638 928 1669 et
959 1633 1000 1671 in
1025 1647 1199 1671 summas
1222 1635 1418 1685 angustias
1446 1647 1527 1672 sese
1553 1636 1632 1673 iin—

121 1687 288 1727 misisset
311 1695 451 1741 poeta,
485 1690 517 1727 si
537 1690 671 1728 Iovem
692 1690 866 1728 inferum
897 1690 1084 1728 exhibere
1102 1692 1313 1742 voluisset,
1350 1706 1423 1730 nec
1444 1693 1634 1730 maiesta-

121 1752 203 1783 tem
229 1746 292 1784 dei
316 1747 518 1797 quomodo
544 1748 637 1785 satis
656 1754 862 1796 tueretur,
901 1748 942 1785 in
963 1755 1129 1800 promtu
1159 1748 1372 1788 habuisset.
1430 1749 1635 1801 Integrum

121 1804 256 1854 itaque
277 1805 439 1855 reliquit
468 1804 547 1843 hoc
574 1812 854 1857 argumentum
919 1806 1126 1855 laudiano,
1169 1808 1308 1856 Tasso‚
1339 1807 1508 1845 Miltono
1528 1808 1635 1845 Mes—-

123 1861 321 1913 siadisque
346 1863 514 1901 auctori.
574 1863 706 1902 Intrat
730 1870 865 1902 tamen
886 1863 1038 1902 Aeneas
1057 1864 1294 1903 vestibulum,
1312 1868 1458 1916 regiae,
1489 1865 1636 1903 lustrat

123 1932 164 1958 se
192 1926 232 1957 et
248 1933 408 1959 ramum
426 1934 593 1959 aureum
611 1923 655 1959 in
675 1923 829 1960 foribus
851 1922 937 1973 figit
956 1936 996 1960 v.
1021 1921 1259 1972 634-636,
1291 1923 1359 1960 ubi
1382 1923 1429 1960 cs.
1449 1923 1540 1961 Not.

237 2024 400 2063 Praeter
417 2024 565 2075 regiam
583 2025 765 2063 Plutonis
784 2025 849 2063 via
871 2024 922 2062 ad
948 2026 1133 2075 Elysium
1154 2025 1276 2063 ducit.
1336 2026 1454 2077 Apud
1475 2025 1634 2063 Aristo—

124 2081 300 2135 phanem
318 2083 419 2121 Ran.
442 2085 636 2125 162163
657 2083 705 2120 de
721 2082 909 2121 initiatis:
943 2079 1066 2122 Οὗτοι
1096 2080 1171 2136 γάρ
1205 2079 1396 2135 ἐγγύτατα
1423 2081 1524 2136 παρ’
1557 2079 1634 2122 av’-

125 2137 202 2192 τήν
225 2138 301 2192 τήν
336 2138 431 2181 ὁδόν
455 2136 546 2180 Ἐπὶ
576 2144 684 2180 ταῖσι
713 2143 788 2180 τοῦ
820 2137 1068 2187 Πλούτωνος
1101 2140 1286 2180 οἰκοῦσιν
1308 2138 1470 2191 θύραις.
1531 2142 1634 2178 Sunt

126 2205 262 2237 autem
279 2199 519 2236 initatorum
547 2198 658 2235 sedes
685 2198 818 2235 nullae
843 2199 939 2236 aliae
971 2212 1091 2248 quam
1120 2198 1311 2248 Elysium.
1382 2198 1468 2235 Hoc
1497 2198 1634 2248 itaque

126 2270 208 2295 non
230 2256 345 2307 longe
367 2270 386 2293 a
408 2255 587 2294 Plutonis
615 2256 721 2307 regia
749 2256 882 2293 abesse
908 2256 1103 2294 traditum
1129 2256 1229 2292 sorte
1259 2256 1299 2293 in
1329 2256 1556 2303 Eleusiniis,
1588 2261 1635 2293 ut

127 2314 309 2365 colligere
330 2315 422 2352 licet
453 2326 502 2352 ex
523 2314 682 2351 scurrili
699 2313 977 2364 Aristophanis
1006 2314 1264 2351 insectatione
1289 2313 1506 2351 initiorum.
1548 2313 1635 2350 He-

126 2372 264 2410 siodus
289 2371 471 2410 Plutonis
492 2371 638 2421 regiam
664 2372 707 2409 in
735 2371 879 2410 vicinia
903 2371 1060 2409 Tartari
1085 2371 1362 2409 collocaverat.
1420 2371 1521 2408 Nam
1542 2377 1635 2408 ante

127 2431 343 2467 Tartarum
365 2429 476 2467 Atlas
493 2435 572 2466 stat
590 2429 739 2467 caeluni
757 2436 1003 2478 sustentans,
1029 2428 1174 2466 ibidem
1194 2428 1276 2466 Diei
1300 2435 1337 2466 et
1359 2429 1492 2466 Noctis
1508 2430 1634 2477 aedes,

127 2488 233 2525 circa
258 2501 377 2538 quani
398 2487 533 2524 Noctis
555 2487 667 2524 liberi
690 2486 896 2535 habitant,
930 2491 1100 2524 Somnus
1125 2492 1163 2523 ct
1188 2486 1306 2524 Mors.
1357 2484 1504 2536 ''Ev=1‘)a,
1541 2500 1636 2538 per-

129 2546 200 2597 git,
229 2548 335 2585 θεοῦ
355 2546 527 2596 χθονίου
551 2544 737 2595 πρόσθεν
767 2541 886 2597 δόμοι
904 2541 1094 2596 ἠχήεντες
1109 2539 1297 2595 Ἰφθίμου
1331 2539 1372 2582 τ’
1396 2540 1536 2583 Ἀΐδεω
1567 2543 1635 2583 καὶ.

128 2603 299 2654 ἐπαινῆς
326 2604 629 2653 Περσεφονείης
654 2601 860 2652 “Isarae-tv,
910 2610 1000 2640 ante
1026 2601 1095 2639 has
1114 2600 1294 2639 Plutonis
1317 2608 1357 2639 et
1377 2602 1635 2652 Proserpinae

129 2661 244 2698 aedes
275 2661 448 2698 excubat
477 2660 683 2699 Cerberus.
751 2661 832 2698 Nee
860 2660 1002 2712 procul
1034 2658 1129 2696 hinc
1162 2666 1323 2698 antrum
1352 2659 1491 2697 incoht
1521 2661 1633 2710 Styx.

129 2718 330 2770 Theogon.
355 2722 438 2760 767
459 2732 542 2769 sqq.

243 2809 298 2846 De
318 2811 456 2849 Elis-2⁴0
483 2811 577 2847 satis
611 2809 762 2847 dictum
787 2815 845 2846 est
866 2809 914 2846 ad
947 2808 1074 2859 ipsum
1100 2814 1256 2859 poetam
1285 2823 1323 2846 v.
1344 2812 1425 2849 (5137
1446 2822 1528 2857 sqq.
1589 2808 1632 2844 In

126 2868 208 2905 eius
232 2867 412 2905 convalle
435 2869 561 2905 Lethe
582 2875 662 2916 est,
694 2868 742 2904 ad
764 2881 879 2917 quain
905 2873 1179 2906 convocantur
1201 2867 1351 2903 animae
1373 2880 1520 2904 novum
1542 2879 1635 2902 cor-

124 2939 198 2977 pus
225 2925 473 2977 ingressurae
497 2939 534 2964 v.
559 2929 654 2968 675.
675 2929 755 2967 679
780 2939 861 2975 sqq.
