1779 3420
125 229 228 276 756
455 225 510 273 P.
546 224 902 274 VIRGILII
947 224 1316 275 MARONIS

127 350 383 414 Instigant
404 349 613 410 studiis,
646 359 971 416 resonatque
994 348 1292 414 fragoribus
1320 349 1516 402 aether.

127 422 192 469 Hi
240 420 522 485 proprium
567 419 730 469 decus
780 429 828 468 et
876 428 1088 485 partum
1148 420 1492 484 indignantur
1545 420 1648 470 ho-

918 506 1111 538 norem

127 559 192 608 Ni
216 566 456 617 teneant,
486 558 756 624 vitamque
779 557 965 606 volunt
985 576 1084 624 pro
1108 557 1265 607 laude
1289 559 1505 624 pacisci;
1544 564 1646 610 230

127 631 243 677 Hoc
279 644 549 676 successus
583 627 693 678 alit:
741 637 990 692 possunt,
1041 628 1162 693 quia
1198 645 1355 693 posse
1385 629 1645 679 videntur.

127 701 194 748 Et
216 697 327 746 fors
353 697 586 762 aequatis
617 698 880 762 cepissent
903 698 1137 762 praemia
1164 699 1361 758 rostris,

126 769 219 830 Ni,
258 767 458 832 palmas
481 775 650 832 ponto
680 766 909 815 tendens
933 776 1201 832 utrasque,
1240 766 1533 817 Cloanthus

126 837 479 902 Fudissetque
502 853 712 902 preces,
754 836 1011 903 divosque
1035 837 1088 884 in
1110 845 1231 885 vota
1261 846 1521 887 vocasset:

220 978 288 1012 228
313 985 533 1021 resonatque
556 975 790 1023 fragoribus.

856 978 907 1010 Ita
939 976 1059 1010 Heius.
1093 989 1169 1011 cum
1202 978 1459 1022 praestantiore
1496 988 1647 1022 quoque.

128 1024 244 1067 Vulgo
269 1023 498 1063 claumrilms,
525 1024 682 1056 nonnulli
712 1025 851 1057 sublato
878 1037 957 1069 que.
1007 1026 1110 1057 Voss.
1135 1023 1383 1069 clangoribus.
1433 1026 1648 1069 (resonant-

128 1084 197 1115 que
219 1070 345 1103 Medic.
372 1083 390 1102 a
419 1082 462 1103 m.
489 1083 541 1115 pr.
571 1071 668 1113 Wr.)

128 1125 226 1157 sunt,
248 1130 286 1162 p.
309 1120 429 1162 Sprot.
478 1126 638 1162 possunt
662 1131 755 1163 qaae

126 1165 196 1199 233
215 1172 332 1210 ponto
355 1164 501 1210 palmas
524 1165 593 1197 duo
618 1166 734 1200 Burm.

128 1271 305 1324 proiecto
326 1285 384 1309 VS.
410 1274 502 1312 173.
564 1272 607 1308 ιή
619 1271 710 1319 stne
730 1271 855 1309 totius

128 1343 289 1377 cursus,
320 1329 393 1366 int.
417 1328 489 1366 sub
512 1329 688 1367 reditum
710 1329 761 1366 ad
784 1330 856 1367 lit-

128 1394 206 1425 tus.
256 1387 305 1424 es.
334 1387 403 1424 ins.
435 1400 472 1424 v.
505 1389 602 1428 327.
636 1389 731 1428 328.
791 1402 855 1424 se—

127 1453 310 1496 quentem
328 1474 337 1491 ‚
374 1443 627 1482 Mnestheum
649 1444 716 1494 qui
747 1444 857 1481 inse-

128 1503 266 1553 quitur
289 1501 552 1550 Cloanthum,
585 1510 708 1552 zcrgel.
761 1505 856 1545 228.

127 1562 270 1597 sluclils
289 1559 328 1597 h.
352 1560 376 1597 l.
399 1560 581 1611 proprie,
616 1566 663 1597 ut
693 1560 734 1596 in
756 1574 856 1598 con*

127 1632 236 1655 sessu
254 1617 444 1655 ludorum
466 1618 699 1654 circensium
723 1617 770 1654 de
794 1619 856 1655 sa-

128 1689 226 1713 vore
262 1675 542 1726 spectantium.
589 1676 635 1712 cs.
667 1676 777 1713 Iliad.
809 1689 856 1726 ψ,

128 1747 167 1774 v,
198 1732 280 1774 448
313 1747 396 1782 sqq.
427 1739 467 1770 et
492 1735 586 1780 767,
616 1735 712 1772 768.
736 1733 856 1770 Silius

128 1790 243 1838 XVI,
295 1793 376 1831 319
399 1813 443 1817 -
469 1792 564 1832 332.
612 1790 855 1840 fragoribus

128 1847 166 1886 h.
188 1848 212 1886 1.
234 1861 307 1898 pro
329 1847 501 1885 elamore
523 1854 562 1884 et
581 1847 736 1898 plausu.

187 1907 269 1948 229
283 1929 333 1933 —
349 1907 445 1946 231.
491 1907 704 1955 proprium
740 1906 859 1942 decus

128 1963 168 2001 11.
200 1963 225 2000 1.
254 1969 301 2000 ut
324 1962 439 2010 alias,
470 1976 544 2013 pro
582 1969 696 2013 parta
720 1963 797 2000 iam
819 1969 857 2000 et

127 2026 268 2073 parata
291 2020 472 2058 victoria.
514 2021 791 2070 indignantur,
814 2022 859 2058 1ιί

128 2085 308 2126 teneant,
356 2077 514 2115 doctior
551 2077 681 2115 forma
720 2092 853 2129 qutun,

128 2152 168 2173 se
208 2151 287 2173 non
319 2143 465 2183 lettere,
505 2134 582 2172 sibi
614 2138 726 2185 eripi.
791 2136 855 2173 Sic

130 2194 177 2242 εἰ,
211 2194 247 2233 εἰ
263 2188 332 2245 μή.
369 2194 530 2243 pacisci
549 2193 744 2244 exquisite
769 2208 854 2245 pro,

128 2251 320 2298 reddere,
347 2250 600 2301 impendere3
641 2264 690 2288 ex
713 2252 856 2303 vulga-

129 2309 234 2346 riore
258 2308 449 2345 formula:
491 2308 688 2346 redimere
714 2311 858 2347 samam

129 2366 410 2416 sempiternam
438 2372 581 2404 morte.
641 2367 705 2403 Sic
736 2382 859 2404 emere

130 2424 200 2460 inf.
235 2423 304 2469 IX,
348 2426 442 2464 206.
502 2423 684 2461 Imitatus
718 2427 817 2462 Stat.
843 2425 861 2462 I

131 2480 256 2518 Theb.
288 2483 382 2520 319.
426 2480 500 2517 hoc
537 2496 683 2518 aevum,
719 2484 858 2532 cupiat

123 2553 200 2588 pro
218 2539 304 2574 luc-e
321 2539 492 2586 passim-i.
530 2539 656 2575 Locus
679 2553 700 2575 a
719 2540 856 2578 Burin.

132 2596 209 2632 iani
251 2594 448 2631 laudatus.
520 2599 614 2636 231.
668 2605 852 2644 pos-smil,

132 2655 227 2704 qula
250 2667 366 2701 posse
391 2652 572 2688 videnlur
591 2652 641 2688 ad
669 2653 855 2690 fiduciam

133 2709 374 2747 certantium
403 2708 551 2744 referre
575 2709 726 2757 niulini;
768 2711 856 2747 esli-

133 2768 246 2805 ciunt
282 2766 342 2812 id,
383 2765 491 2815 quod
522 2767 648 2802 fucere
678 2768 856 2814 student,

132 2839 201 2862 seu
231 2825 270 2861 in
295 2837 341 2860 co
362 2829 477 2870 sunt,
523 2829 566 2860 ut
594 2823 634 2859 id
659 2824 856 2873 el'liciant3

133 2882 321 2933 quoniam
342 2880 414 2917 sibi
432 2880 620 2917 videntur
643 2881 679 2918 id
701 2882 856 2919 eslivcrc

133 2953 258 2991 posse.
320 2938 444 2976 Multa
466 2944 705 2987 argutantur
725 2940 855 2990 intpp.

763 1073 829 1106 231
858 1073 936 1149 algit
956 1083 1006 1149 pff
1022 1072 1209 1149 Hzimburg.
1232 1084 1251 1103 a
1271 1083 1314 1104 m.
1334 1083 1403 1104 sec.
1453 1072 1538 1116 quia
1554 1083 1648 1117 pos-

776 1131 813 1164 p.
851 1132 868 1151 ιι
888 1127 940 1149 ter
1001 1131 1089 1151 am).

827 1166 897 1200 234
921 1165 1162 1210 Efficndz'tqae
1181 1177 1220 1210 p.
1258 1176 1326 1197 sec.
1354 1164 1522 1197 Rottend.

1146 1118 1293 1150 videtur
1318 1117 1444 1150 Medic.
1479 1130 1497 1150 a
1523 1130 1566 1150 m.
1592 1129 1645 1161 pr.

915 1271 1320 1323 inprimisTrappius.
1355 1272 1423 1308 Est
1435 1270 1644 1322 hocidem,

915 1329 985 1366 sed
1006 1329 1105 1367 male
1135 1329 1404 1378 intellectum,
1436 1328 1545 1378 quod
1570 1343 1647 1366 no-

916 1393 1020 1424 strae
1041 1388 1181 1424 aetatis
1208 1387 1360 1438 ingenia
1389 1385 1589 1426 πάνόεινα
1608 1393 1647 1424 et

915 1441 1125 1496 πάντολμα
1146 1458 1240 1496 prae
1266 1458 1305 1482 se
1338 1445 1540 1482 serebant:
1580 1444 1646 1481 ni-

914 1502 973 1540 hil
992 1515 1073 1539 esse
1094 1503 1203 1552 quod
1234 1517 1314 1540 non
1336 1503 1491 1550 valeas,
1525 1502 1645 1539 modo

914 1561 1012 1598 velis
1041 1561 1192 1598 valere:
1235 1561 1404 1609 scilicet,
1449 1560 1565 1597 modo
1596 1562 1647 1596 5ιί

915 1619 1108 1655 (ίίνίηίίιιε
1130 1620 1213 1655 illis
1226 1620 1442 1668 Ingenium
1462 1626 1498 1655 et
1517 1631 1645 1654 rerum

905 1676 1001 1726 ficto
1012 1676 1228 1724 prudentia
1245 1678 1374 1712 maior
1387 1691 1399 1712 .·
1440 1689 1557 1724 quam
1577 1680 1644 1711 ta—

916 1746 1006 1770 men
1034 1734 1115 1770 sere
1141 1733 1272 1769 deesse
1295 1733 1380 1770 istis
1398 1733 1586 1770 vidimus.

975 1793 1058 1831 232
1070 1812 1121 1818 -
1135 1790 1229 1831 243.
1246 1791 1385 1827 Lineas
1406 1790 1512 1841 apud
1526 1789 1644 1828 Hom.

917 1847 1057 1885 ductas
1078 1847 1170 1884 vide
1193 1848 1215 1885 l.
1237 1862 1268 1885 c.
1289 1848 1462 1898 Iliadw,
1477 1850 1557 1888 769
1574 1860 1644 1897 sq.,

915 1906 985 1943 ubi
1009 1905 1162 1955 Ulysses
1182 1905 1222 1942 in
1255 1919 1395 1943 cursus
1428 1904 1645 1942 certamine

915 1963 1095 2001 similiter
1146 1969 1241 2000 vota
1299 1963 1405 2001 facit.
1476 1963 1645 2013 palmas

914 2030 1100 2072 utrasque
1130 2021 1314 2070 antique,
1357 2021 1488 2071 inquit
1517 2021 1643 2068 Serv„

915 2092 1033 2129 quem
1054 2078 1167 2126 vide,
1187 2092 1261 2129 pro
1278 2079 1468 2128 palmam
1487 2086 1644 2115 alram-

914 2151 1003 2189 (μω.
1041 2135 1197 2188 (eodem
1228 2136 1349 2173 modo
1380 2136 1443 2184 Vt,
1476 2135 1571 2177 685.
1603 2140 1643 2172 et

913 2202 1080 2245 atraque
1097 2202 1276 2244 tempora
1296 2194 1398 2231 insi-a
1417 2194 1512 2236 855.
1529 2194 1591 2232 W
1592 2190 1641 2244 r.)

915 2253 1027 2289 clivos
1051 2253 1093 2288 in
1122 2261 1213 2288 vola
1246 2266 1385 2288 vocare
1412 2251 1453 2289 vi
1486 2263 1577 2287 sane
1606 2255 1643 2286 et

916 2322 1033 2347 sensu
1069 2309 1174 2346 idem
1210 2322 1291 2346 esse
1330 2309 1447 2346 debet
1478 2321 1524 2345 ac
1549 2308 1642 2344 cleos

917 2369 1017 2405 rotis
1036 2381 1175 2404 vocare
1196 2365 1235 2403 h.
1258 2379 1288 2404 e.
1306 2366 1516 2404 invocare:
1533 2364 1643 2415 quod

916 2424 1124 2474 aliquoties
1142 2423 1250 2475 apud
1274 2423 1478 2473 Virgilium
1500 2428 1539 2459 et
1561 2423 1643 2459 eius

916 2482 1138 2519 imitatione
1167 2481 1273 2531 apud
1297 2481 1434 2518 Silium
1458 2486 1497 2517 et
1517 2482 1642 2516 Sene-

916 2553 1003 2576 cam
1024 2539 1235 2588 'l'rngicum
1255 2538 1429 2575 occurrit
1444 2568 1453 2586 ‚
1487 2537 1555 2574 sed
1578 2536 1642 2573 di—

916 2603 1024 2633 ctum
1058 2595 1252 2645 exquisite
1271 2625 1278 2641 ,
1326 2601 1372 2632 ut
1411 2598 1449 2632 in
1484 2603 1643 2644 parlem

909 2654 1184 2703 praedamque
1215 2667 1353 2688 vocare
1382 2652 1442 2699 lll,
1472 2655 1569 2699 222,
1603 2657 1644 2688 et

916 2710 1022 2761 apud
1046 2709 1165 2747 Ovid.
1199 2709 1303 2746 fast.
1336 2709 1380 2755 V,
1415 2710 1498 2751 527
1529 2712 1642 2746 iara-

915 2776 975 2804 llls·
995 2766 1102 2803 vobis
1122 2769 1161 2802 [η
1188 2767 1304 2803 verba
1325 2771 1490 2804 vocalis.
1543 2767 1643 2803 Nam

918 2827 1016 2861 volis
1038 2830 1095 2860 est
1117 2824 1219 2860 idem
1242 2838 1287 2861 ae
1310 2838 1452 2861 vocare
1486 2824 1535 2861 ad
1568 2838 1643 2862 vo·-

915 2888 953 2918 ta
976 2912 984 2930 ‚
1047 2882 1096 2918 ud
1150 2895 1192 2918 ea
1211 2912 1219 2928 ‚
1281 2895 1380 2932 quae
1430 2888 1643 2920 voventur.

916 2940 1094 2978 Guellius
1139 2939 1278 2977 laudat
1316 2952 1476 2978 versum
1515 2940 1644 2991 Lyco-
