1779 3420
40 239 142 286 980
368 234 419 282 P.
461 231 812 282 VIRGILII
849 228 1224 278 MARONIS

42 363 431 426 Romanosque
458 367 591 409 tuos,
646 357 744 405 Hic
771 358 976 418 Caesar,
1018 365 1069 405 et
1094 354 1271 404 omnis
1297 353 1395 402 Iuli
1470 358 1571 404 790

42 431 362 495 Progenies,
399 444 659 493 magnum
686 426 821 475 coeli
846 435 1070 475 ventura
1092 426 1189 474 sub
1214 441 1378 474 axem.

42 503 140 551 Hic
202 501 301 564 vir,
364 499 452 548 hie
512 506 616 561 est,
684 497 781 545 tibi

840 512 1006 561 quem
1068 495 1308 562 promitti
1366 493 1573 558 saepius

836 565 1002 629 audis,

46 645 312 706 Augustus
351 641 570 698 Caesam
605 636 722 686 Divi
754 651 946 699 genus:
995 651 1151 683 aurea
1189 633 1388 683 condet

48 711 267 761 Saecula
300 710 390 776 qui
422 722 604 755 rursus
636 706 813 765 Latio,
866 714 1084 769 regnata
1115 721 1213 770 per
1249 721 1366 752 arva

48 785 279 831 Saturno
332 776 639 845 quondam3
699 792 863 842 super
909 785 962 824 et
1008 778 1352 825 Garamantas
1393 782 1444 822 et
1489 775 1575 820 ln-

145 969 214 1004 792
240 967 289 1000 ibi
319 968 460 1010 Menag.
490 978 544 1011 pr.
595 977 697 1018 quent:
721 965 890 1011 promitti
924 963 992 998 sibi
1020 975 1090 997 sec.
1119 963 1247 996 Moret.

845 845 943 895 dos
1475 846 1575 893 795

1343 961 1411 996 793
1434 961 1519 992 Divi
1542 972 1577 1002 g.

49 1029 91 1050 ex
119 1016 288 1049 librorum
310 1025 504 1055 consensu,
532 1025 573 1045 ex
603 1024 716 1044 numls
741 1019 777 1043 et
802 1012 1032 1044 marmoribus
1051 1010 1196 1055 copiose
1217 1010 1397 1042 firmarunt
1425 1009 1486 1040 Ge.
1512 1008 1579 1039 1⁴1«-

48 1063 134 1097 brie.
160 1063 251 1095 Pier.
285 1069 320 1094 et
352 1061 474 1094 Heins.

572 1059 666 1101 Quid
693 1059 885 1092 sollennius
912 1059 996 1092 illo:
1045 1062 1180 1091 Caesar
1204 1061 1402 1102 Augustus
1428 1056 1515 1088 Diui
1544 1052 1579 1099 J]

48 1109 217 1145 Nonnulli
247 1109 365 1153 vulgg.
396 1108 477 1141 edd.
505 1115 541 1140 et
569 1108 673 1140 codd.
697 1108 830 1139 Divum
856 1119 987 1152 genus.
1038 1106 1163 1139 condic
1191 1106 1330 1147 Menag.
1366 1115 1418 1147 pr.
1453 1109 1488 1134 et
1519 1101 1578 1134 alt.

49 1158 239 1200 Hamburg.

336 1156 405 1192 794
431 1167 526 1200 quae
556 1155 649 1199 apud
678 1154 841 1187 Lactant.
871 1155 901 1195 I,
930 1156 984 1189 13.

47 1213 234 1251 gnacaque
257 1205 383 1236 Parvo
407 1202 516 1235 Goth.
539 1208 632 1242 tert,
660 1210 843 1245 utrumque
862 1201 983 1246 lapsu,
1008 1200 1068 1245 qui
1086 1200 1196 1232 lusum
1217 1199 1337 1231 habet.

1047 1166 1075 1186 r.
1110 1165 1178 1197 per
1208 1164 1329 1185 annos
1367 1152 1466 1182 Rom.
1517 1162 1578 1181 re*

1410 1197 1478 1232 795
1501 1198 1579 1228 (la-

49 1260 237 1286 ramantes
255 1251 345 1284 male
365 1250 543 1284 scribitur.
595 1249 886 1282 Garamantidas
910 1249 1023 1282 Indos
1046 1260 1099 1293 pr.
1120 1247 1325 1289 Hamburg„
1360 1243 1445 1277 item
1477 1243 1581 1277 male.

51 1361 97 1386 ac
118 1347 275 1386 divinos
302 1345 414 1385 viros
440 1345 549 1384 tulit.
610 1344 711 1382 Nam
738 1344 788 1382 de

51 1406 197 1445 divinis
235 1404 462 1443 honoribus
514 1404 554 1441 in
599 1404 785 1441 Caesares

52 1464 193 1503 delatis
219 1478 301 1501 non
325 1463 470 1514 agitur.
531 1477 677 1513 supera
695 1463 784 1500 alla

51 1531 232 1569 tenentes,
264 1521 546 1560 Homericum:
578 1519 784 1575 ὑπέρτατα

52 1576 211 1634 δώματ’
243 1579 412 1632 ἔχοντες.

109 1641 353 1682 789—791.
372 1637 502 1675 Etiam
524 1636 707 1675 ordinem
720 1648 788 1674 re—

52 1710 145 1735 rum
185 1696 282 1734 facit
320 1695 615 1734 admirabilem:
678 1693 789 1746 quod

53 1754 184 1807 primo
217 1755 306 1792 loco
342 1760 502 1806 gentem
530 1753 670 1792 [uliam
701 1766 789 1790 me·-

55 1818 210 1861 morat,
236 1825 334 1850 *cum
361 1811 404 1849 in
436 1811 626 1849 Marcello
659 1811 788 1849 oratio

54 1871 201 1909 summi
231 1869 397 1908 affectus
427 1870 543 1921 plena
567 1869 791 1907 substitura

55 1929 119 1967 sit.
179 1929 279 1966 Huc
321 1936 501 1965 converte
543 1928 678 1965 oculos
716 1933 791 1965 etc.

57 1985 191 2025 omnia
223 2000 315 2025 cum
346 1985 567 2025 verborum
600 1985 793 2037 dignitate

57 2044 217 2084 extulit.
263 2051 433 2082 ventura
453 2044 526 2082 sub
546 2058 682 2092 axem,
717 2043 792 2082 sub

58 2103 224 2153 caelum,
254 2102 296 2140 in
315 2102 464 2151 vitam,
502 2108 551 2141 ut
569 2102 649 2140 iam
671 2103 793 2141 toties

58 2161 232 2200 vidimus
254 2161 295 2199 in
312 2159 390 2199 hoc
413 2160 529 2200 libro.
571 2159 793 2214 (Donatusz

60 2219 172 2269 „Sub
196 2233 270 2257 axe
299 2219 398 2257 coeli
419 2225 516 2258 sunt
533 2233 691 2269 omnes,
724 2219 795 2271 qui

60 2278 254 2316 fruuntur
282 2278 393 2327 luce3
443 2277 513 2316 sed
539 2275 605 2315 hic
641 2278 794 2316 dictum

61 2341 142 2385 est,
184 2350 265 2374 non
294 2342 457 2374 tantum
491 2337 619 2374 ituros
658 2337 701 2374 in
729 2336 797 2374 lu-

62 2407 169 2444 cem,
213 2407 356 2432 verum
387 2394 508 2432 etiam
534 2394 679 2432 merito
708 2394 797 2434 vir-

64 2451 161 2489 tutis
185 2465 311 2503 usque
331 2452 381 2490 ad
401 2452 533 2503 ipsum
557 2453 657 2492 coeli
679 2466 797 2491 axem

64 2522 146 2547 esse
173 2512 405 2548 venturos.“
442 2509 562 2564 lVr.)

123 2569 208 2608 792
232 2581 316 2618 sqq,
349 2569 394 2606 In
415 2568 596 2620 Augusto
613 2582 710 2608 vero
729 2581 797 2607 re-

66 2625 359 2678 praesentando
379 2639 419 2663 se
439 2626 571 2678 ipsum
589 2627 800 2679 superavit

65 2689 195 2736 poeta.
226 2683 366 2721 Pacem
377 2689 579 2722 terrarum
593 2686 680 2724 orbi
702 2685 798 2723 red-

68 2742 217 2791 ditam,
268 2742 448 2794 prolatos
491 2742 647 2794 imperii
686 2743 797 2792 fines,

68 2800 279 2849 vaticinia,
313 2799 458 2851 quibus
479 2800 598 2838 terris
624 2801 799 2852 promis-

69 2872 135 2896 sus
161 2857 258 2907 fuit,
299 2857 574 2911 expeditiones
597 2858 639 2896 in
671 2865 799 2896 terras

69 2916 326 2968 longinquas,
376 2922 417 2954 et
442 2915 586 2954 itinera
616 2915 667 2953 ad
699 2929 799 2954 con-

71 2974 292 3013 stituendas
318 2974 546 3027 provincias
565 2975 607 3012 in
629 2974 676 3013 iis
704 2973 800 3027 ipsis

846 1345 972 1392 annis,
1006 1343 1151 1396 quibus
1176 1342 1275 1380 haec
1292 1340 1451 1393 scripsit
1468 1339 1580 1377 Maro

846 1403 909 1457 (U.
932 1405 972 1442 C.
996 1407 1079 1446 732
1112 1415 1195 1453 sqq.
1230 1415 1268 1440 v.
1307 1400 1397 1438 Vita
1429 1397 1582 1447 Virgilii

845 1462 884 1501 h.
920 1461 988 1515 a),
1034 1466 1238 1512 suscepm3
1285 1472 1405 1510 quam
1444 1457 1583 1508 gravia

842 1520 942 1559 haec
972 1520 1105 1558 onmia
1134 1519 1304 1557 laudum
1333 1521 1580 1567 argumenta,

849 1586 889 1617 et
910 1593 1030 1630 quam
1052 1577 1258 1630 splendide
1283 1576 1414 1614 verbis
1446 1580 1485 1611 et
1516 1587 1581 1611 rc-

848 1652 940 1676 rum
973 1635 1321 1689 phantasmatibus
1361 1632 1582 1671 declarata!

908 1697 1004 1737 794.
1048 1697 1197 1742 Latio,
1263 1692 1435 1731 debebat
1475 1690 1584 1741 sequi

852 1767 922 1806 per
951 1754 1200 1806 appositum:
1243 1755 1371 1799 arvis,
1417 1749 1485 1787 sed
1511 1763 1584 1786 va-

850 1812 986 1849 riavit:
1008 1827 1085 1862 per
1115 1825 1220 1848 arva
1253 1818 1424 1860 regnata
1453 1822 1582 1859 quotz-

850 1870 948 1907 clam
968 1871 1165 1914 Salurno;
1209 1880 1311 1918 quae
1338 1873 1433 1904 sunt
1453 1865 1584 1917 ipsum

851 1927 1021 1965 Latium.
1053 1941 1091 1966 v.
1113 1927 1183 1965 ins.
1205 1926 1306 1974 VIII,
1337 1927 1421 1968 319
1442 1937 1526 1974 sqq.

909 1986 1172 2028 795—798.
1211 1984 1329 2021 Fines
1361 1981 1518 2034 imperii
1544 1980 1586 2018 in

851 2042 986 2082 Africa
1001 2050 1041 2082 et
1063 2043 1154 2081 Asia
1177 2042 1369 2081 dilatatos
1388 2039 1586 2090 intellige3

851 2102 925 2141 etsi
942 2103 1063 2141 rebus
1080 2103 1120 2141 in
1144 2101 1272 2139 maius
1290 2100 1429 2138 auctis.
1469 2112 1589 2149 super

853 2159 998 2215 (ultra)
1043 2161 1345 2208 Garamantas,
1409 2156 1504 2197 victi
1545 2155 1585 2192 hi

853 2226 949 2258 sunt
973 2234 994 2256 a
1014 2220 1055 2257 L.
1083 2218 1267 2257 Cornelio
1287 2217 1435 2265 Balbo,
1476 2213 1587 2253 cuius

852 2277 1108 2329 triumphum
1145 2277 1255 2315 Fasti
1290 2273 1503 2327 Capitolini
1536 2272 1587 2310 Vl

854 2336 942 2374 Kal.
962 2336 1086 2388 April.
1108 2349 1140 2374 a.
1160 2335 1242 2377 735
1265 2338 1504 2372 memorant.
1538 2331 1585 2368 (Γ.

855 2394 954 2434 Plin.
982 2395 1026 2442 V,
1053 2394 1091 2436 5.
1114 2394 1236 2432 Solin.
1256 2406 1289 2432 c.
1310 2395 1376 2433 31.
1438 2391 1482 2428 In
1513 2402 1587 2426 ex-

855 2459 985 2491 trema
1007 2452 1132 2503 igitur
1152 2452 1258 2490 vitae
1271 2448 1420 2501 Virgilii
1438 2448 1589 2486 ethaeo

855 2511 1056 2550 incidunt.
1099 2509 1199 2563 (vid.
1232 2509 1429 2560 quaedam
1460 2506 1587 2553 exiis,

858 2582 959 2620 quae
994 2569 1035 2606 in
1059 2568 1104 2606 V.
1132 2569 1174 2606 L.
1205 2568 1257 2606 ad
1288 2567 1358 2605 Ge.
1394 2565 1458 2614 IV,
1491 2567 1588 2607 203.

858 2627 1045 2666 excitavi.
1093 2624 1212 2678 IVr.)
1294 2638 1413 2674 super
1446 2622 1584 2668 Indos,

858 2691 1015 2736 spectat
1035 2685 1181 2735 partim
1196 2682 1247 2720 ad
1271 2682 1378 2733 signa
1401 2678 1588 2717 aPhraa-

857 2749 898 2780 te
919 2742 1076 2780 reddita
1099 2742 1144 2778 U.
1167 2742 1209 2778 C.
1229 2739 1334 2788 734,
1365 2738 1514 2791 partim
1537 2736 1588 2774 ad

858 2800 1051 2838 Indorum
1087 2798 1324 2850 legationem
1361 2797 1412 2835 ad
1448 2796 1589 2847 Augu-

857 2864 962 2896 stum
981 2857 1155 2904 missam,
1188 2870 1279 2894 cum
1298 2856 1340 2893 in
1363 2854 1479 2907 Syria
1496 2866 1589 2891 ver—

858 2922 1028 2965 saretur,
1059 2929 1099 2953 v.
1132 2914 1276 2953 Strabo
1304 2914 1403 2962 XV,
1436 2927 1475 2964 p.
1505 2913 1590 2954 719

859 2975 900 3014 C.
933 2974 979 3012 D.
1019 2972 1122 3012 adde
1153 2973 1263 3011 Dion.
1298 2971 1395 3022 LIV,
1428 2974 1466 3020 9,
1504 2982 1589 3021 sup.

1754 1878 1755 1894 μ
1753 1712 1756 1869 *mm*
1753 1630 1756 1701 *Α*
1754 1606 1755 1621 ‘⁴
1753 1399 1772 1595 †÷——
1754 1241 1771 1390 ——'†
1754 1069 1773 1222 ‘3—„—‘
1771 1038 1773 1050 ,
