1827 3436
498 266 1232 316 ADLIBRUMI
1528 280 1626 325 227

115 399 185 438 vix
214 396 350 451 possiS.
411 396 560 434 Parum
593 394 813 447 sapientem
840 408 1063 447 parumque
1107 409 1282 447 gnavum
1318 403 1475 448 poetam
1510 399 1627 449 diem,

114 457 183 508 qui
207 457 249 494 in
272 455 412 493 littore
432 454 571 492 Italiae
602 454 782 501 obiecto,
810 453 920 503 quod
942 453 1125 504 quotidie
1154 459 1215 492 tot
1248 455 1416 493 Romani
1442 457 1628 507 frequen-

113 519 269 561 tarent,
295 512 484 563 quodque
517 512 617 549 adeo
646 511 900 550 notissimum
930 518 1032 549 esset
1068 510 1178 564 (nam
1210 511 1324 549 aliter
1350 526 1412 550 res
1440 526 1479 550 se
1502 513 1629 552 habe-

112 578 177 611 ret
205 571 247 609 in
273 571 408 622 ignota
439 568 632 623 regione),
675 569 796 608 vellet
826 569 961 607 locum
993 569 1161 621 fingere,
1202 570 1270 621 qui
1306 570 1490 622 nuspiam
1520 579 1629 621 esset,

113 636 153 668 et
173 635 333 667 tantum
350 628 430 667 hoc
447 641 584 680 agere,
615 634 663 666 ut
691 627 826 665 locum
850 641 900 665 ex
922 628 1099 665 Homero
1128 627 1251 665 latine
1274 634 1536 667 converteret.
1569 631 1631 667 Si-

113 688 199 726 mili
219 687 378 726 ratione
398 685 681 739 Nympharum
710 691 872 723 antrum
903 686 1011 738 apud
1040 686 1262 724 Homerum
1293 686 1447 738 poetica
1473 687 1632 725 licentia

113 746 291 785 effictum
335 745 453 783 multi
494 745 682 792 voluere3
731 750 772 782 at
807 743 1002 781 habemus
1040 743 1288 782 Artemidori
1319 743 1477 795 Ephesii
1512 745 1632 783 fidem

114 804 223 856 apud
250 802 452 855 Porphyr.
476 803 525 841 de
549 803 594 841 A.
615 802 661 841 N.
687 816 772 854 cap.
803 803 842 850 4,
874 816 953 853 qua
981 808 1137 840 constat
1165 815 1307 840 verum
1337 801 1457 840 huius
1481 802 1632 841 descri-

112 861 262 915 ptionis
291 862 463 900 fundum
487 861 620 899 fuisse.
681 859 805 908 Quod
823 860 1039 912 descriptio
1064 874 1188 912 porro
1214 859 1292 897 loci
1312 874 1403 898 cum
1425 860 1506 898 situ
1535 875 1633 913 por-

114 927 180 960 tus
204 919 457 971 Carthaginis
484 932 613 957 novae
642 924 682 956 et
712 918 931 970 Neapoleos
961 919 1168 967 convenit,
1199 917 1242 955 id
1271 917 1418 956 mirum
1447 932 1529 955 non
1561 925 1633 966 est,

114 993 205 1017 cum
227 979 449 1016 multorum
470 984 664 1030 portuum
687 977 792 1014 idem
818 976 915 1015 situs
938 977 1007 1024 sit,
1039 976 1159 1027 idque
1190 990 1263 1028 pro
1295 976 1632 1027 p1·a‹=stantis‹imo

114 1037 229 1075 facile
249 1042 393 1089 portus
421 1048 563 1087 genere
580 1035 802 1082 habeatur,
839 1035 948 1085 quod
972 1034 1134 1072 obiectu
1157 1033 1310 1071 insulae
1341 1035 1530 1072 efficitur:
1560 1048 1634 1072 cu-

113 1095 290 1134 iusmodi
313 1094 474 1147 plurimi
501 1093 716 1131 memorari
737 1099 908 1144 possunt
925 1098 1080 1144 portus.
1112 1092 1218 1130 Talis
1237 1098 1323 1130 erat
1343 1091 1559 1140 Brundisii,
1585 1091 1634 1129 de

115 1167 194 1204 quo
219 1167 258 1191 v.
279 1154 428 1191 Lucan.
448 1152 494 1200 ΙΙ,
517 1155 598 1193 613
613 1175 665 1181 --
680 1155 774 1199 621,
795 1150 1073 1199 Alexandriae,
1095 1164 1132 1188 v.
1157 1150 1262 1188 Caes.
1285 1150 1328 1187 B.
1352 1150 1435 1188 Civ.
1454 1149 1521 1198 ΙΙΙ,
1541 1153 1632 1191 112.

112 1211 274 1249 Maneat
298 1212 454 1261 itaque,
487 1210 561 1248 etsi
591 1223 700 1247 nunc
732 1209 944 1259 ignoratur
964 1208 1110 1246 littoris
1138 1206 1258 1245 huius
1277 1208 1411 1259 Libyci
1441 1221 1536 1245 vera
1564 1221 1634 1245 ra—

115 1270 196 1317 tio,
227 1275 297 1307 aut
316 1269 525 1306 immutata
546 1273 605 1304 est
628 1267 711 1305 eius
732 1267 848 1304 facies
871 1267 1124 1304 naturalibus
1151 1265 1200 1303 de
1230 1266 1394 1313 caussis,
1425 1265 1634 1316 Virgilium

115 1334 251 1366 tamen
271 1327 357 1366 veri
386 1326 463 1364 loci
490 1326 608 1363 sitnm
640 1325 919 1373 adumbrasse,
952 1337 1194 1375 quamquam
1227 1323 1375 1360 additis
1402 1324 1507 1361 sorte
1530 1337 1633 1360 non-

116 1385 261 1432 nullis,
295 1397 398 1436 quae
424 1384 473 1421 ad
494 1383 689 1435 poeticam
713 1383 995 1421 amoenitatem
1016 1388 1053 1420 et
1072 1388 1261 1419 ornatum
1281 1382 1480 1430 facerent,
1511 1380 1633 1431 quod,

116 1450 163 1482 ut
179 1449 320 1495 poeta,
350 1450 460 1481 recte
475 1443 603 1480 facere
624 1442 770 1492 potuit.

233 1500 363 1551 Atque
387 1500 486 1538 haec
515 1513 564 1537 ne
592 1499 747 1550 Virgilii
774 1498 896 1549 magis
932 1496 1068 1534 studio
1090 1510 1209 1547 quam
1240 1496 1371 1547 aliqua
1390 1495 1477 1534 veri
1507 1494 1634 1546 specie

117 1559 307 1597 arbitrari
341 1559 577 1606 videamur,
631 1558 851 1602 Shavium,
901 1555 1174 1592 doctissimum
1217 1554 1371 1599 virum,
1429 1559 1635 1590 auctorem

117 1617 283 1655 laudare
323 1630 558 1668 possumuS,
606 1616 675 1666 qui
708 1615 876 1652 similem
912 1613 951 1650 in
986 1611 1304 1663 Carthaginiensi
1334 1612 1471 1649 littore
1502 1610 1635 1648 locum

119 1674 429 1727 deprehendisse
464 1673 538 1711 sibi
564 1673 674 1711 visus
711 1679 782 1711 est.
843 1672 885 1708 In
923 1671 1127 1708 Tunitano
1156 1670 1268 1717 sinu,
1311 1670 1353 1707 in
1383 1682 1462 1719 quo
1495 1667 1635 1705 eodem

119 1733 318 1784 Carthago
348 1733 442 1770 olim
468 1732 544 1770 suit
573 1731 669 1780 sita,
702 1731 808 1769 inter
842 1728 1121 1780 promontoria
1145 1727 1338 1779 Apollinis
1366 1733 1406 1763 et
1435 1725 1635 1771 Mercurii,

119 1805 293 1843 quorum
325 1790 404 1844 lioc
434 1789 618 1841 quidem,
649 1803 760 1826 nunc
795 1788 883 1837 Cap
917 1789 1030 1833 Bon,
1066 1786 1114 1822 ab
1150 1786 1333 1832 Oriente,
1375 1783 1497 1831 illud,
1530 1797 1636 1821 nunc

122 1851 210 1901 Cal)
235 1849 376 1886 Zcheeb
395 1849 460 1886 vel
485 1847 639 1895 Zeln'bi,
672 1848 720 1884 ab
744 1845 984 1893 Occidente,
1017 1844 1148 1882 sinum
1169 1843 1343 1890 claudit,
1384 1842 1424 1879 in
1458 1841 1536 1879 hoc
1556 1841 1636 1878 ita—

120 1921 195 1959 que
224 1908 336 1955 sinu,
378 1907 491 1945 cuius
523 1920 566 1943 os
592 1905 699 1943 inter
727 1905 807 1942 duo
837 1902 1116 1955 promontoria
1145 1901 1333 1940 undecim
1360 1900 1491 1937 leucas
1516 1905 1634 1951 patet,

120 1980 241 2018 supra
272 1967 482 2013 Misuam,
515 1977 653 2001 versus
685 1961 1009 2015 promontorium
1038 1959 1249 2007 Mercurii,
1291 1972 1361 1996 seu
1394 1957 1636 1995 Hermaeum

122 2023 230 2077 (Cap
262 2022 371 2076 Bon)
415 2023 566 2060 circum
596 2034 640 2058 ea
671 2022 781 2068 loca,
817 2020 856 2057 in
887 2019 1031 2070 quibus
1057 2019 1277 2070 Aquilaria
1314 2016 1407 2054 olim
1434 2015 1510 2053 suit
1547 2014 1635 2061 sita,

123 2081 249 2134 (nunc
266 2082 379 2120 vicus
398 2079 658 2118 Lowlmrealz
675 2110 685 2128 ,
717 2079 785 2130 qui
805 2092 926 2115 unam
945 2082 1102 2114 tantum
1134 2076 1288 2113 leucam
1307 2088 1329 2112 a
1358 2072 1636 2125 promontorio

121 2140 189 2177 illo
209 2138 336 2193 abest)
357 2153 376 2176 a
396 2139 532 2176 littore
552 2137 646 2175 inde
672 2150 796 2188 usque
828 2136 879 2174 ad
901 2136 1035 2174 vicum
1063 2133 1173 2172 hunc
1191 2146 1306 2170 mons
1333 2131 1536 2183 procedit,
1569 2129 1635 2180 qui

122 2204 234 2236 totus
255 2197 418 2235 effossus
440 2203 478 2234 et
498 2200 741 2241 excavatus,
774 2209 795 2232 a
827 2194 925 2232 mari
954 2192 1047 2231 inde
1078 2192 1129 2229 ad
1163 2191 1298 2229 vicum
1325 2190 1401 2227 iter
1428 2188 1636 2226 subterra·-

123 2269 242 2294 neum
274 2255 452 2307 praebet.
512 2255 627 2292 Patet
659 2254 764 2291 enim
796 2253 880 2300 via,
923 2251 973 2288 ad
999 2249 1174 2288 cuniculi
1195 2248 1383 2300 speciem,
1416 2259 1436 2283 a
1471 2246 1554 2282 solo
1585 2244 1637 2281 ad

123 2314 314 2352 verticem
349 2313 401 2350 ad
429 2312 571 2364 viginti
595 2312 659 2350 vel
688 2311 851 2362 triginta
886 2310 1024 2361 pedes,
1057 2307 1207 2345 relictis
1239 2319 1312 2357 per
1342 2303 1551 2342 intervalla
1586 2301 1637 2339 ad

124 2372 269 2410 montis
298 2372 443 2409 molem
469 2369 772 2408 sustentandam
809 2368 1005 2406 columnis
1033 2372 1072 2403 et
1103 2364 1274 2402 arcubus
1299 2376 1367 2400 seu
1397 2360 1636 2408 fornicibus,

125 2430 376 2482 spiramentis
403 2429 523 2466 etiam
544 2429 689 2480 passim
711 2440 779 2464 aer
799 2433 838 2464 et
857 2426 1012 2464 eoelum
1033 2424 1202 2474 desuper
1221 2419 1464 2458 admittitur.
1503 2418 1637 2456 Fuisse

124 2487 197 2525 has
217 2488 450 2540 lapicidinas
468 2485 798 2534 StraboniXVH,
830 2498 868 2536 p.
895 2486 1018 2531 1191,
1050 2481 1095 2519 A.
1125 2483 1476 2525 connnemoratas,
1509 2475 1637 2527 suspi—

126 2552 243 2584 catur
267 2546 372 2583 idem
398 2546 602 2590 .S'l1avms;
640 2551 770 2590 recte,
804 2554 967 2589 necne,
998 2553 1108 2578 nunc
1127 2552 1209 2576 non
1231 2537 1501 2588 disputamus,
1530 2533 1638 2571 unde

127 2603 345 2655 Carthago,
377 2604 511 2650 Utica,
544 2608 582 2640 et
603 2602 701 2640 aliae
717 2601 872 2640 vicinae
892 2599 1011 2638 urbes
1036 2596 1244 2635 materiam
1270 2599 1463 2646 peterent.
1525 2591 1637 2628 Mons

126 2663 209 2713 ipse
233 2662 332 2699 silva
353 2661 517 2699 obsitus,
578 2660 697 2698 Antri
720 2659 820 2698 ostia
844 2671 984 2696 versus
1007 2668 1116 2693 mare
1136 2659 1300 2706 patent,
1333 2652 1454 2700 iisque
1484 2649 1637 2686 obiecta

128 2727 186 2758 est
217 2719 455 2770 Aegimurus
488 2719 615 2756 insula
646 2717 713 2771 (de
746 2731 825 2768 qua
863 2730 948 2767 sup.
981 2714 1031 2751 ad
1059 2728 1096 2751 v.
1132 2712 1405 2754 108-112).
1466 2707 1508 2744 ῙΠ
1532 2705 1637 2743 antri

129 2778 240 2815 aditu
260 2778 392 2816 fontes
412 2778 566 2827 aliquot
584 2776 691 2814 inter
720 2788 841 2826 rupes
862 2776 1155 2825 prorumpunt3
1186 2769 1226 2806 in
1256 2771 1471 2818 prospectu
1494 2763 1637 2816 passim

129 2835 266 2873 sedilia
288 2849 308 2872 e
335 2836 428 2874 vivo
460 2849 556 2872 saxo
572 2864 581 2882 ‚
625 2834 769 2884 quibus
788 2845 932 2884 operae
961 2830 1055 2867 olim
1078 2830 1359 2880 pepercerant,
1393 2823 1487 2860 dum
1511 2827 1636 2858 cetera

129 2894 373 2931 exciderent.
442 2893 564 2931 Hunc
600 2893 733 2930 locum
774 2891 908 2940 itaque
947 2888 1124 2925 Shat’ins
1158 2883 1346 2937 (Davels
1385 2895 1423 2932 p.
1454 2880 1559 2940 159..
1589 2878 1635 2913 Cs-

128 2965 309 3002 mappam
337 2965 466 3002 geogr.
489 2950 540 2988 ad
565 2964 601 3001 p.
634 2949 731 3002 146)
763 2954 905 3000 poetae
937 2951 1030 2982 ante
1053 2943 1187 2982 oculos
1211 2941 1328 2979 fuisse
1356 2951 1436 2975 non
1468 2936 1637 2982 dub1tat‚

128 3009 225 3046 dum
247 3010 381 3046 locum
402 3008 676 3054 describebat,
708 3006 760 3044 ad
790 3018 909 3056 quem
930 3003 1080 3040 Aeneas
1099 2999 1265 3052 appulit.
1324 2995 1522 3033 Videntur
1546 3004 1637 3028 sane

1250 3063 1363 3110 15*
