<?xml version="1.0" encoding="UTF-8"?>
<!DOCTYPE html PUBLIC "-//W3C//DTD XHTML 1.0 Transitional//EN"
    "http://www.w3.org/TR/xhtml1/DTD/xhtml1-transitional.dtd">
<html xmlns="http://www.w3.org/1999/xhtml" xml:lang="en" lang="en">
 <head>
  <title>
</title>
<meta http-equiv="Content-Type" content="text/html;charset=utf-8" />
  <meta name='ocr-system' content='tesseract 3.04.00' />
  <meta name='ocr-capabilities' content='ocr_page ocr_carea ocr_par ocr_line ocrx_word'/>
</head>
<body>
  <div class='ocr_page' id='page_1' title='image "./publiusvirgilius02virguoft/publiusvirgilius02virguoft_0410.png"; bbox 0 0 1779 3420; ppageno 0'>
   <div class='ocr_carea' id='block_1_1' title="bbox 69 214 1224 271">
    <p class='ocr_par' dir='ltr' id='par_1_1' title="bbox 69 214 1224 271">
     <span class='ocr_line' id='line_1_1' title="bbox 69 214 1224 271; baseline -0.005 -2"><span class='ocrx_word' id='word_1_1' title='bbox 69 223 172 271; x_wconf 74' lang='lat'>402</span> <span class='ocrx_word' id='word_1_2' title='bbox 446 214 1224 266; x_wconf 61' lang='lat' dir='ltr'>EXCURSUSIII</span> 
     </span>
    </p>
   </div>
   <div class='ocr_carea' id='block_1_2' title="bbox 70 342 1605 3017">
    <p class='ocr_par' dir='ltr' id='par_1_2' title="bbox 70 342 1605 3017">
     <span class='ocr_line' id='line_1_2' title="bbox 70 342 1603 401; baseline -0.003 -13"><span class='ocrx_word' id='word_1_3' title='bbox 70 354 309 401; x_wconf 83' lang='lat' dir='ltr'>argumento</span> <span class='ocrx_word' id='word_1_4' title='bbox 345 353 426 396; x_wconf 88' lang='lat' dir='ltr'>est,</span> <span class='ocrx_word' id='word_1_5' title='bbox 469 347 619 385; x_wconf 85' lang='lat' dir='ltr'>multos</span> <span class='ocrx_word' id='word_1_6' title='bbox 651 359 701 383; x_wconf 82' lang='lat' dir='ltr'>ex</span> <span class='ocrx_word' id='word_1_7' title='bbox 732 342 1030 394; x_wconf 78' lang='lat' dir='ltr'>antiquioribus</span> <span class='ocrx_word' id='word_1_8' title='bbox 1059 344 1190 395; x_wconf 83' lang='lat' dir='ltr'>poetis</span> <span class='ocrx_word' id='word_1_9' title='bbox 1219 344 1261 382; x_wconf 91' lang='lat' dir='ltr'>in</span> <span class='ocrx_word' id='word_1_10' title='bbox 1292 358 1337 382; x_wconf 87' lang='lat' dir='ltr'>ea</span> <span class='ocrx_word' id='word_1_11' title='bbox 1368 345 1603 383; x_wconf 79' lang='lat' dir='ltr'>narratione</span> 
     </span>
     <span class='ocr_line' id='line_1_3' title="bbox 70 400 1603 458; baseline -0.004 -12"><span class='ocrx_word' id='word_1_12' title='bbox 70 407 255 446; x_wconf 87' lang='lat' dir='ltr'>ornanda</span> <span class='ocrx_word' id='word_1_13' title='bbox 284 420 447 458; x_wconf 78' lang='lat' dir='ltr'>operam</span> <span class='ocrx_word' id='word_1_14' title='bbox 487 406 711 444; x_wconf 83' lang='lat' dir='ltr'>collocasse.</span> <span class='ocrx_word' id='word_1_15' title='bbox 772 400 919 440; x_wconf 80' lang='lat' dir='ltr'>Heleni</span> <span class='ocrx_word' id='word_1_16' title='bbox 947 402 1113 440; x_wconf 89' lang='lat' dir='ltr'>consilio</span> <span class='ocrx_word' id='word_1_17' title='bbox 1149 403 1309 454; x_wconf 87' lang='lat' dir='ltr'>Equum</span> <span class='ocrx_word' id='word_1_18' title='bbox 1346 409 1603 442; x_wconf 74' lang='lat' dir='ltr'>exstructum</span> 
     </span>
     <span class='ocr_line' id='line_1_4' title="bbox 71 458 1603 515; baseline -0.003 -11"><span class='ocrx_word' id='word_1_19' title='bbox 71 479 176 515; x_wconf 86' lang='lat' dir='ltr'>esse,</span> <span class='ocrx_word' id='word_1_20' title='bbox 216 465 416 503; x_wconf 86' lang='lat' dir='ltr'>traditum</span> <span class='ocrx_word' id='word_1_21' title='bbox 458 465 507 501; x_wconf 89' lang='lat' dir='ltr'>ab</span> <span class='ocrx_word' id='word_1_22' title='bbox 549 463 654 501; x_wconf 83' lang='lat' dir='ltr'>aliis:</span> <span class='ocrx_word' id='word_1_23' title='bbox 706 475 745 498; x_wconf 87' lang='lat' dir='ltr'>v.</span> <span class='ocrx_word' id='word_1_24' title='bbox 774 461 928 497; x_wconf 88' lang='lat' dir='ltr'>Conon.</span> <span class='ocrx_word' id='word_1_25' title='bbox 967 458 1034 500; x_wconf 81' lang='lat'>34.</span> <span class='ocrx_word' id='word_1_26' title='bbox 1094 461 1149 498; x_wconf 91' lang='lat' dir='ltr'>At</span> <span class='ocrx_word' id='word_1_27' title='bbox 1185 461 1391 500; x_wconf 87' lang='lat' dir='ltr'>Minervae</span> <span class='ocrx_word' id='word_1_28' title='bbox 1431 462 1603 512; x_wconf 89' lang='lat' dir='ltr'>monitu,</span> 
     </span>
     <span class='ocr_line' id='line_1_5' title="bbox 71 513 1604 573; baseline -0.001 -10"><span class='ocrx_word' id='word_1_29' title='bbox 71 525 237 563; x_wconf 87' lang='lat' dir='ltr'>Proclus</span> <span class='ocrx_word' id='word_1_30' title='bbox 278 537 297 560; x_wconf 89' lang='lat' dir='ltr'>e</span> <span class='ocrx_word' id='word_1_31' title='bbox 338 523 536 561; x_wconf 86' lang='lat' dir='ltr'>Lescheo:</span> <span class='ocrx_word' id='word_1_32' title='bbox 589 519 658 559; x_wconf 82' lang='grc' dir='ltr'><em>καὶ</em></span> <span class='ocrx_word' id='word_1_33' title='bbox 693 514 856 565; x_wconf 70' lang='grc' dir='ltr'><em>Ἐπειὸς</em></span> <span class='ocrx_word' id='word_1_34' title='bbox 897 513 990 557; x_wconf 78' lang='grc' dir='ltr'><em>κατ’</em></span> <span class='ocrx_word' id='word_1_35' title='bbox 1029 514 1210 571; x_wconf 77' lang='grc' dir='ltr'><strong><em>Ἀθηνᾶς</em></strong></span> <span class='ocrx_word' id='word_1_36' title='bbox 1256 521 1496 573; x_wconf 83' lang='grc' dir='ltr'><em>προαίρεσιν</em></span> <span class='ocrx_word' id='word_1_37' title='bbox 1535 517 1604 561; x_wconf 76' lang='grc' dir='ltr'>τὸν</span> 
     </span>
     <span class='ocr_line' id='line_1_6' title="bbox 72 574 1602 636; baseline -0.005 -12"><span class='ocrx_word' id='word_1_38' title='bbox 72 580 276 636; x_wconf 77' lang='grc' dir='ltr'><em>Δούρειον</em></span> <span class='ocrx_word' id='word_1_39' title='bbox 303 582 431 621; x_wconf 74' lang='grc' dir='ltr'><em>ἵππον</em></span> <span class='ocrx_word' id='word_1_40' title='bbox 462 574 762 625; x_wconf 71' lang='grc' dir='ltr'><em>κατασκευάζει.</em></span> <span class='ocrx_word' id='word_1_41' title='bbox 820 576 995 628; x_wconf 87' lang='lat' dir='ltr'>Panopei</span> <span class='ocrx_word' id='word_1_42' title='bbox 1024 575 1090 614; x_wconf 90' lang='lat' dir='ltr'>ille</span> <span class='ocrx_word' id='word_1_43' title='bbox 1120 577 1240 626; x_wconf 87' lang='lat' dir='ltr'>filius,</span> <span class='ocrx_word' id='word_1_44' title='bbox 1272 577 1499 628; x_wconf 85' lang='lat' dir='ltr'><strong>Phocensis,</strong></span> <span class='ocrx_word' id='word_1_45' title='bbox 1531 591 1602 630; x_wconf 88' lang='lat' dir='ltr'>ge-</span> 
     </span>
     <span class='ocr_line' id='line_1_7' title="bbox 71 634 1602 687; baseline -0.003 -8"><span class='ocrx_word' id='word_1_46' title='bbox 71 655 148 679; x_wconf 90' lang='lat' dir='ltr'>nus</span> <span class='ocrx_word' id='word_1_47' title='bbox 178 641 227 678; x_wconf 89' lang='lat' dir='ltr'>ab</span> <span class='ocrx_word' id='word_1_48' title='bbox 259 639 386 678; x_wconf 88' lang='lat' dir='ltr'>Aeaco</span> <span class='ocrx_word' id='word_1_49' title='bbox 420 638 612 677; x_wconf 84' lang='lat' dir='ltr'>ducebat:</span> <span class='ocrx_word' id='word_1_50' title='bbox 654 649 694 673; x_wconf 80' lang='lat' dir='ltr'>v.</span> <span class='ocrx_word' id='word_1_51' title='bbox 731 635 901 672; x_wconf 86' lang='lat' dir='ltr'>Pausan.</span> <span class='ocrx_word' id='word_1_52' title='bbox 932 634 981 683; x_wconf 80' lang='grc' dir='ltr'>ΙΙ,</span> <span class='ocrx_word' id='word_1_53' title='bbox 1013 637 1080 676; x_wconf 79' lang='grc'>29.</span> <span class='ocrx_word' id='word_1_54' title='bbox 1110 649 1148 687; x_wconf 91' lang='lat' dir='ltr'>p.</span> <span class='ocrx_word' id='word_1_55' title='bbox 1182 638 1277 677; x_wconf 85' lang='lat'>178.</span> <span class='ocrx_word' id='word_1_56' title='bbox 1310 636 1420 674; x_wconf 89' lang='lat' dir='ltr'>unde</span> <span class='ocrx_word' id='word_1_57' title='bbox 1449 636 1602 675; x_wconf 86' lang='lat' dir='ltr'>intelli-</span> 
     </span>
     <span class='ocr_line' id='line_1_8' title="bbox 71 693 1602 751; baseline -0.003 -14"><span class='ocrx_word' id='word_1_58' title='bbox 71 713 144 751; x_wconf 83' lang='lat' dir='ltr'>go,</span> <span class='ocrx_word' id='word_1_59' title='bbox 190 698 394 750; x_wconf 88' lang='lat' dir='ltr'>quomodo</span> <span class='ocrx_word' id='word_1_60' title='bbox 429 697 494 734; x_wconf 89' lang='lat' dir='ltr'>ille</span> <span class='ocrx_word' id='word_1_61' title='bbox 525 694 726 745; x_wconf 76' lang='grc' dir='ltr'><em>Αἰακίὸης</em></span> <span class='ocrx_word' id='word_1_62' title='bbox 755 693 979 744; x_wconf 85' lang='lat' dir='ltr'>appellatus</span> <span class='ocrx_word' id='word_1_63' title='bbox 1011 693 1062 731; x_wconf 85' lang='lat' dir='ltr'>sit</span> <span class='ocrx_word' id='word_1_64' title='bbox 1080 694 1190 745; x_wconf 86' lang='lat' dir='ltr'>apud</span> <span class='ocrx_word' id='word_1_65' title='bbox 1212 695 1400 732; x_wconf 85' lang='lat' dir='ltr'>Tzetzam</span> <span class='ocrx_word' id='word_1_66' title='bbox 1420 695 1462 733; x_wconf 92' lang='lat' dir='ltr'>in</span> <span class='ocrx_word' id='word_1_67' title='bbox 1485 696 1602 733; x_wconf 90' lang='lat' dir='ltr'>Post-</span> 
     </span>
     <span class='ocr_line' id='line_1_9' title="bbox 70 751 1601 807; baseline -0.003 -11"><span class='ocrx_word' id='word_1_68' title='bbox 70 757 180 796; x_wconf 87' lang='lat' dir='ltr'>hom.</span> <span class='ocrx_word' id='word_1_69' title='bbox 214 759 309 798; x_wconf 80' lang='lat'>632.</span> <span class='ocrx_word' id='word_1_70' title='bbox 349 755 399 793; x_wconf 86' lang='lat' dir='ltr'>ad</span> <span class='ocrx_word' id='word_1_71' title='bbox 430 767 549 805; x_wconf 87' lang='lat' dir='ltr'>quem</span> <span class='ocrx_word' id='word_1_72' title='bbox 577 753 709 790; x_wconf 81' lang='lat' dir='ltr'>locuni</span> <span class='ocrx_word' id='word_1_73' title='bbox 743 752 817 789; x_wconf 86' lang='lat' dir='ltr'>alia</span> <span class='ocrx_word' id='word_1_74' title='bbox 849 751 898 789; x_wconf 86' lang='lat' dir='ltr'>de</span> <span class='ocrx_word' id='word_1_75' title='bbox 940 764 986 789; x_wconf 86' lang='lat' dir='ltr'>eo</span> <span class='ocrx_word' id='word_1_76' title='bbox 1022 752 1182 790; x_wconf 87' lang='lat' dir='ltr'>notavit</span> <span class='ocrx_word' id='word_1_77' title='bbox 1216 753 1364 792; x_wconf 81' lang='lat' dir='ltr'>Iacobs.</span> <span class='ocrx_word' id='word_1_78' title='bbox 1402 751 1533 807; x_wconf 88' lang='lat' dir='ltr'>(nunc</span> <span class='ocrx_word' id='word_1_79' title='bbox 1563 767 1601 792; x_wconf 87' lang='lat' dir='ltr'>v.</span> 
     </span>
     <span class='ocr_line' id='line_1_10' title="bbox 72 809 1601 864; baseline -0.003 -10"><span class='ocrx_word' id='word_1_80' title='bbox 72 816 186 854; x_wconf 91' lang='lat' dir='ltr'>Obss.</span> <span class='ocrx_word' id='word_1_81' title='bbox 210 815 261 852; x_wconf 87' lang='lat' dir='ltr'>ad</span> <span class='ocrx_word' id='word_1_82' title='bbox 283 813 392 852; x_wconf 85' lang='lat' dir='ltr'>Iliad.</span> <span class='ocrx_word' id='word_1_83' title='bbox 423 823 470 862; x_wconf 84' lang='grc' dir='ltr'>ψ,</span> <span class='ocrx_word' id='word_1_84' title='bbox 506 810 603 860; x_wconf 77' lang='lat'>654,</span> <span class='ocrx_word' id='word_1_85' title='bbox 635 810 705 848; x_wconf 87' lang='lat' dir='ltr'>ubi</span> <span class='ocrx_word' id='word_1_86' title='bbox 727 810 794 847; x_wconf 88' lang='lat' dir='ltr'>ille</span> <span class='ocrx_word' id='word_1_87' title='bbox 816 809 953 862; x_wconf 78' lang='lat' dir='ltr'>prodit</span> <span class='ocrx_word' id='word_1_88' title='bbox 980 810 1163 862; x_wconf 74' lang='lat' dir='ltr'>pugilatu</span> <span class='ocrx_word' id='word_1_89' title='bbox 1186 817 1439 849; x_wconf 71' lang='lat' dir='ltr'>certaturus:</span> <span class='ocrx_word' id='word_1_90' title='bbox 1469 817 1518 849; x_wconf 90' lang='lat' dir='ltr'>ut</span> <span class='ocrx_word' id='word_1_91' title='bbox 1539 825 1601 864; x_wconf 86' lang='lat' dir='ltr'>ap.</span> 
     </span>
     <span class='ocr_line' id='line_1_11' title="bbox 79 868 1604 922; baseline -0.003 -10"><span class='ocrx_word' id='word_1_92' title='bbox 79 874 279 922; x_wconf 87' lang='lat' dir='ltr'>Quintum</span> <span class='ocrx_word' id='word_1_93' title='bbox 312 872 376 921; x_wconf 87' lang='lat' dir='ltr'>IV,</span> <span class='ocrx_word' id='word_1_94' title='bbox 409 872 491 912; x_wconf 72' lang='lat'>324</span> <span class='ocrx_word' id='word_1_95' title='bbox 524 883 582 920; x_wconf 86' lang='lat' dir='ltr'>sq.</span> <span class='ocrx_word' id='word_1_96' title='bbox 643 868 765 920; x_wconf 86' lang='lat' dir='ltr'>Apud</span> <span class='ocrx_word' id='word_1_97' title='bbox 793 868 985 906; x_wconf 86' lang='lat' dir='ltr'>Lanzium</span> <span class='ocrx_word' id='word_1_98' title='bbox 1008 869 1120 907; x_wconf 84' lang='lat' dir='ltr'>Toni.</span> <span class='ocrx_word' id='word_1_99' title='bbox 1154 869 1188 907; x_wconf 94' lang='grc' dir='ltr'>ΙΙ</span> <span class='ocrx_word' id='word_1_100' title='bbox 1211 883 1248 921; x_wconf 89' lang='lat' dir='ltr'>p.</span> <span class='ocrx_word' id='word_1_101' title='bbox 1271 872 1354 911; x_wconf 81' lang='lat'>223</span> <span class='ocrx_word' id='word_1_102' title='bbox 1380 876 1520 922; x_wconf 85' lang='lat' dir='ltr'>patera</span> <span class='ocrx_word' id='word_1_103' title='bbox 1545 875 1604 907; x_wconf 89' lang='lat' dir='ltr'>est</span> 
     </span>
     <span class='ocr_line' id='line_1_12' title="bbox 74 926 1604 981; baseline -0.003 -11"><span class='ocrx_word' id='word_1_104' title='bbox 74 934 264 981; x_wconf 87' lang='lat' dir='ltr'>Etrusca,</span> <span class='ocrx_word' id='word_1_105' title='bbox 313 930 354 968; x_wconf 87' lang='lat' dir='ltr'>in</span> <span class='ocrx_word' id='word_1_106' title='bbox 389 942 465 979; x_wconf 86' lang='lat' dir='ltr'>qua</span> <span class='ocrx_word' id='word_1_107' title='bbox 506 928 613 979; x_wconf 85' lang='lat' dir='ltr'>Epeo</span> <span class='ocrx_word' id='word_1_108' title='bbox 645 927 782 964; x_wconf 78' lang='lat' dir='ltr'>adstat</span> <span class='ocrx_word' id='word_1_109' title='bbox 811 927 1036 975; x_wconf 82' lang='lat' dir='ltr'>Vulcanus,</span> <span class='ocrx_word' id='word_1_110' title='bbox 1080 926 1161 965; x_wconf 90' lang='lat' dir='ltr'>tab.</span> <span class='ocrx_word' id='word_1_111' title='bbox 1192 928 1277 976; x_wconf 85' lang='lat' dir='ltr'>Xll,</span> <span class='ocrx_word' id='word_1_112' title='bbox 1309 926 1365 981; x_wconf 86' lang='lat'>3.)</span> <span class='ocrx_word' id='word_1_113' title='bbox 1429 928 1472 967; x_wconf 91' lang='lat' dir='ltr'>ln</span> <span class='ocrx_word' id='word_1_114' title='bbox 1495 928 1604 980; x_wconf 87' lang='lat' dir='ltr'>Try-</span> 
     </span>
     <span class='ocr_line' id='line_1_13' title="bbox 72 984 1603 1043; baseline -0.003 -15"><span class='ocrx_word' id='word_1_115' title='bbox 72 989 271 1043; x_wconf 89' lang='lat' dir='ltr'>phiodoro</span> <span class='ocrx_word' id='word_1_116' title='bbox 302 1002 341 1026; x_wconf 91' lang='lat' dir='ltr'>v.</span> <span class='ocrx_word' id='word_1_117' title='bbox 375 990 442 1028; x_wconf 87' lang='grc'>61.</span> <span class='ocrx_word' id='word_1_118' title='bbox 473 992 512 1023; x_wconf 89' lang='lat' dir='ltr'>et</span> <span class='ocrx_word' id='word_1_119' title='bbox 553 987 595 1023; x_wconf 91' lang='lat' dir='ltr'>in</span> <span class='ocrx_word' id='word_1_120' title='bbox 632 985 810 1024; x_wconf 90' lang='lat' dir='ltr'>Petronii</span> <span class='ocrx_word' id='word_1_121' title='bbox 848 984 977 1023; x_wconf 90' lang='lat' dir='ltr'>halosi</span> <span class='ocrx_word' id='word_1_122' title='bbox 1015 986 1159 1023; x_wconf 80' lang='lat' dir='ltr'>Troiae</span> <span class='ocrx_word' id='word_1_123' title='bbox 1191 985 1437 1024; x_wconf 85' lang='lat' dir='ltr'>rhetoricam</span> <span class='ocrx_word' id='word_1_124' title='bbox 1474 986 1603 1024; x_wconf 87' lang='lat' dir='ltr'>ambi—</span> 
     </span>
     <span class='ocr_line' id='line_1_14' title="bbox 74 1043 1603 1096; baseline -0.004 -9"><span class='ocrx_word' id='word_1_125' title='bbox 74 1050 223 1087; x_wconf 87' lang='lat' dir='ltr'>tionem</span> <span class='ocrx_word' id='word_1_126' title='bbox 253 1046 366 1084; x_wconf 89' lang='lat' dir='ltr'>sacile</span> <span class='ocrx_word' id='word_1_127' title='bbox 397 1058 598 1096; x_wconf 79' lang='lat' dir='ltr'>agnoscas.</span> <span class='ocrx_word' id='word_1_128' title='bbox 659 1044 839 1096; x_wconf 83' lang='lat' dir='ltr'>Ineptior</span> <span class='ocrx_word' id='word_1_129' title='bbox 869 1049 1006 1081; x_wconf 86' lang='lat' dir='ltr'>tamen</span> <span class='ocrx_word' id='word_1_130' title='bbox 1038 1043 1361 1096; x_wconf 81' lang='lat' dir='ltr'>TryphiodoruS.</span> <span class='ocrx_word' id='word_1_131' title='bbox 1422 1044 1603 1096; x_wconf 82' lang='lat' dir='ltr'>Operum</span> 
     </span>
     <span class='ocr_line' id='line_1_15' title="bbox 73 1099 1602 1153; baseline -0.001 -9"><span class='ocrx_word' id='word_1_132' title='bbox 73 1106 362 1145; x_wconf 81' lang='lat' dir='ltr'>nonnullorum</span> <span class='ocrx_word' id='word_1_133' title='bbox 392 1103 540 1142; x_wconf 84' lang='lat' dir='ltr'>veteris</span> <span class='ocrx_word' id='word_1_134' title='bbox 571 1102 670 1140; x_wconf 82' lang='lat' dir='ltr'>artis</span> <span class='ocrx_word' id='word_1_135' title='bbox 693 1108 977 1153; x_wconf 81' lang='lat' dir='ltr'>argumentum</span> <span class='ocrx_word' id='word_1_136' title='bbox 1009 1102 1085 1140; x_wconf 88' lang='lat' dir='ltr'>suit</span> <span class='ocrx_word' id='word_1_137' title='bbox 1108 1102 1174 1140; x_wconf 84' lang='lat' dir='ltr'>hic</span> <span class='ocrx_word' id='word_1_138' title='bbox 1193 1102 1300 1140; x_wconf 89' lang='lat' dir='ltr'>idem</span> <span class='ocrx_word' id='word_1_139' title='bbox 1328 1104 1463 1153; x_wconf 83' lang='lat' dir='ltr'>Equus</span> <span class='ocrx_word' id='word_1_140' title='bbox 1486 1099 1602 1143; x_wconf 77' lang='grc' dir='ltr'><em>Δού-</em></span> 
     </span>
     <span class='ocr_line' id='line_1_16' title="bbox 71 1158 1602 1219; baseline -0.003 -16"><span class='ocrx_word' id='word_1_141' title='bbox 71 1181 179 1219; x_wconf 81' lang='grc' dir='ltr'><em>ρειος</em></span> <span class='ocrx_word' id='word_1_142' title='bbox 210 1164 272 1202; x_wconf 89' lang='lat' dir='ltr'>vel</span> <span class='ocrx_word' id='word_1_143' title='bbox 298 1158 552 1213; x_wconf 60' lang='lat' dir='ltr'>onQchsog:</span> <span class='ocrx_word' id='word_1_144' title='bbox 588 1167 632 1198; x_wconf 89' lang='lat' dir='ltr'>ut</span> <span class='ocrx_word' id='word_1_145' title='bbox 662 1161 703 1198; x_wconf 93' lang='lat' dir='ltr'>in</span> <span class='ocrx_word' id='word_1_146' title='bbox 731 1174 821 1198; x_wconf 85' lang='lat' dir='ltr'>arce</span> <span class='ocrx_word' id='word_1_147' title='bbox 853 1159 1106 1198; x_wconf 85' lang='lat' dir='ltr'>Athenarum</span> <span class='ocrx_word' id='word_1_148' title='bbox 1137 1174 1187 1198; x_wconf 70' lang='lat' dir='ltr'>ex</span> <span class='ocrx_word' id='word_1_149' title='bbox 1219 1174 1334 1210; x_wconf 87' lang='lat' dir='ltr'>aere,</span> <span class='ocrx_word' id='word_1_150' title='bbox 1367 1161 1476 1213; x_wconf 84' lang='lat' dir='ltr'>apud</span> <span class='ocrx_word' id='word_1_151' title='bbox 1495 1162 1602 1199; x_wconf 80' lang='lat' dir='ltr'>Pau—</span> 
     </span>
     <span class='ocr_line' id='line_1_17' title="bbox 72 1218 1602 1273; baseline -0.003 -12"><span class='ocrx_word' id='word_1_152' title='bbox 72 1237 155 1261; x_wconf 89' lang='lat' dir='ltr'>san.</span> <span class='ocrx_word' id='word_1_153' title='bbox 188 1222 215 1270; x_wconf 90' lang='lat' dir='ltr'>I,</span> <span class='ocrx_word' id='word_1_154' title='bbox 247 1224 301 1264; x_wconf 73' lang='lat'>23</span> <span class='ocrx_word' id='word_1_155' title='bbox 334 1220 445 1273; x_wconf 84' lang='lat' dir='ltr'>(add.</span> <span class='ocrx_word' id='word_1_156' title='bbox 480 1218 611 1257; x_wconf 85' lang='lat' dir='ltr'>Schol.</span> <span class='ocrx_word' id='word_1_157' title='bbox 644 1218 853 1271; x_wconf 89' lang='lat' dir='ltr'>Aristoph.</span> <span class='ocrx_word' id='word_1_158' title='bbox 886 1219 960 1257; x_wconf 88' lang='lat' dir='ltr'>Av.</span> <span class='ocrx_word' id='word_1_159' title='bbox 999 1221 1126 1262; x_wconf 79' lang='lat'>1128.</span> <span class='ocrx_word' id='word_1_160' title='bbox 1169 1220 1236 1257; x_wconf 86' lang='lat' dir='ltr'>ubi</span> <span class='ocrx_word' id='word_1_161' title='bbox 1271 1225 1312 1258; x_wconf 89' lang='lat' dir='ltr'>et</span> <span class='ocrx_word' id='word_1_162' title='bbox 1341 1220 1485 1257; x_wconf 87' lang='lat' dir='ltr'>titulus</span> <span class='ocrx_word' id='word_1_163' title='bbox 1516 1232 1602 1256; x_wconf 86' lang='grc'>1116-</span> 
     </span>
     <span class='ocr_line' id='line_1_18' title="bbox 72 1274 1601 1331; baseline -0.001 -12"><span class='ocrx_word' id='word_1_164' title='bbox 72 1286 255 1319; x_wconf 88' lang='lat' dir='ltr'>moratur</span> <span class='ocrx_word' id='word_1_165' title='bbox 286 1279 523 1331; x_wconf 85' lang='lat' dir='ltr'>inscriptus:</span> <span class='ocrx_word' id='word_1_166' title='bbox 566 1277 826 1331; x_wconf 79' lang='grc' dir='ltr'><em>Χαιρέδημος</em></span> <span class='ocrx_word' id='word_1_167' title='bbox 859 1274 1094 1331; x_wconf 72' lang='grc' dir='ltr'><em>Εὐαγγέλου</em></span> <span class='ocrx_word' id='word_1_168' title='bbox 1126 1278 1170 1317; x_wconf 79' lang='grc' dir='ltr'>ἐκ</span> <span class='ocrx_word' id='word_1_169' title='bbox 1214 1280 1368 1329; x_wconf 75' lang='grc' dir='ltr'><em>Κοίλης</em></span> <span class='ocrx_word' id='word_1_170' title='bbox 1408 1274 1601 1330; x_wconf 67' lang='grc' dir='ltr'>ἀνέθηκε,</span> 
     </span>
     <span class='ocr_line' id='line_1_19' title="bbox 71 1335 1602 1391; baseline -0.001 -15"><span class='ocrx_word' id='word_1_171' title='bbox 71 1353 171 1391; x_wconf 90' lang='lat' dir='ltr'>quae</span> <span class='ocrx_word' id='word_1_172' title='bbox 215 1338 293 1376; x_wconf 86' lang='lat' dir='ltr'>fuit</span> <span class='ocrx_word' id='word_1_173' title='bbox 332 1337 445 1376; x_wconf 84' lang='lat' dir='ltr'>haud</span> <span class='ocrx_word' id='word_1_174' title='bbox 486 1337 602 1387; x_wconf 77' lang='lat' dir='ltr'>longe</span> <span class='ocrx_word' id='word_1_175' title='bbox 634 1350 655 1373; x_wconf 88' lang='lat' dir='ltr'>a</span> <span class='ocrx_word' id='word_1_176' title='bbox 701 1336 929 1374; x_wconf 83' lang='lat' dir='ltr'>Ceramico:</span> <span class='ocrx_word' id='word_1_177' title='bbox 977 1349 1014 1374; x_wconf 82' lang='lat' dir='ltr'>v.</span> <span class='ocrx_word' id='word_1_178' title='bbox 1057 1335 1108 1373; x_wconf 86' lang='lat' dir='ltr'>ad</span> <span class='ocrx_word' id='word_1_179' title='bbox 1151 1335 1350 1374; x_wconf 86' lang='lat' dir='ltr'>Herodot.</span> <span class='ocrx_word' id='word_1_180' title='bbox 1388 1336 1464 1385; x_wconf 89' lang='lat' dir='ltr'>VI,</span> <span class='ocrx_word' id='word_1_181' title='bbox 1508 1339 1602 1377; x_wconf 84' lang='lat'>103.</span> 
     </span>
     <span class='ocr_line' id='line_1_20' title="bbox 71 1392 1604 1449; baseline -0.003 -13"><span class='ocrx_word' id='word_1_182' title='bbox 71 1412 108 1449; x_wconf 92' lang='lat' dir='ltr'>p.</span> <span class='ocrx_word' id='word_1_183' title='bbox 148 1395 261 1449; x_wconf 79' lang='lat'>486.)</span> <span class='ocrx_word' id='word_1_184' title='bbox 311 1403 351 1434; x_wconf 86' lang='lat' dir='ltr'>et</span> <span class='ocrx_word' id='word_1_185' title='bbox 395 1396 436 1433; x_wconf 91' lang='lat' dir='ltr'>in</span> <span class='ocrx_word' id='word_1_186' title='bbox 482 1395 708 1445; x_wconf 65' lang='lat' dir='ltr'>Polygnoti</span> <span class='ocrx_word' id='word_1_187' title='bbox 745 1394 887 1432; x_wconf 76' lang='lat' dir='ltr'>tabula</span> <span class='ocrx_word' id='word_1_188' title='bbox 935 1392 1044 1446; x_wconf 86' lang='lat' dir='ltr'>apud</span> <span class='ocrx_word' id='word_1_189' title='bbox 1095 1393 1270 1446; x_wconf 85' lang='lat' dir='ltr'>Delphos</span> <span class='ocrx_word' id='word_1_190' title='bbox 1308 1394 1404 1432; x_wconf 88' lang='lat' dir='ltr'>ibid.</span> <span class='ocrx_word' id='word_1_191' title='bbox 1445 1395 1506 1444; x_wconf 87' lang='lat' dir='ltr'>X,</span> <span class='ocrx_word' id='word_1_192' title='bbox 1547 1396 1604 1435; x_wconf 78' lang='lat'>26</span> 
     </span>
     <span class='ocr_line' id='line_1_21' title="bbox 72 1451 1603 1509; baseline -0.002 -16"><span class='ocrx_word' id='word_1_193' title='bbox 72 1454 208 1509; x_wconf 88' lang='lat' dir='ltr'>(quem</span> <span class='ocrx_word' id='word_1_194' title='bbox 240 1455 364 1492; x_wconf 86' lang='lat' dir='ltr'>simile</span> <span class='ocrx_word' id='word_1_195' title='bbox 397 1459 680 1505; x_wconf 71' lang='lat' dir='ltr'>argumentum</span> <span class='ocrx_word' id='word_1_196' title='bbox 710 1451 882 1491; x_wconf 83' lang='lat' dir='ltr'>Athenis</span> <span class='ocrx_word' id='word_1_197' title='bbox 924 1452 968 1490; x_wconf 92' lang='lat' dir='ltr'>in</span> <span class='ocrx_word' id='word_1_198' title='bbox 1008 1452 1163 1490; x_wconf 79' lang='lat' dir='ltr'>Poecile</span> <span class='ocrx_word' id='word_1_199' title='bbox 1203 1452 1379 1504; x_wconf 75' lang='lat' dir='ltr'>pinxisse</span> <span class='ocrx_word' id='word_1_200' title='bbox 1415 1466 1465 1490; x_wconf 76' lang='lat' dir='ltr'>ex</span> <span class='ocrx_word' id='word_1_201' title='bbox 1506 1452 1603 1490; x_wconf 90' lang='lat' dir='ltr'>Plu-</span> 
     </span>
     <span class='ocr_line' id='line_1_22' title="bbox 71 1506 1602 1563; baseline 0 -12"><span class='ocrx_word' id='word_1_202' title='bbox 71 1513 214 1552; x_wconf 85' lang='lat' dir='ltr'>tarcho</span> <span class='ocrx_word' id='word_1_203' title='bbox 253 1513 292 1550; x_wconf 92' lang='lat' dir='ltr'>in</span> <span class='ocrx_word' id='word_1_204' title='bbox 333 1512 509 1550; x_wconf 84' lang='lat' dir='ltr'>Cimonis</span> <span class='ocrx_word' id='word_1_205' title='bbox 546 1512 636 1550; x_wconf 79' lang='lat' dir='ltr'>Vita</span> <span class='ocrx_word' id='word_1_206' title='bbox 680 1526 717 1563; x_wconf 88' lang='lat' dir='ltr'>p.</span> <span class='ocrx_word' id='word_1_207' title='bbox 752 1512 833 1553; x_wconf 75' lang='grc'>481</span> <span class='ocrx_word' id='word_1_208' title='bbox 869 1509 902 1548; x_wconf 90' lang='grc' dir='ltr'><strong>Α</strong></span> <span class='ocrx_word' id='word_1_209' title='bbox 940 1517 1130 1562; x_wconf 86' lang='lat' dir='ltr'>apparet,</span> <span class='ocrx_word' id='word_1_210' title='bbox 1174 1512 1245 1549; x_wconf 81' lang='lat' dir='ltr'>ubi</span> <span class='ocrx_word' id='word_1_211' title='bbox 1273 1508 1345 1560; x_wconf 75' lang='grc' dir='ltr'>τοὶς</span> <span class='ocrx_word' id='word_1_212' title='bbox 1393 1506 1602 1563; x_wconf 75' lang='grc' dir='ltr'><em>Τρωάδας,</em></span> 
     </span>
     <span class='ocr_line' id='line_1_23' title="bbox 72 1569 1602 1621; baseline -0.002 -12"><span class='ocrx_word' id='word_1_213' title='bbox 72 1579 112 1609; x_wconf 91' lang='lat' dir='ltr'>et</span> <span class='ocrx_word' id='word_1_214' title='bbox 142 1573 247 1610; x_wconf 88' lang='lat' dir='ltr'>inter</span> <span class='ocrx_word' id='word_1_215' title='bbox 279 1585 342 1609; x_wconf 87' lang='lat' dir='ltr'>eas</span> <span class='ocrx_word' id='word_1_216' title='bbox 372 1570 572 1608; x_wconf 81' lang='lat' dir='ltr'>Laodicen</span> <span class='ocrx_word' id='word_1_217' title='bbox 603 1570 655 1607; x_wconf 82' lang='lat' dir='ltr'>ad</span> <span class='ocrx_word' id='word_1_218' title='bbox 688 1576 843 1607; x_wconf 86' lang='lat' dir='ltr'>amatae</span> <span class='ocrx_word' id='word_1_219' title='bbox 875 1569 950 1607; x_wconf 86' lang='lat' dir='ltr'>sibi</span> <span class='ocrx_word' id='word_1_220' title='bbox 980 1569 1179 1620; x_wconf 88' lang='lat' dir='ltr'>Elpinices</span> <span class='ocrx_word' id='word_1_221' title='bbox 1210 1569 1401 1621; x_wconf 86' lang='lat' dir='ltr'>speciem,</span> <span class='ocrx_word' id='word_1_222' title='bbox 1433 1582 1602 1620; x_wconf 80' lang='lat' dir='ltr'>expres-</span> 
     </span>
     <span class='ocr_line' id='line_1_24' title="bbox 72 1627 1603 1681; baseline -0.003 -13"><span class='ocrx_word' id='word_1_223' title='bbox 72 1631 164 1668; x_wconf 88' lang='lat' dir='ltr'>sisse</span> <span class='ocrx_word' id='word_1_224' title='bbox 199 1627 478 1681; x_wconf 79' lang='lat' dir='ltr'>memoratur),</span> <span class='ocrx_word' id='word_1_225' title='bbox 517 1628 561 1666; x_wconf 92' lang='grc'>111</span> <span class='ocrx_word' id='word_1_226' title='bbox 600 1642 679 1679; x_wconf 84' lang='lat' dir='ltr'>qua</span> <span class='ocrx_word' id='word_1_227' title='bbox 713 1629 843 1680; x_wconf 87' lang='lat' dir='ltr'>Epeus</span> <span class='ocrx_word' id='word_1_228' title='bbox 883 1627 1087 1665; x_wconf 74' lang='lat' dir='ltr'>exhibitus</span> <span class='ocrx_word' id='word_1_229' title='bbox 1130 1634 1218 1665; x_wconf 87' lang='lat' dir='ltr'>erat</span> <span class='ocrx_word' id='word_1_230' title='bbox 1256 1627 1415 1676; x_wconf 86' lang='lat' dir='ltr'>nudus,</span> <span class='ocrx_word' id='word_1_231' title='bbox 1458 1627 1603 1665; x_wconf 86' lang='lat' dir='ltr'>Troiae</span> 
     </span>
     <span class='ocr_line' id='line_1_25' title="bbox 73 1681 1605 1739; baseline 0.001 -14"><span class='ocrx_word' id='word_1_232' title='bbox 73 1702 237 1727; x_wconf 86' lang='lat' dir='ltr'>murum</span> <span class='ocrx_word' id='word_1_233' title='bbox 277 1688 361 1726; x_wconf 92' lang='lat' dir='ltr'>solo</span> <span class='ocrx_word' id='word_1_234' title='bbox 405 1700 602 1737; x_wconf 81' lang='lat' dir='ltr'>aequanS,</span> <span class='ocrx_word' id='word_1_235' title='bbox 649 1683 917 1738; x_wconf 76' lang='grc' dir='ltr'><em>καταβάλλων</em></span> <span class='ocrx_word' id='word_1_236' title='bbox 952 1686 1009 1733; x_wconf 73' lang='grc' dir='ltr'>εἰς</span> <span class='ocrx_word' id='word_1_237' title='bbox 1051 1684 1206 1736; x_wconf 76' lang='grc' dir='ltr'><em>ἔδαφος</em></span> <span class='ocrx_word' id='word_1_238' title='bbox 1243 1689 1325 1726; x_wconf 76' lang='grc' dir='ltr'>τῶν</span> <span class='ocrx_word' id='word_1_239' title='bbox 1375 1681 1527 1739; x_wconf 75' lang='grc' dir='ltr'><em>Τρώων</em></span> <span class='ocrx_word' id='word_1_240' title='bbox 1562 1681 1605 1726; x_wconf 78' lang='grc' dir='ltr'>τὸ</span> 
     </span>
     <span class='ocr_line' id='line_1_26' title="bbox 71 1742 1602 1800; baseline -0.003 -15"><span class='ocrx_word' id='word_1_241' title='bbox 71 1752 217 1798; x_wconf 80' lang='grc' dir='ltr'><em>τεῖχος,</em></span> <span class='ocrx_word' id='word_1_242' title='bbox 258 1746 510 1800; x_wconf 86' lang='lat' dir='ltr'>prominente</span> <span class='ocrx_word' id='word_1_243' title='bbox 542 1745 648 1783; x_wconf 89' lang='lat' dir='ltr'>inter</span> <span class='ocrx_word' id='word_1_244' title='bbox 680 1745 818 1782; x_wconf 87' lang='lat' dir='ltr'>ruinas</span> <span class='ocrx_word' id='word_1_245' title='bbox 860 1743 991 1796; x_wconf 87' lang='lat' dir='ltr'>capite</span> <span class='ocrx_word' id='word_1_246' title='bbox 1022 1743 1125 1795; x_wconf 83' lang='lat' dir='ltr'>Equi</span> <span class='ocrx_word' id='word_1_247' title='bbox 1157 1744 1334 1782; x_wconf 83' lang='lat' dir='ltr'>Duratei.</span> <span class='ocrx_word' id='word_1_248' title='bbox 1393 1742 1429 1780; x_wconf 90' lang='lat' dir='ltr'><strong>A</strong></span> <span class='ocrx_word' id='word_1_249' title='bbox 1457 1743 1602 1793; x_wconf 83' lang='lat' dir='ltr'>quibus</span> 
     </span>
     <span class='ocr_line' id='line_1_27' title="bbox 72 1801 1602 1855; baseline -0.002 -14"><span class='ocrx_word' id='word_1_250' title='bbox 72 1806 246 1843; x_wconf 78' lang='lat' dir='ltr'>multum</span> <span class='ocrx_word' id='word_1_251' title='bbox 280 1805 458 1842; x_wconf 75' lang='lat' dir='ltr'>discessit</span> <span class='ocrx_word' id='word_1_252' title='bbox 494 1804 635 1841; x_wconf 87' lang='lat' dir='ltr'>Comes</span> <span class='ocrx_word' id='word_1_253' title='bbox 667 1804 817 1855; x_wconf 51' lang='lat' dir='ltr'>Caylus</span> <span class='ocrx_word' id='word_1_254' title='bbox 848 1803 889 1840; x_wconf 90' lang='lat' dir='ltr'>in</span> <span class='ocrx_word' id='word_1_255' title='bbox 928 1803 1267 1854; x_wconf 83' lang='lat' dir='ltr'>interpretatione</span> <span class='ocrx_word' id='word_1_256' title='bbox 1297 1808 1338 1839; x_wconf 89' lang='lat' dir='ltr'>et</span> <span class='ocrx_word' id='word_1_257' title='bbox 1378 1801 1602 1839; x_wconf 76' lang='lat' dir='ltr'>adumbra-</span> 
     </span>
     <span class='ocr_line' id='line_1_28' title="bbox 71 1859 1601 1914; baseline -0.003 -14"><span class='ocrx_word' id='word_1_258' title='bbox 71 1863 181 1900; x_wconf 85' lang='lat' dir='ltr'>tione</span> <span class='ocrx_word' id='word_1_259' title='bbox 209 1862 330 1900; x_wconf 88' lang='lat' dir='ltr'>huius</span> <span class='ocrx_word' id='word_1_260' title='bbox 363 1862 544 1914; x_wconf 85' lang='lat' dir='ltr'>picturae</span> <span class='ocrx_word' id='word_1_261' title='bbox 577 1860 707 1914; x_wconf 76' lang='lat' dir='ltr'>(Illsl.</span> <span class='ocrx_word' id='word_1_262' title='bbox 744 1862 792 1898; x_wconf 83' lang='lat' dir='ltr'>cle</span> <span class='ocrx_word' id='word_1_263' title='bbox 823 1861 1016 1899; x_wconf 74' lang='lat' dir='ltr'>l&#39;Aead.</span> <span class='ocrx_word' id='word_1_264' title='bbox 1039 1861 1108 1897; x_wconf 65' lang='lat' dir='ltr'>(lex</span> <span class='ocrx_word' id='word_1_265' title='bbox 1131 1862 1259 1898; x_wconf 66' lang='lat' dir='ltr'>laser.</span> <span class='ocrx_word' id='word_1_266' title='bbox 1298 1861 1410 1898; x_wconf 83' lang='lat' dir='ltr'>Toni.</span> <span class='ocrx_word' id='word_1_267' title='bbox 1433 1859 1601 1909; x_wconf 82' lang='lat' dir='ltr'>XXVII,</span> 
     </span>
     <span class='ocr_line' id='line_1_29' title="bbox 72 1918 1601 1974; baseline -0.001 -17"><span class='ocrx_word' id='word_1_268' title='bbox 72 1935 110 1973; x_wconf 90' lang='lat' dir='ltr'>p.</span> <span class='ocrx_word' id='word_1_269' title='bbox 142 1920 228 1974; x_wconf 81' lang='lat'>34).</span> <span class='ocrx_word' id='word_1_270' title='bbox 289 1921 367 1958; x_wconf 83' lang='lat' dir='ltr'>Sed</span> <span class='ocrx_word' id='word_1_271' title='bbox 401 1921 531 1972; x_wconf 90' lang='lat' dir='ltr'>Epeus</span> <span class='ocrx_word' id='word_1_272' title='bbox 564 1934 615 1957; x_wconf 76' lang='lat' dir='ltr'>ex</span> <span class='ocrx_word' id='word_1_273' title='bbox 649 1920 810 1958; x_wconf 82' lang='lat' dir='ltr'>artificis</span> <span class='ocrx_word' id='word_1_274' title='bbox 851 1925 985 1957; x_wconf 88' lang='lat' dir='ltr'>mente</span> <span class='ocrx_word' id='word_1_275' title='bbox 1025 1918 1187 1956; x_wconf 89' lang='lat' dir='ltr'>ruinam</span> <span class='ocrx_word' id='word_1_276' title='bbox 1231 1918 1339 1956; x_wconf 89' lang='lat' dir='ltr'>muri</span> <span class='ocrx_word' id='word_1_277' title='bbox 1371 1918 1601 1970; x_wconf 85' lang='lat' dir='ltr'>ampliabat,</span> 
     </span>
     <span class='ocr_line' id='line_1_30' title="bbox 72 1977 1602 2031; baseline -0.002 -15"><span class='ocrx_word' id='word_1_278' title='bbox 72 1985 119 2016; x_wconf 91' lang='lat' dir='ltr'>ut</span> <span class='ocrx_word' id='word_1_279' title='bbox 149 1985 385 2031; x_wconf 81' lang='lat' dir='ltr'>prospectus</span> <span class='ocrx_word' id='word_1_280' title='bbox 423 1980 465 2016; x_wconf 92' lang='lat' dir='ltr'>in</span> <span class='ocrx_word' id='word_1_281' title='bbox 496 1979 638 2017; x_wconf 82' lang='lat' dir='ltr'>urbem</span> <span class='ocrx_word' id='word_1_282' title='bbox 676 1983 854 2030; x_wconf 85' lang='lat' dir='ltr'>pateret,</span> <span class='ocrx_word' id='word_1_283' title='bbox 892 1978 1001 2015; x_wconf 87' lang='lat' dir='ltr'>intra</span> <span class='ocrx_word' id='word_1_284' title='bbox 1036 1980 1150 2015; x_wconf 89' lang='lat' dir='ltr'>cuius</span> <span class='ocrx_word' id='word_1_285' title='bbox 1182 1977 1339 2014; x_wconf 85' lang='lat' dir='ltr'>moenia</span> <span class='ocrx_word' id='word_1_286' title='bbox 1380 1982 1498 2015; x_wconf 86' lang='lat' dir='ltr'>erant</span> <span class='ocrx_word' id='word_1_287' title='bbox 1527 1990 1602 2028; x_wconf 85' lang='lat' dir='ltr'>pa-</span> 
     </span>
     <span class='ocr_line' id='line_1_31' title="bbox 72 2035 1603 2088; baseline -0.001 -14"><span class='ocrx_word' id='word_1_288' title='bbox 72 2038 295 2075; x_wconf 83' lang='lat' dir='ltr'>tefacienda</span> <span class='ocrx_word' id='word_1_289' title='bbox 328 2038 544 2087; x_wconf 82' lang='lat' dir='ltr'>nonnulla,</span> <span class='ocrx_word' id='word_1_290' title='bbox 584 2050 687 2088; x_wconf 85' lang='lat' dir='ltr'>quae</span> <span class='ocrx_word' id='word_1_291' title='bbox 728 2036 778 2074; x_wconf 85' lang='lat' dir='ltr'>ad</span> <span class='ocrx_word' id='word_1_292' title='bbox 810 2041 1091 2087; x_wconf 85' lang='lat' dir='ltr'>argumentum</span> <span class='ocrx_word' id='word_1_293' title='bbox 1131 2035 1379 2087; x_wconf 85' lang='lat' dir='ltr'>spectabant.</span> <span class='ocrx_word' id='word_1_294' title='bbox 1438 2035 1603 2072; x_wconf 85' lang='lat' dir='ltr'>Praeter</span> 
     </span>
     <span class='ocr_line' id='line_1_32' title="bbox 74 2093 1603 2146; baseline -0.001 -13"><span class='ocrx_word' id='word_1_295' title='bbox 74 2095 238 2133; x_wconf 86' lang='lat' dir='ltr'>artificis</span> <span class='ocrx_word' id='word_1_296' title='bbox 278 2102 414 2134; x_wconf 83' lang='lat' dir='ltr'>tamen</span> <span class='ocrx_word' id='word_1_297' title='bbox 457 2096 635 2134; x_wconf 84' lang='lat' dir='ltr'>animum</span> <span class='ocrx_word' id='word_1_298' title='bbox 674 2108 720 2132; x_wconf 84' lang='lat' dir='ltr'>ae</span> <span class='ocrx_word' id='word_1_299' title='bbox 755 2108 898 2146; x_wconf 81' lang='lat' dir='ltr'>graeca</span> <span class='ocrx_word' id='word_1_300' title='bbox 936 2093 1176 2143; x_wconf 85' lang='lat' dir='ltr'>Pausaniae,</span> <span class='ocrx_word' id='word_1_301' title='bbox 1219 2107 1407 2146; x_wconf 69' lang='lat' dir='ltr'>expressa</span> <span class='ocrx_word' id='word_1_302' title='bbox 1442 2100 1538 2131; x_wconf 91' lang='lat' dir='ltr'>sunt</span> <span class='ocrx_word' id='word_1_303' title='bbox 1579 2106 1603 2130; x_wconf 85' lang='lat' dir='ltr'>a</span> 
     </span>
     <span class='ocr_line' id='line_1_33' title="bbox 73 2153 1602 2206; baseline -0.003 -14"><span class='ocrx_word' id='word_1_304' title='bbox 73 2154 195 2206; x_wconf 87' lang='lat' dir='ltr'>Caylo</span> <span class='ocrx_word' id='word_1_305' title='bbox 228 2154 348 2192; x_wconf 88' lang='lat' dir='ltr'>etiam</span> <span class='ocrx_word' id='word_1_306' title='bbox 381 2154 456 2192; x_wconf 87' lang='lat' dir='ltr'>alia</span> <span class='ocrx_word' id='word_1_307' title='bbox 493 2154 701 2192; x_wconf 79' lang='lat' dir='ltr'>nonnulla.</span> <span class='ocrx_word' id='word_1_308' title='bbox 762 2153 822 2190; x_wconf 87' lang='lat' dir='ltr'>Ad</span> <span class='ocrx_word' id='word_1_309' title='bbox 856 2158 1043 2191; x_wconf 85' lang='lat' dir='ltr'>nostrum</span> <span class='ocrx_word' id='word_1_310' title='bbox 1075 2158 1231 2204; x_wconf 86' lang='lat' dir='ltr'>tempus</span> <span class='ocrx_word' id='word_1_311' title='bbox 1275 2158 1436 2190; x_wconf 85' lang='lat' dir='ltr'>servata</span> <span class='ocrx_word' id='word_1_312' title='bbox 1467 2165 1602 2204; x_wconf 86' lang='lat' dir='ltr'>opera,</span> 
     </span>
     <span class='ocr_line' id='line_1_34' title="bbox 72 2211 1603 2263; baseline -0.001 -14"><span class='ocrx_word' id='word_1_313' title='bbox 72 2214 113 2249; x_wconf 85' lang='lat' dir='ltr'>in</span> <span class='ocrx_word' id='word_1_314' title='bbox 145 2213 291 2262; x_wconf 87' lang='lat' dir='ltr'>quibus</span> <span class='ocrx_word' id='word_1_315' title='bbox 320 2214 457 2263; x_wconf 91' lang='lat' dir='ltr'>Equus</span> <span class='ocrx_word' id='word_1_316' title='bbox 488 2213 686 2250; x_wconf 84' lang='lat' dir='ltr'>Troianus</span> <span class='ocrx_word' id='word_1_317' title='bbox 725 2212 893 2261; x_wconf 84' lang='lat' dir='ltr'>visitur,</span> <span class='ocrx_word' id='word_1_318' title='bbox 936 2211 1294 2250; x_wconf 81' lang='lat' dir='ltr'>Winckelmannus</span> <span class='ocrx_word' id='word_1_319' title='bbox 1327 2211 1421 2249; x_wconf 86' lang='lat' dir='ltr'>olim</span> <span class='ocrx_word' id='word_1_320' title='bbox 1457 2223 1603 2248; x_wconf 82' lang='lat' dir='ltr'>nume—</span> 
     </span>
     <span class='ocr_line' id='line_1_35' title="bbox 74 2267 1603 2322; baseline -0.001 -15"><span class='ocrx_word' id='word_1_321' title='bbox 74 2271 191 2308; x_wconf 82' lang='lat' dir='ltr'>rabat</span> <span class='ocrx_word' id='word_1_322' title='bbox 221 2277 420 2322; x_wconf 84' lang='lat' dir='ltr'>quatuor,</span> <span class='ocrx_word' id='word_1_323' title='bbox 460 2271 681 2321; x_wconf 83' lang='lat' dir='ltr'>picturam,</span> <span class='ocrx_word' id='word_1_324' title='bbox 723 2270 819 2308; x_wconf 88' lang='lat' dir='ltr'>satis</span> <span class='ocrx_word' id='word_1_325' title='bbox 850 2269 990 2307; x_wconf 86' lang='lat' dir='ltr'>inscite</span> <span class='ocrx_word' id='word_1_326' title='bbox 1023 2269 1193 2319; x_wconf 86' lang='lat' dir='ltr'>factam,</span> <span class='ocrx_word' id='word_1_327' title='bbox 1232 2269 1389 2307; x_wconf 85' lang='lat' dir='ltr'>Codicis</span> <span class='ocrx_word' id='word_1_328' title='bbox 1419 2267 1603 2307; x_wconf 79' lang='lat' dir='ltr'>Vaticani</span> 
     </span>
     <span class='ocr_line' id='line_1_36' title="bbox 74 2327 1603 2379; baseline 0 -15"><span class='ocrx_word' id='word_1_329' title='bbox 74 2342 96 2364; x_wconf 85' lang='lat' dir='ltr'>a</span> <span class='ocrx_word' id='word_1_330' title='bbox 126 2329 309 2366; x_wconf 84' lang='lat' dir='ltr'>Bottario</span> <span class='ocrx_word' id='word_1_331' title='bbox 341 2329 402 2366; x_wconf 87' lang='lat' dir='ltr'>ed.</span> <span class='ocrx_word' id='word_1_332' title='bbox 434 2343 472 2379; x_wconf 90' lang='lat' dir='ltr'>p.</span> <span class='ocrx_word' id='word_1_333' title='bbox 505 2329 559 2369; x_wconf 80' lang='grc'>43</span> <span class='ocrx_word' id='word_1_334' title='bbox 590 2335 629 2366; x_wconf 90' lang='lat' dir='ltr'>et</span> <span class='ocrx_word' id='word_1_335' title='bbox 660 2328 738 2376; x_wconf 75' lang='lat'>473</span> <span class='ocrx_word' id='word_1_336' title='bbox 768 2328 949 2365; x_wconf 84' lang='lat' dir='ltr'>tabulam</span> <span class='ocrx_word' id='word_1_337' title='bbox 980 2328 1140 2365; x_wconf 82' lang='lat' dir='ltr'>Iliacam</span> <span class='ocrx_word' id='word_1_338' title='bbox 1172 2342 1193 2365; x_wconf 86' lang='lat' dir='ltr'>a</span> <span class='ocrx_word' id='word_1_339' title='bbox 1224 2328 1416 2365; x_wconf 76' lang='lat' dir='ltr'>Fabretto</span> <span class='ocrx_word' id='word_1_340' title='bbox 1455 2327 1603 2378; x_wconf 78' lang='lat' dir='ltr'>vulga-</span> 
     </span>
     <span class='ocr_line' id='line_1_37' title="bbox 76 2384 1602 2438; baseline -0.001 -16"><span class='ocrx_word' id='word_1_341' title='bbox 76 2392 176 2434; x_wconf 87' lang='lat' dir='ltr'>tam,</span> <span class='ocrx_word' id='word_1_342' title='bbox 211 2401 318 2424; x_wconf 81' lang='lat' dir='ltr'>nuni.</span> <span class='ocrx_word' id='word_1_343' title='bbox 356 2387 410 2428; x_wconf 79' lang='lat'>95</span> <span class='ocrx_word' id='word_1_344' title='bbox 441 2393 480 2423; x_wconf 87' lang='lat' dir='ltr'>et</span> <span class='ocrx_word' id='word_1_345' title='bbox 517 2390 596 2428; x_wconf 89' lang='grc'>100</span> <span class='ocrx_word' id='word_1_346' title='bbox 631 2385 758 2438; x_wconf 86' lang='lat' dir='ltr'>(unde</span> <span class='ocrx_word' id='word_1_347' title='bbox 790 2387 961 2436; x_wconf 67' lang='lat' dir='ltr'>Begerus</span> <span class='ocrx_word' id='word_1_348' title='bbox 1002 2387 1213 2423; x_wconf 84' lang='lat' dir='ltr'>transtulit</span> <span class='ocrx_word' id='word_1_349' title='bbox 1245 2387 1286 2423; x_wconf 89' lang='lat' dir='ltr'>in</span> <span class='ocrx_word' id='word_1_350' title='bbox 1314 2386 1383 2424; x_wconf 86' lang='grc'>111).</span> <span class='ocrx_word' id='word_1_351' title='bbox 1413 2384 1462 2421; x_wconf 86' lang='lat' dir='ltr'>de</span> <span class='ocrx_word' id='word_1_352' title='bbox 1489 2385 1602 2422; x_wconf 86' lang='lat' dir='ltr'>Bello</span> 
     </span>
     <span class='ocr_line' id='line_1_38' title="bbox 75 2443 1602 2497; baseline 0 -17"><span class='ocrx_word' id='word_1_353' title='bbox 75 2450 115 2480; x_wconf 86' lang='lat' dir='ltr'>et</span> <span class='ocrx_word' id='word_1_354' title='bbox 146 2444 311 2481; x_wconf 82' lang='lat' dir='ltr'>Excidio</span> <span class='ocrx_word' id='word_1_355' title='bbox 342 2444 490 2497; x_wconf 84' lang='lat' dir='ltr'>Troi.);</span> <span class='ocrx_word' id='word_1_356' title='bbox 530 2457 724 2496; x_wconf 81' lang='lat' dir='ltr'>gemmam</span> <span class='ocrx_word' id='word_1_357' title='bbox 763 2444 871 2495; x_wconf 88' lang='lat' dir='ltr'>apud</span> <span class='ocrx_word' id='word_1_358' title='bbox 910 2444 1086 2481; x_wconf 79' lang='lat' dir='ltr'>Licetuin</span> <span class='ocrx_word' id='word_1_359' title='bbox 1128 2459 1165 2495; x_wconf 88' lang='lat' dir='ltr'>p.</span> <span class='ocrx_word' id='word_1_360' title='bbox 1202 2447 1287 2484; x_wconf 81' lang='lat'>310</span> <span class='ocrx_word' id='word_1_361' title='bbox 1314 2444 1358 2492; x_wconf 88' lang='lat' dir='ltr'>(e</span> <span class='ocrx_word' id='word_1_362' title='bbox 1391 2456 1471 2492; x_wconf 91' lang='lat' dir='ltr'>quo</span> <span class='ocrx_word' id='word_1_363' title='bbox 1494 2443 1602 2480; x_wconf 87' lang='lat' dir='ltr'>Gor—</span> 
     </span>
     <span class='ocr_line' id='line_1_39' title="bbox 76 2500 1600 2553; baseline -0.001 -15"><span class='ocrx_word' id='word_1_364' title='bbox 76 2502 183 2538; x_wconf 91' lang='lat' dir='ltr'>laeus</span> <span class='ocrx_word' id='word_1_365' title='bbox 214 2502 372 2553; x_wconf 85' lang='lat' dir='ltr'>repetiit</span> <span class='ocrx_word' id='word_1_366' title='bbox 413 2502 452 2539; x_wconf 82' lang='lat' dir='ltr'>P.</span> <span class='ocrx_word' id='word_1_367' title='bbox 484 2502 519 2538; x_wconf 91' lang='lat' dir='ltr'>II</span> <span class='ocrx_word' id='word_1_368' title='bbox 561 2516 597 2539; x_wconf 92' lang='lat' dir='ltr'>n.</span> <span class='ocrx_word' id='word_1_369' title='bbox 639 2500 766 2553; x_wconf 70' lang='lat'>523),</span> <span class='ocrx_word' id='word_1_370' title='bbox 814 2507 854 2537; x_wconf 90' lang='lat' dir='ltr'>et</span> <span class='ocrx_word' id='word_1_371' title='bbox 882 2502 1084 2552; x_wconf 86' lang='lat' dir='ltr'>picturam</span> <span class='ocrx_word' id='word_1_372' title='bbox 1116 2502 1455 2539; x_wconf 84' lang='lat' dir='ltr'>Herculanensem</span> <span class='ocrx_word' id='word_1_373' title='bbox 1487 2502 1600 2539; x_wconf 83' lang='lat' dir='ltr'>Toni.</span> 
     </span>
     <span class='ocr_line' id='line_1_40' title="bbox 78 2557 1602 2609; baseline 0 -13"><span class='ocrx_word' id='word_1_374' title='bbox 78 2559 128 2596; x_wconf 84' lang='grc' dir='ltr'>[ΙΙ</span> <span class='ocrx_word' id='word_1_375' title='bbox 167 2565 195 2597; x_wconf 89' lang='lat' dir='ltr'>t.</span> <span class='ocrx_word' id='word_1_376' title='bbox 227 2560 282 2600; x_wconf 81' lang='grc'>40</span> <span class='ocrx_word' id='word_1_377' title='bbox 315 2572 358 2597; x_wconf 91' lang='lat' dir='ltr'>re</span> <span class='ocrx_word' id='word_1_378' title='bbox 387 2560 429 2596; x_wconf 90' lang='lat' dir='ltr'>in</span> <span class='ocrx_word' id='word_1_379' title='bbox 459 2559 583 2596; x_wconf 89' lang='lat' dir='ltr'>risum</span> <span class='ocrx_word' id='word_1_380' title='bbox 619 2572 757 2607; x_wconf 87' lang='lat' dir='ltr'>versa,</span> <span class='ocrx_word' id='word_1_381' title='bbox 803 2566 847 2596; x_wconf 86' lang='lat' dir='ltr'>ut</span> <span class='ocrx_word' id='word_1_382' title='bbox 883 2573 958 2609; x_wconf 91' lang='lat' dir='ltr'>pro</span> <span class='ocrx_word' id='word_1_383' title='bbox 986 2559 1155 2609; x_wconf 87' lang='lat' dir='ltr'>parodia</span> <span class='ocrx_word' id='word_1_384' title='bbox 1190 2559 1344 2596; x_wconf 77' lang='lat' dir='ltr'>scenica</span> <span class='ocrx_word' id='word_1_385' title='bbox 1373 2557 1512 2597; x_wconf 87' lang='lat' dir='ltr'>haberi</span> <span class='ocrx_word' id='word_1_386' title='bbox 1538 2572 1602 2596; x_wconf 83' lang='lat' dir='ltr'>res</span> 
     </span>
     <span class='ocr_line' id='line_1_41' title="bbox 76 2615 1597 2668; baseline 0 -14"><span class='ocrx_word' id='word_1_387' title='bbox 76 2617 223 2668; x_wconf 74' lang='lat' dir='ltr'>possit,</span> <span class='ocrx_word' id='word_1_388' title='bbox 254 2618 398 2668; x_wconf 87' lang='lat' dir='ltr'>quibus</span> <span class='ocrx_word' id='word_1_389' title='bbox 421 2617 506 2668; x_wconf 81' lang='lat' dir='ltr'>ipse</span> <span class='ocrx_word' id='word_1_390' title='bbox 532 2615 688 2654; x_wconf 65' lang='lat' dir='ltr'>addidit</span> <span class='ocrx_word' id='word_1_391' title='bbox 709 2617 897 2666; x_wconf 82' lang='lat' dir='ltr'>quintum</span> <span class='ocrx_word' id='word_1_392' title='bbox 918 2617 1146 2668; x_wconf 75' lang='lat' dir='ltr'>exemplum</span> <span class='ocrx_word' id='word_1_393' title='bbox 1166 2629 1186 2653; x_wconf 92' lang='lat' dir='ltr'>e</span> <span class='ocrx_word' id='word_1_394' title='bbox 1206 2630 1373 2667; x_wconf 73' lang='lat' dir='ltr'>gemina,</span> <span class='ocrx_word' id='word_1_395' title='bbox 1405 2619 1597 2655; x_wconf 65' lang='lat' dir='ltr'>lmonum.</span> 
     </span>
     <span class='ocr_line' id='line_1_42' title="bbox 77 2673 1602 2726; baseline 0.001 -15"><span class='ocrx_word' id='word_1_396' title='bbox 77 2683 162 2712; x_wconf 72' lang='lat' dir='ltr'>cml.</span> <span class='ocrx_word' id='word_1_397' title='bbox 198 2677 304 2712; x_wconf 74' lang='lat' dir='ltr'>ined.</span> <span class='ocrx_word' id='word_1_398' title='bbox 336 2676 450 2722; x_wconf 81' lang='lat' dir='ltr'>CXL,</span> <span class='ocrx_word' id='word_1_399' title='bbox 492 2688 592 2724; x_wconf 83' lang='lat' dir='ltr'>quae</span> <span class='ocrx_word' id='word_1_400' title='bbox 625 2689 715 2712; x_wconf 80' lang='lat' dir='ltr'>cuni</span> <span class='ocrx_word' id='word_1_401' title='bbox 748 2674 910 2724; x_wconf 68' lang='lat' dir='ltr'>VirgiFo</span> <span class='ocrx_word' id='word_1_402' title='bbox 941 2673 1137 2712; x_wconf 84' lang='lat' dir='ltr'>hactenus</span> <span class='ocrx_word' id='word_1_403' title='bbox 1169 2675 1377 2723; x_wconf 74' lang='lat' dir='ltr'>convenit,</span> <span class='ocrx_word' id='word_1_404' title='bbox 1419 2675 1530 2726; x_wconf 87' lang='lat' dir='ltr'>quod</span> <span class='ocrx_word' id='word_1_405' title='bbox 1559 2675 1602 2714; x_wconf 89' lang='lat' dir='ltr'>in</span> 
     </span>
     <span class='ocr_line' id='line_1_43' title="bbox 77 2732 1603 2785; baseline 0.001 -16"><span class='ocrx_word' id='word_1_406' title='bbox 77 2745 121 2769; x_wconf 89' lang='lat' dir='ltr'>ea</span> <span class='ocrx_word' id='word_1_407' title='bbox 152 2745 385 2785; x_wconf 81' lang='lat' dir='ltr'>expressum</span> <span class='ocrx_word' id='word_1_408' title='bbox 415 2732 455 2769; x_wconf 92' lang='lat' dir='ltr'>id</span> <span class='ocrx_word' id='word_1_409' title='bbox 486 2732 596 2782; x_wconf 80' lang='lat' dir='ltr'>quod</span> <span class='ocrx_word' id='word_1_410' title='bbox 628 2746 665 2770; x_wconf 91' lang='lat' dir='ltr'>v.</span> <span class='ocrx_word' id='word_1_411' title='bbox 698 2735 782 2774; x_wconf 72' lang='lat'>262</span> <span class='ocrx_word' id='word_1_412' title='bbox 811 2732 996 2783; x_wconf 75' lang='lat' dir='ltr'>legimus:</span> <span class='ocrx_word' id='word_1_413' title='bbox 1027 2733 1266 2770; x_wconf 63' lang='lat' dir='ltr'>Demissum</span> <span class='ocrx_word' id='word_1_414' title='bbox 1293 2733 1406 2784; x_wconf 67' lang='lat' dir='ltr'>lapsi</span> <span class='ocrx_word' id='word_1_415' title='bbox 1430 2748 1500 2783; x_wconf 75' lang='lat' dir='ltr'>per</span> <span class='ocrx_word' id='word_1_416' title='bbox 1518 2733 1603 2784; x_wconf 78' lang='lat' dir='ltr'>Ju-</span> 
     </span>
     <span class='ocr_line' id='line_1_44' title="bbox 76 2790 1603 2841; baseline 0 -14"><span class='ocrx_word' id='word_1_417' title='bbox 76 2804 193 2837; x_wconf 80' lang='lat' dir='ltr'>nem;</span> <span class='ocrx_word' id='word_1_418' title='bbox 242 2797 376 2828; x_wconf 86' lang='lat' dir='ltr'>tamen</span> <span class='ocrx_word' id='word_1_419' title='bbox 409 2790 527 2828; x_wconf 86' lang='lat' dir='ltr'>simul</span> <span class='ocrx_word' id='word_1_420' title='bbox 560 2791 665 2828; x_wconf 85' lang='lat' dir='ltr'>scala</span> <span class='ocrx_word' id='word_1_421' title='bbox 696 2790 859 2828; x_wconf 83' lang='lat' dir='ltr'>admota</span> <span class='ocrx_word' id='word_1_422' title='bbox 891 2803 995 2839; x_wconf 87' lang='lat' dir='ltr'>equo</span> <span class='ocrx_word' id='word_1_423' title='bbox 1026 2790 1230 2837; x_wconf 87' lang='lat' dir='ltr'>cernitur,</span> <span class='ocrx_word' id='word_1_424' title='bbox 1272 2804 1393 2841; x_wconf 86' lang='lat' dir='ltr'>quam</span> <span class='ocrx_word' id='word_1_425' title='bbox 1424 2791 1603 2839; x_wconf 86' lang='lat' dir='ltr'>Quintus</span> 
     </span>
     <span class='ocr_line' id='line_1_45' title="bbox 77 2847 1603 2900; baseline 0.001 -15"><span class='ocrx_word' id='word_1_426' title='bbox 77 2848 159 2886; x_wconf 82' lang='lat' dir='ltr'>Cal.</span> <span class='ocrx_word' id='word_1_427' title='bbox 186 2848 288 2897; x_wconf 85' lang='lat' dir='ltr'>XIII,</span> <span class='ocrx_word' id='word_1_428' title='bbox 321 2850 376 2892; x_wconf 75' lang='lat'>52</span> <span class='ocrx_word' id='word_1_429' title='bbox 407 2854 446 2885; x_wconf 87' lang='lat' dir='ltr'>et</span> <span class='ocrx_word' id='word_1_430' title='bbox 476 2847 699 2900; x_wconf 82' lang='lat' dir='ltr'>Tryphiod.</span> <span class='ocrx_word' id='word_1_431' title='bbox 731 2863 768 2886; x_wconf 77' lang='lat' dir='ltr'>v.</span> <span class='ocrx_word' id='word_1_432' title='bbox 802 2850 856 2890; x_wconf 81' lang='grc'>89</span> <span class='ocrx_word' id='word_1_433' title='bbox 888 2855 1127 2897; x_wconf 85' lang='lat' dir='ltr'>memorant,</span> <span class='ocrx_word' id='word_1_434' title='bbox 1162 2850 1315 2887; x_wconf 87' lang='lat' dir='ltr'>Tabula</span> <span class='ocrx_word' id='word_1_435' title='bbox 1343 2850 1461 2887; x_wconf 86' lang='lat' dir='ltr'>etiam</span> <span class='ocrx_word' id='word_1_436' title='bbox 1486 2850 1603 2888; x_wconf 88' lang='lat' dir='ltr'>Iliaca</span> 
     </span>
     <span class='ocr_line' id='line_1_46' title="bbox 78 2905 1603 2960; baseline 0.003 -16"><span class='ocrx_word' id='word_1_437' title='bbox 78 2920 185 2944; x_wconf 90' lang='lat' dir='ltr'>num.</span> <span class='ocrx_word' id='word_1_438' title='bbox 225 2910 302 2947; x_wconf 85' lang='lat'>100</span> <span class='ocrx_word' id='word_1_439' title='bbox 341 2905 516 2945; x_wconf 73' lang='lat' dir='ltr'>exhibet.</span> <span class='ocrx_word' id='word_1_440' title='bbox 589 2907 823 2945; x_wconf 87' lang='lat' dir='ltr'>Cernuntur</span> <span class='ocrx_word' id='word_1_441' title='bbox 861 2905 1010 2943; x_wconf 84' lang='lat' dir='ltr'>ibidem</span> <span class='ocrx_word' id='word_1_442' title='bbox 1047 2907 1226 2945; x_wconf 77' lang='lat' dir='ltr'>claustra</span> <span class='ocrx_word' id='word_1_443' title='bbox 1266 2906 1332 2960; x_wconf 89' lang='lat' dir='ltr'>(v.</span> <span class='ocrx_word' id='word_1_444' title='bbox 1377 2908 1447 2946; x_wconf 85' lang='lat' dir='ltr'>inf.</span> <span class='ocrx_word' id='word_1_445' title='bbox 1480 2908 1603 2957; x_wconf 83' lang='lat'>259),</span> 
     </span>
     <span class='ocr_line' id='line_1_47' title="bbox 77 2964 1605 3017; baseline 0 -14"><span class='ocrx_word' id='word_1_446' title='bbox 77 2977 179 3015; x_wconf 87' lang='lat' dir='ltr'>quae</span> <span class='ocrx_word' id='word_1_447' title='bbox 208 2965 333 3004; x_wconf 89' lang='lat' dir='ltr'>Sinon</span> <span class='ocrx_word' id='word_1_448' title='bbox 362 2965 480 3002; x_wconf 74' lang='lat' dir='ltr'>laxat</span> <span class='ocrx_word' id='word_1_449' title='bbox 511 2969 549 3002; x_wconf 86' lang='lat' dir='ltr'>et</span> <span class='ocrx_word' id='word_1_450' title='bbox 586 2965 734 3016; x_wconf 80' lang='lat' dir='ltr'>aperit,</span> <span class='ocrx_word' id='word_1_451' title='bbox 784 2964 825 3003; x_wconf 86' lang='lat' dir='ltr'>h.</span> <span class='ocrx_word' id='word_1_452' title='bbox 858 2976 890 3002; x_wconf 83' lang='lat' dir='ltr'>e.</span> <span class='ocrx_word' id='word_1_453' title='bbox 928 2964 1082 3017; x_wconf 76' lang='grc' dir='ltr'><em>θυρίον</em></span> <span class='ocrx_word' id='word_1_454' title='bbox 1117 2978 1188 3003; x_wconf 87' lang='lat' dir='ltr'>seu</span> <span class='ocrx_word' id='word_1_455' title='bbox 1230 2965 1442 3016; x_wconf 73' lang='lat' dir='ltr'>ostiolum,</span> <span class='ocrx_word' id='word_1_456' title='bbox 1494 2964 1605 3017; x_wconf 87' lang='lat' dir='ltr'>quod</span> 
     </span>
    </p>
   </div>
   <div class='ocr_carea' id='block_1_3' title="bbox 1744 0 1779 812">
    <p class='ocr_par' dir='ltr' id='par_1_3' title="bbox 1744 0 1779 812">
     <span class='ocr_line' id='line_1_48' title="bbox 1744 0 1779 812; baseline 0 0"><span class='ocrx_word' id='word_1_457' title='bbox 1744 0 1779 812; x_wconf 95' lang='lat' dir='ltr'> </span> 
     </span>
    </p>
   </div>
  </div>
 </body>
</html>
