1827 3436
388 231 795 280 AENEIDOS
834 233 971 280 LIB.
1012 234 1048 289 l,
1087 238 1377 284 243—249

1533 244 1627 286 115

125 360 304 411 Troia:
344 372 486 403 nnnc
514 355 718 421 placida
745 366 1033 421 conpostus
1057 373 1185 421 pace
1211 358 1454 422 quiescit:

189 453 302 499 249.
342 462 596 505 QUIEsmT.

211 585 280 621 249
309 587 440 619 Troica
459 592 530 618 tres
549 598 603 630 ap.
625 587 737 619 Burin.

121 690 289 728 ductum
326 704 406 729 esse
444 692 600 730 volunt.
652 706 845 743 armaque

109 748 209 794 stri!
234 750 367 794 Troia,
395 762 490 800 pace
512 764 562 787 sc.
584 756 622 786 et
645 750 844 799 tranquil-

121 805 158 842 lo
178 805 259 842 otio
279 812 412 856 parto3
445 807 552 856 quod
578 807 690 844 suavi
708 820 843 843 rerum

120 862 285 913 imagine
318 863 518 911 reddidit,
550 865 674 915 petita
697 864 763 900 issa
795 864 843 901 ab

120 920 186 968 iis,
219 920 285 969 qui
318 921 459 958 militia
490 921 597 959 missi
629 935 739 958 arma
773 934 844 959 su-

120 977 363 1028 spenderent
385 985 423 1015 et
447 978 625 1029 figerent.
658 979 706 1016 cs.
724 979 844 1016 Pom-

120 1048 211 1086 pon.
233 1035 323 1073 Sab.
347 1034 454 1073 adh.
477 1036 500 1073 l.
534 1038 661 1073 Amic
673 1037 843 1086 plac-isla

120 1101 345 1142 compostus
376 1107 480 1143 paee
517 1096 705 1144 quiescit:
764 1107 842 1142 quo

121 1162 237 1186 sensu
263 1149 363 1187 haec
389 1150 497 1187 dicta
527 1151 624 1199 sint,
658 1151 843 1188 dubitare

120 1207 231 1255 licet3
263 1213 332 1244 aut
357 1207 460 1244 enim
481 1207 529 1244 de
548 1214 677 1246 morte
703 1214 773 1245 aut
794 1208 843 1245 de

121 1264 202 1301 otio
227 1271 266 1301 et
285 1265 589 1315 tranquillitate,
614 1280 690 1315 qua
714 1266 842 1303 Ante-

120 1335 196 1359 nor
210 1322 404 1372 reliquam
423 1323 549 1360 vitam
573 1324 713 1374 exegit,
737 1323 841 1360 acci-

119 1380 157 1430 pi
176 1385 326 1430 potest3
356 1380 398 1417 in
416 1386 588 1430 utroque
605 1386 734 1418 tamen
749 1380 840 1418 duri

121 1437 272 1486 aliquid
293 1437 408 1475 inest.
440 1440 541 1474 Sane
564 1441 751 1488 componi
768 1439 840 1475 ab-

121 1494 248 1531 solute
268 1495 416 1532 mortui
440 1495 643 1545 dicuntur,
661 1503 702 1533 et
720 1496 841 1533 iidem

121 1554 325 1602 quiescere.
356 1552 425 1590 inf.
448 1553 517 1601 IX,
540 1552 623 1594 445
646 1553 840 1603 placida-

121 1623 195 1659 que
216 1609 272 1646 ibi
281 1609 440 1646 demum
460 1619 580 1648 morte
591 1613 753 1661 quievit.
776 1611 840 1658 VI,

120 1668 199 1706 321
235 1666 399 1704 Sedibus
426 1675 469 1704 ut
496 1668 638 1704 saltem
663 1668 843 1718 placidis

119 1724 161 1760 in
178 1732 299 1761 mor-le
316 1726 531 1775 quiescam.
597 1725 759 1763 Veneris
779 1731 841 1762 ta-

119 1793 208 1818 men
232 1782 408 1829 consilio,
440 1781 537 1819 dum
555 1781 710 1820 Aeneae
732 1783 840 1820 cala-

120 1838 333 1890 mitatibus,
381 1839 597 1877 Antenoris
640 1842 845 1878 fortunam

119 1897 335 1934 secundam
368 1910 600 1947 comparare
627 1898 738 1946 vult,
768 1912 843 1950 pa-

119 1967 209 1991 rum
233 1954 477 2002 conveniret,
499 1954 714 1993 Antenoris
735 1970 843 1993 mor-

120 2019 197 2048 lem
220 2012 435 2062 placidam
457 2012 641 2062 laudare3
672 2015 725 2050 At
743 2013 775 2050 si
795 2013 843 2050 de

119 2069 265 2118 quietis
299 2069 481 2117 sedibus,
512 2071 632 2108 rebus
662 2071 841 2121 placatiS‚

119 2126 204 2163 vita
224 2127 441 2177 tranquilla
466 2127 614 2177 agitur,
646 2133 731 2165 tum
762 2129 842 2166 sere

120 2198 178 2219 res
199 2186 440 2234 composilae
462 2191 841 2233 memoratum-,non

120 2242 201 2290 ipsi
221 2241 423 2287 homine-sq
457 2248 524 2279 aut
545 2243 575 2279 si
586 2242 664 2280 hoc
684 2243 741 2291 fit,
754 2250 840 2281 tum

120 2298 318 2336 adiectum
339 2298 489 2349 aliquid
506 2300 661 2338 videas:
690 2302 748 2337 αιί
758 2315 838 2350 pa-

119 2370 217 2403 cem,
253 2356 311 2393 cccl
331 2357 566 2394 modestiam
587 2363 660 2396 etc.
709 2358 841 2408 Atque

119 2412 173 2449 ita
191 2414 308 2451 etiam
323 2413 362 2450 in
383 2414 428 2450 iis
442 2414 534 2465 ipsis
551 2414 648 2452 locis
668 2414 725 2463 fit,
743 2429 844 2466 quae

119 2468 158 2507 11.
183 2471 208 2508 l.
230 2485 251 2507 a
273 2471 504 2508 Burmanno
524 2472 752 2511 laudantur.
775 2473 843 2510 Di-

121 2527 290 2566 cendum
313 2528 458 2579 itaque‚
489 2535 557 2567 aut
578 2536 735 2581 poetam
753 2529 792 2568 h.
817 2530 842 2568 Ι.

121 2588 378 2635 compos-illam
413 2600 519 2624 novo
555 2587 736 2638 exemplo
768 2587 842 2625 ad—

120 2640 317 2690 hibuisse,
357 2648 402 2680 ut
439 2649 479 2680 et
509 2657 597 2682 voc.
633 2648 840 2695 quiescere,

122 2711 206 2748 pro,
240 2701 363 2737 vitam
383 2701 512 2750 quiete
531 2702 706 2752 exigere3
726 2702 840 2751 quie—

123 2755 197 2792 scit
223 2757 332 2794 relms·
362 2761 612 2808 c·0ml)0sll1's‚
663 2759 841 2809 adeoque

125 2816 162 2847 et
179 2812 258 2862 ipse
284 2817 548 2865 compo-silum
584 2822 654 2853 aut
674 2830 841 2853 manen—

126 2866 219 2904 dum
245 2870 282 2906 in
306 2872 437 2921 priore
467 2872 712 2922 significatu:
745 2880 790 2911 ut
820 2888 841 2910 a

126 2923 273 2962 Venere
283 2927 561 2979 interpositum
571 2929 649 2968 hoc
656 2931 718 2979 sit,
729 2936 839 2969 tran-

787 599 865 619 cum
881 587 1030 632 placida
1049 600 1078 620 c.
1100 600 1138 633 p.
1161 588 1296 631 quievit
1322 587 1457 631 Menag.
1478 588 1579 621 alter.

903 693 1142 743 quillitatem
1173 692 1370 730 Antenori
1402 693 1453 731 ad
1490 701 1625 732 extre—

903 764 1007 787 mam
1027 764 1153 800 usqne
1176 751 1299 787 vitam
1318 751 1537 802 contigisse.
1567 753 1625 790 lta

899 822 1003 857 pave
1026 822 1099 858 pro
1122 814 1264 845 morte.
1327 806 1426 860 (Vss.
1453 808 1548 853 245
1570 824 1625 860 sq.

903 861 1134 917 παράβασις
1174 879 1256 902 non
1302 865 1519 903 admodum
1560 865 1627 907 εὕ-

902 937 1062 974 καιρος,
1102 928 1151 960 ut
1192 922 1312 959 sensit
1350 923 1539 973 Ursinus,
1585 931 1627 962 et

902 979 1031 1030 Heyn.
1063 980 1104 1017 in
1130 980 1226 1019 Exc.
1257 979 1308 1017 ad
1339 978 1378 1018 h.
1410 981 1435 1018 l.
1486 982 1626 1019 Cetera

903 1037 1082 1087 Heymius
1131 1037 1231 1074 bene
1282 1037 1505 1088 expedivitj
1556 1039 1626 1076 sed

902 1094 1024 1132 verba
1052 1095 1227 1144 placida
1267 1103 1490 1145 compostus
1518 1110 1625 1146 paee

902 1154 1066 1203 quiescit
1085 1157 1132 1189 ut
1152 1151 1200 1188 de
1220 1158 1352 1190 morte
1371 1153 1623 1204 accipiamus,

902 1209 1064 1246 videtur
1088 1209 1214 1246 totius
1243 1210 1433 1248 orationis
1454 1211 1563 1249 color
1587 1217 1625 1249 et

900 1266 1061 1304 habitus
1091 1266 1318 1304 admonere.
1378 1268 1475 1306 Nam
1500 1282 1624 1319 quum

898 1324 1008 1375 pacis
1025 1324 1174 1374 otiique
1185 1324 1511 1375 significationem
1524 1340 1624 1364 con—

899 1382 1055 1418 tineant
1089 1395 1167 1419 vss.
1207 1383 1510 1433 praecedentes,
1543 1397 1623 1422 non

899 1439 1050 1490 poterit
1080 1437 1176 1477 huic
1200 1452 1336 1477 rerum
1370 1441 1491 1478 statui
1517 1440 1621 1479 idem

901 1496 1048 1547 opponi
1068 1509 1140 1547 per
1168 1511 1284 1544 mmo,
1310 1502 1539 1549 temporum
1560 1511 1622 1536 re-

898 1566 1069 1603 rumque
1106 1553 1379 1592 diversitatem
1421 1555 1621 1605 quandam

897 1611 1091 1648 indicans.
1145 1611 1272 1648 Porro
1290 1610 1368 1649 hoc
1391 1612 1526 1650 deerat
1549 1613 1621 1650 ab-

898 1667 1161 1706 solutissimae
1176 1668 1373 1707 felicitans
1394 1670 1562 1722 imagini,
1576 1677 1624 1708 ut

898 1725 1009 1763 hunc
1036 1739 1173 1763 rerum
1192 1740 1355 1764 suarum
1375 1741 1535 1766 cursum
1552 1743 1622 1766 us·-

899 1797 974 1834 que
997 1783 1049 1820 ad
1068 1783 1191 1834 ipsius
1209 1790 1381 1822 mortem
1402 1785 1521 1822 fuisse
1542 1786 1622 1824 Ve-

901 1854 977 1879 nus
998 1841 1158 1878 diceret.
1219 1841 1352 1892 Neque
1372 1842 1545 1881 absurda
1574 1843 1623 1880 de

900 1905 1032 1936 morte
1056 1898 1272 1936 Antenoris
1298 1900 1470 1949 mentio,
1499 1914 1623 1951 quum

902 1956 950 1994 ab
985 1956 1071 2007 ipso
1103 1955 1278 1994 Homero
1310 1957 1417 1995 inter
1450 1958 1623 1996 seniores

902 2015 1094 2051 Troianos
1141 2020 1387 2053 memoretur
1430 2014 1621 2054 Antenor.

902 2071 1013 2108 Paci
1027 2086 1044 2108 s
1063 2077 1198 2108 autem
1218 2072 1459 2110 vocabulum
1481 2086 1622 2123 quam—

901 2142 1021 2179 quam
1048 2128 1177 2166 solum
1205 2142 1278 2180 per
1298 2142 1337 2167 se
1365 2143 1446 2167 non
1470 2130 1622 2181 signifi-

902 2192 964 2223 cat
993 2186 1144 2223 mortui
1180 2187 1376 2236 quietem,
1408 2194 1541 2225 tamen
1580 2188 1622 2225 in

899 2243 976 2281 hac
997 2243 1188 2281 orationis
1209 2244 1494 2296 compositione
1513 2251 1622 2282 recte

898 2301 954 2338 ita
979 2301 1103 2352 accipi
1122 2301 1280 2352 poterit.
1341 2302 1527 2340 Ceterum
1537 2304 1622 2340 Hic

898 2372 956 2396 vs,
966 2359 1061 2399 247.
1074 2363 1179 2395 recte
1190 2358 1369 2410 Heynius
1387 2359 1621 2398 adverbium

902 2429 982 2453 esse
1006 2416 1168 2464 statuit3
1201 2416 1327 2453 aliena
1348 2417 1450 2454 onim
1471 2417 1519 2454 ab
1538 2416 1577 2455 h.
1596 2417 1621 2454 1.

900 2473 1184 2524 pronominum
1212 2473 1278 2511 llic
1299 2475 1367 2511 ille
1391 2474 1622 2512 iunctorum

900 2531 1017 2578 ratio,
1040 2530 1088 2567 de
1111 2544 1188 2580 qua
1209 2532 1375 2582 exposui
1394 2532 1444 2579 Q.
1465 2531 1510 2569 V.
1529 2532 1622 2579 XX,

902 2590 939 2628 8.
988 2590 1139 2625 Tamen
1166 2594 1301 2626 autem
1330 2602 1417 2626 rem
1448 2589 1622 2639 quodam

900 2645 1021 2682 modo
1046 2651 1248 2693 extenuat,
1270 2645 1541 2696 significatque
1562 2647 1621 2683 fe—

899 2715 942 2739 re
972 2703 995 2740 i.
1020 2716 1056 2752 q.
1079 2704 1249 2747 melleum
1279 2703 1361 2741 vid.
1392 2703 1436 2741 V.
1466 2704 1507 2741 L.
1546 2704 1621 2740 lfcl.

900 2760 952 2807 X,
973 2763 1038 2799 31.
1071 2762 1343 2810 Opponuntur
1364 2766 1497 2798 nutem
1524 2759 1622 2797 hooc

900 2817 1081 2855 versibus
1111 2817 1206 2858 250.
1237 2829 1319 2867 sqq.
1351 2818 1419 2865 ita,
1455 2824 1501 2855 ut
1526 2817 1622 2854 haec

901 2874 1071 2925 prodeat
1113 2874 1322 2911 sententia:
1371 2875 1439 2912 Ille
1483 2875 1620 2911 saltem

902 2938 1051 2968 certam
1072 2932 1205 2969 sedem
1218 2930 1370 2970 invenit
1391 2931 1620 2968 Patavium-

1265 2999 1344 3042 8*
