<?xml version="1.0" encoding="UTF-8"?>
<!DOCTYPE html PUBLIC "-//W3C//DTD XHTML 1.0 Transitional//EN"
    "http://www.w3.org/TR/xhtml1/DTD/xhtml1-transitional.dtd">
<html xmlns="http://www.w3.org/1999/xhtml" xml:lang="en" lang="en">
 <head>
  <title>
</title>
<meta http-equiv="Content-Type" content="text/html;charset=utf-8" />
  <meta name='ocr-system' content='tesseract 3.04.00' />
  <meta name='ocr-capabilities' content='ocr_page ocr_carea ocr_par ocr_line ocrx_word'/>
</head>
<body>
  <div class='ocr_page' id='page_1' title='image "./publiusvirgilius02virguoft_0522.png"; bbox 0 0 1779 3420; ppageno 0'>
   <div class='ocr_carea' id='block_1_1' title="bbox 135 176 1324 232">
    <p class='ocr_par' dir='ltr' id='par_1_1' title="bbox 135 176 1324 232">
     <span class='ocr_line' id='line_1_1' title="bbox 135 176 1324 232; baseline -0.007 0"><span class='ocrx_word' id='word_1_1' title='bbox 135 182 237 232; x_wconf 85' lang='lat'><em>514</em></span> <span class='ocrx_word' id='word_1_2' title='bbox 474 181 530 229; x_wconf 90' lang='lat' dir='ltr'><em>P.</em></span> <span class='ocrx_word' id='word_1_3' title='bbox 559 177 913 228; x_wconf 85' lang='lat' dir='ltr'>VIRGILII</span> <span class='ocrx_word' id='word_1_4' title='bbox 947 176 1324 226; x_wconf 84' lang='lat' dir='ltr'><strong>MARONIS</strong></span> 
     </span>
    </p>
   </div>
   <div class='ocr_carea' id='block_1_2' title="bbox 132 302 1664 575">
    <p class='ocr_par' dir='ltr' id='par_1_2' title="bbox 133 302 1664 368">
     <span class='ocr_line' id='line_1_2' title="bbox 133 302 1664 368; baseline -0.005 -10"><span class='ocrx_word' id='word_1_5' title='bbox 133 311 246 358; x_wconf 88' lang='lat' dir='ltr'><em>Nec</em></span> <span class='ocrx_word' id='word_1_6' title='bbox 268 305 447 355; x_wconf 87' lang='lat' dir='ltr'><em>minus</em></span> <span class='ocrx_word' id='word_1_7' title='bbox 471 302 870 367; x_wconf 79' lang='lat' dir='ltr'><strong>Andromache,</strong></span> <span class='ocrx_word' id='word_1_8' title='bbox 903 302 1143 367; x_wconf 83' lang='lat' dir='ltr'><em>digressu</em></span> <span class='ocrx_word' id='word_1_9' title='bbox 1165 311 1366 352; x_wconf 86' lang='lat' dir='ltr'><em>maesta</em></span> <span class='ocrx_word' id='word_1_10' title='bbox 1388 318 1664 368; x_wconf 87' lang='lat' dir='ltr'><em>supremo,</em></span> 
     </span>
    </p>

    <p class='ocr_par' dir='ltr' id='par_1_3' title="bbox 137 373 1227 442">
     <span class='ocr_line' id='line_1_3' title="bbox 137 373 1227 442; baseline -0.006 -15"><span class='ocrx_word' id='word_1_11' title='bbox 137 380 266 427; x_wconf 82' lang='lat' dir='ltr'><em>Fert</em></span> <span class='ocrx_word' id='word_1_12' title='bbox 287 376 571 442; x_wconf 78' lang='lat' dir='ltr'>picturatas</span> <span class='ocrx_word' id='word_1_13' title='bbox 592 374 704 423; x_wconf 87' lang='lat' dir='ltr'><em>auri</em></span> <span class='ocrx_word' id='word_1_14' title='bbox 726 373 1031 422; x_wconf 80' lang='lat' dir='ltr'><em>subtemine</em></span> <span class='ocrx_word' id='word_1_15' title='bbox 1054 374 1227 437; x_wconf 82' lang='lat' dir='ltr'><em>vestis,</em></span> 
     </span>
    </p>

    <p class='ocr_par' dir='ltr' id='par_1_4' title="bbox 132 439 1664 575">
     <span class='ocr_line' id='line_1_4' title="bbox 132 439 1664 510; baseline -0.007 -12"><span class='ocrx_word' id='word_1_16' title='bbox 132 450 201 498; x_wconf 86' lang='lat' dir='ltr'><em>Et</em></span> <span class='ocrx_word' id='word_1_17' title='bbox 240 445 524 510; x_wconf 81' lang='lat' dir='ltr'>Phrygiam</span> <span class='ocrx_word' id='word_1_18' title='bbox 556 444 780 495; x_wconf 87' lang='lat' dir='ltr'><em>Ascanio</em></span> <span class='ocrx_word' id='word_1_19' title='bbox 818 443 1182 507; x_wconf 82' lang='lat' dir='ltr'><em>chlamydem3</em></span> <span class='ocrx_word' id='word_1_20' title='bbox 1240 459 1342 492; x_wconf 88' lang='lat' dir='ltr'><em>nec</em></span> <span class='ocrx_word' id='word_1_21' title='bbox 1385 440 1527 491; x_wconf 82' lang='lat' dir='ltr'>cedit</span> <span class='ocrx_word' id='word_1_22' title='bbox 1562 439 1664 489; x_wconf 92' lang='lat' dir='ltr'><em>ho-</em></span> 
     </span>
     <span class='ocr_line' id='line_1_5' title="bbox 927 531 1079 575; baseline 0 -13"><span class='ocrx_word' id='word_1_23' title='bbox 927 531 1079 575; x_wconf 52' lang='lat'><em>1101213</em></span> 
     </span>
    </p>
   </div>
   <div class='ocr_carea' id='block_1_3' title="bbox 129 627 1665 1525">
    <p class='ocr_par' dir='ltr' id='par_1_5' title="bbox 129 627 1665 1525">
     <span class='ocr_line' id='line_1_6' title="bbox 226 627 1665 679; baseline -0.003 -13"><span class='ocrx_word' id='word_1_24' title='bbox 226 633 297 669; x_wconf 84' lang='lat'><em>483</em></span> <span class='ocrx_word' id='word_1_25' title='bbox 323 631 552 679; x_wconf 78' lang='lat' dir='ltr'><em>subtegmine</em></span> <span class='ocrx_word' id='word_1_26' title='bbox 573 638 607 664; x_wconf 89' lang='lat' dir='ltr'><em>et</em></span> <span class='ocrx_word' id='word_1_27' title='bbox 629 630 695 664; x_wconf 83' lang='lat' dir='ltr'><em>sub</em></span> <span class='ocrx_word' id='word_1_28' title='bbox 717 631 876 677; x_wconf 74' lang='lat' dir='ltr'><em>tegmine</em></span> <span class='ocrx_word' id='word_1_29' title='bbox 892 629 976 663; x_wconf 84' lang='lat' dir='ltr'>libri</span> <span class='ocrx_word' id='word_1_30' title='bbox 995 630 1072 663; x_wconf 82' lang='lat' dir='ltr'><em>fere</em></span> <span class='ocrx_word' id='word_1_31' title='bbox 1100 629 1207 662; x_wconf 87' lang='lat' dir='ltr'><em>etiam</em></span> <span class='ocrx_word' id='word_1_32' title='bbox 1241 629 1278 662; x_wconf 86' lang='lat' dir='ltr'><em>h.</em></span> <span class='ocrx_word' id='word_1_33' title='bbox 1309 628 1334 663; x_wconf 83' lang='lat' dir='ltr'><em>l.</em></span> <span class='ocrx_word' id='word_1_34' title='bbox 1384 627 1528 673; x_wconf 75' lang='lat' dir='ltr'><em>(Medic.</em></span> <span class='ocrx_word' id='word_1_35' title='bbox 1558 629 1665 661; x_wconf 69' lang='lat' dir='ltr'><em>auris</em></span> 
     </span>
     <span class='ocr_line' id='line_1_7' title="bbox 133 675 1664 728; baseline -0.005 -13"><span class='ocrx_word' id='word_1_36' title='bbox 133 681 360 728; x_wconf 74' lang='lat' dir='ltr'><em>subtegmine</em></span> <span class='ocrx_word' id='word_1_37' title='bbox 377 689 516 721; x_wconf 77' lang='lat' dir='ltr'><em>vestes,</em></span> <span class='ocrx_word' id='word_1_38' title='bbox 542 679 606 711; x_wconf 87' lang='lat' dir='ltr'><em>sed</em></span> <span class='ocrx_word' id='word_1_39' title='bbox 627 691 645 711; x_wconf 84' lang='lat' dir='ltr'><em>s</em></span> <span class='ocrx_word' id='word_1_40' title='bbox 664 678 697 711; x_wconf 89' lang='lat' dir='ltr'><em>in</em></span> <span class='ocrx_word' id='word_1_41' title='bbox 717 680 823 711; x_wconf 85' lang='lat' dir='ltr'><em>auris</em></span> <span class='ocrx_word' id='word_1_42' title='bbox 839 685 970 722; x_wconf 86' lang='lat' dir='ltr'><em>puncto</em></span> <span class='ocrx_word' id='word_1_43' title='bbox 995 683 1140 719; x_wconf 89' lang='lat' dir='ltr'><em>notata,</em></span> <span class='ocrx_word' id='word_1_44' title='bbox 1167 683 1203 709; x_wconf 87' lang='lat' dir='ltr'><em>et</em></span> <span class='ocrx_word' id='word_1_45' title='bbox 1222 690 1248 723; x_wconf 82' lang='lat' dir='ltr'><em>g</em></span> <span class='ocrx_word' id='word_1_46' title='bbox 1266 676 1302 709; x_wconf 91' lang='lat' dir='ltr'><em>in</em></span> <span class='ocrx_word' id='word_1_47' title='bbox 1330 675 1424 709; x_wconf 81' lang='lat' dir='ltr'><em>subt.</em></span> <span class='ocrx_word' id='word_1_48' title='bbox 1448 675 1664 715; x_wconf 79' lang='lat' dir='ltr'><em>transsossa3</em></span> 
     </span>
     <span class='ocr_line' id='line_1_8' title="bbox 133 722 1665 775; baseline -0.005 -13"><span class='ocrx_word' id='word_1_49' title='bbox 133 729 361 775; x_wconf 74' lang='lat' dir='ltr'><em>subtegmine</em></span> <span class='ocrx_word' id='word_1_50' title='bbox 382 727 487 760; x_wconf 84' lang='lat' dir='ltr'><em>etiam</em></span> <span class='ocrx_word' id='word_1_51' title='bbox 509 725 669 765; x_wconf 81' lang='lat' dir='ltr'><em>Servius,</em></span> <span class='ocrx_word' id='word_1_52' title='bbox 692 725 790 770; x_wconf 89' lang='lat' dir='ltr'><em>Lips.</em></span> <span class='ocrx_word' id='word_1_53' title='bbox 814 724 875 758; x_wconf 85' lang='lat' dir='ltr'><em>alt.</em></span> <span class='ocrx_word' id='word_1_54' title='bbox 895 732 931 757; x_wconf 89' lang='lat' dir='ltr'><em>et</em></span> <span class='ocrx_word' id='word_1_55' title='bbox 951 724 1125 768; x_wconf 83' lang='lat' dir='ltr'><em>Sangall.,</em></span> <span class='ocrx_word' id='word_1_56' title='bbox 1150 724 1213 756; x_wconf 91' lang='lat' dir='ltr'><em>sed</em></span> <span class='ocrx_word' id='word_1_57' title='bbox 1239 724 1276 756; x_wconf 89' lang='lat' dir='ltr'><em>in</em></span> <span class='ocrx_word' id='word_1_58' title='bbox 1299 723 1367 756; x_wconf 87' lang='lat' dir='ltr'><em>hoc</em></span> <span class='ocrx_word' id='word_1_59' title='bbox 1386 736 1412 768; x_wconf 78' lang='lat' dir='ltr'><em>g</em></span> <span class='ocrx_word' id='word_1_60' title='bbox 1432 722 1567 755; x_wconf 86' lang='lat' dir='ltr'><em>lineola</em></span> <span class='ocrx_word' id='word_1_61' title='bbox 1593 733 1665 754; x_wconf 88' lang='lat' dir='ltr'><em>no-</em></span> 
     </span>
     <span class='ocr_line' id='line_1_9' title="bbox 133 768 1663 820; baseline -0.005 -11"><span class='ocrx_word' id='word_1_62' title='bbox 133 783 265 816; x_wconf 80' lang='lat' dir='ltr'><em>tatum3</em></span> <span class='ocrx_word' id='word_1_63' title='bbox 293 773 359 808; x_wconf 83' lang='lat' dir='ltr'><em>sub</em></span> <span class='ocrx_word' id='word_1_64' title='bbox 381 775 540 820; x_wconf 78' lang='lat' dir='ltr'><em>tegmine</em></span> <span class='ocrx_word' id='word_1_65' title='bbox 557 773 636 806; x_wconf 85' lang='lat' dir='ltr'><strong>Alb.</strong></span> <span class='ocrx_word' id='word_1_66' title='bbox 659 779 694 805; x_wconf 86' lang='lat' dir='ltr'><em>et</em></span> <span class='ocrx_word' id='word_1_67' title='bbox 722 772 821 818; x_wconf 86' lang='lat' dir='ltr'><em>Lips.</em></span> <span class='ocrx_word' id='word_1_68' title='bbox 853 772 924 805; x_wconf 88' lang='lat' dir='ltr'><em>obl.</em></span> <span class='ocrx_word' id='word_1_69' title='bbox 957 772 1052 813; x_wconf 66' lang='lat' dir='ltr'><em>ll&#39;r.)</em></span> <span class='ocrx_word' id='word_1_70' title='bbox 1146 770 1218 806; x_wconf 79' lang='lat'><em>484</em></span> <span class='ocrx_word' id='word_1_71' title='bbox 1243 768 1411 804; x_wconf 81' lang='lat' dir='ltr'><em>Ausonio</em></span> <span class='ocrx_word' id='word_1_72' title='bbox 1439 769 1549 802; x_wconf 90' lang='lat' dir='ltr'><em>Goth.</em></span> <span class='ocrx_word' id='word_1_73' title='bbox 1579 775 1663 802; x_wconf 88' lang='lat' dir='ltr'><em>tert.</em></span> 
     </span>
     <span class='ocr_line' id='line_1_10' title="bbox 133 816 1663 868; baseline -0.005 -12"><span class='ocrx_word' id='word_1_74' title='bbox 133 836 153 856; x_wconf 86' lang='lat' dir='ltr'><em>a</em></span> <span class='ocrx_word' id='word_1_75' title='bbox 175 836 229 868; x_wconf 87' lang='lat' dir='ltr'><em>pr.</em></span> <span class='ocrx_word' id='word_1_76' title='bbox 247 835 292 855; x_wconf 89' lang='lat' dir='ltr'><em>m.</em></span> <span class='ocrx_word' id='word_1_77' title='bbox 342 821 557 864; x_wconf 77' lang='lat' dir='ltr'><em>chlamyden</em></span> <span class='ocrx_word' id='word_1_78' title='bbox 581 820 671 852; x_wconf 89' lang='lat' dir='ltr'><em>alter</em></span> <span class='ocrx_word' id='word_1_79' title='bbox 692 819 837 852; x_wconf 76' lang='lat' dir='ltr'><em>Mentel.</em></span> <span class='ocrx_word' id='word_1_80' title='bbox 887 832 954 852; x_wconf 85' lang='lat' dir='ltr'><em>nec</em></span> <span class='ocrx_word' id='word_1_81' title='bbox 974 819 1071 852; x_wconf 80' lang='lat' dir='ltr'><em>cedit</em></span> <span class='ocrx_word' id='word_1_82' title='bbox 1093 818 1251 851; x_wconf 80' lang='lat' dir='ltr'><em>honore:</em></span> <span class='ocrx_word' id='word_1_83' title='bbox 1277 817 1328 850; x_wconf 88' lang='lat' dir='ltr'><em>sic</em></span> <span class='ocrx_word' id='word_1_84' title='bbox 1352 820 1501 850; x_wconf 76' lang='lat' dir='ltr'><strong>Scaurus</strong></span> <span class='ocrx_word' id='word_1_85' title='bbox 1517 816 1663 860; x_wconf 82' lang='lat' dir='ltr'><em>legebat</em></span> 
     </span>
     <span class='ocr_line' id='line_1_11' title="bbox 132 862 1664 915; baseline -0.005 -12"><span class='ocrx_word' id='word_1_86' title='bbox 132 870 225 915; x_wconf 88' lang='lat' dir='ltr'><em>apud</em></span> <span class='ocrx_word' id='word_1_87' title='bbox 257 868 439 910; x_wconf 83' lang='lat' dir='ltr'><em>Servium,</em></span> <span class='ocrx_word' id='word_1_88' title='bbox 475 867 548 900; x_wconf 86' lang='lat' dir='ltr'><em>sive</em></span> <span class='ocrx_word' id='word_1_89' title='bbox 577 866 606 900; x_wconf 88' lang='lat' dir='ltr'><em>is</em></span> <span class='ocrx_word' id='word_1_90' title='bbox 636 867 729 899; x_wconf 90' lang='lat' dir='ltr'><em>inter</em></span> <span class='ocrx_word' id='word_1_91' title='bbox 758 878 819 899; x_wconf 92' lang='lat' dir='ltr'><em>eos</em></span> <span class='ocrx_word' id='word_1_92' title='bbox 846 866 932 908; x_wconf 81' lang='lat' dir='ltr'><em>fuit,</em></span> <span class='ocrx_word' id='word_1_93' title='bbox 977 865 1035 911; x_wconf 89' lang='lat' dir='ltr'><em>qui</em></span> <span class='ocrx_word' id='word_1_94' title='bbox 1060 865 1253 898; x_wconf 76' lang='lat' dir='ltr'><em>Aeneidem</em></span> <span class='ocrx_word' id='word_1_95' title='bbox 1281 870 1556 905; x_wconf 85' lang='lat' dir='ltr'><em>recensuerunt,</em></span> <span class='ocrx_word' id='word_1_96' title='bbox 1589 862 1664 896; x_wconf 86' lang='lat' dir='ltr'><em>sive</em></span> 
     </span>
     <span class='ocr_line' id='line_1_12' title="bbox 132 909 1663 960; baseline -0.005 -10"><span class='ocrx_word' id='word_1_97' title='bbox 132 917 225 950; x_wconf 87' lang='lat' dir='ltr'><em>hanc</em></span> <span class='ocrx_word' id='word_1_98' title='bbox 244 923 421 960; x_wconf 79' lang='lat' dir='ltr'><em>tamquam</em></span> <span class='ocrx_word' id='word_1_99' title='bbox 443 914 688 958; x_wconf 77' lang='lat' dir='ltr'><em>grammaticus</em></span> <span class='ocrx_word' id='word_1_100' title='bbox 722 914 1003 946; x_wconf 77' lang='lat' dir='ltr'><em>emendationem</em></span> <span class='ocrx_word' id='word_1_101' title='bbox 1030 911 1227 957; x_wconf 78' lang='lat' dir='ltr'><strong>proposuit.</strong></span> <span class='ocrx_word' id='word_1_102' title='bbox 1277 911 1386 945; x_wconf 86' lang='lat' dir='ltr'><em>Venit</em></span> <span class='ocrx_word' id='word_1_103' title='bbox 1416 923 1456 944; x_wconf 87' lang='lat' dir='ltr'><em>ea</em></span> <span class='ocrx_word' id='word_1_104' title='bbox 1486 909 1595 944; x_wconf 88' lang='lat' dir='ltr'><em>lectio</em></span> <span class='ocrx_word' id='word_1_105' title='bbox 1626 909 1663 942; x_wconf 89' lang='lat' dir='ltr'><em>in</em></span> 
     </span>
     <span class='ocr_line' id='line_1_13' title="bbox 135 957 1664 1007; baseline -0.005 -10"><span class='ocrx_word' id='word_1_106' title='bbox 135 963 352 1004; x_wconf 88' lang='lat' dir='ltr'><em>Gudianum,</em></span> <span class='ocrx_word' id='word_1_107' title='bbox 377 962 527 1007; x_wconf 87' lang='lat' dir='ltr'><em>probata</em></span> <span class='ocrx_word' id='word_1_108' title='bbox 549 961 694 994; x_wconf 80' lang='lat' dir='ltr'><strong>Heinsio</strong></span> <span class='ocrx_word' id='word_1_109' title='bbox 718 961 873 1005; x_wconf 81' lang='lat' dir='ltr'><em>mihique</em></span> <span class='ocrx_word' id='word_1_110' title='bbox 896 972 965 993; x_wconf 86' lang='lat' dir='ltr'><em>non</em></span> <span class='ocrx_word' id='word_1_111' title='bbox 985 959 1096 992; x_wconf 88' lang='lat' dir='ltr'><em>minus</em></span> <span class='ocrx_word' id='word_1_112' title='bbox 1115 972 1179 1005; x_wconf 87' lang='lat' dir='ltr'><em>pro</em></span> <span class='ocrx_word' id='word_1_113' title='bbox 1202 971 1285 991; x_wconf 84' lang='lat' dir='ltr'><em>vera</em></span> <span class='ocrx_word' id='word_1_114' title='bbox 1316 958 1486 991; x_wconf 82' lang='lat' dir='ltr'><em>habetur:</em></span> <span class='ocrx_word' id='word_1_115' title='bbox 1520 957 1594 990; x_wconf 84' lang='lat' dir='ltr'><em>sive</em></span> <span class='ocrx_word' id='word_1_116' title='bbox 1625 964 1664 990; x_wconf 90' lang='lat' dir='ltr'><em>ut</em></span> 
     </span>
     <span class='ocr_line' id='line_1_14' title="bbox 133 1004 1663 1054; baseline -0.004 -9"><span class='ocrx_word' id='word_1_117' title='bbox 133 1012 182 1045; x_wconf 90' lang='lat' dir='ltr'><em>sic</em></span> <span class='ocrx_word' id='word_1_118' title='bbox 203 1010 372 1054; x_wconf 83' lang='lat' dir='ltr'><em>accipias:</em></span> <span class='ocrx_word' id='word_1_119' title='bbox 398 1022 468 1042; x_wconf 83' lang='lat' dir='ltr'><em>nee</em></span> <span class='ocrx_word' id='word_1_120' title='bbox 488 1009 584 1041; x_wconf 74' lang='lat' dir='ltr'><em>cedit</em></span> <span class='ocrx_word' id='word_1_121' title='bbox 605 1009 747 1042; x_wconf 74' lang='lat' dir='ltr'><em>honore</em></span> <span class='ocrx_word' id='word_1_122' title='bbox 768 1020 815 1041; x_wconf 90' lang='lat' dir='ltr'><em>sc.</em></span> <span class='ocrx_word' id='word_1_123' title='bbox 838 1008 1034 1046; x_wconf 75' lang='lat' dir='ltr'><em>verborum,</em></span> <span class='ocrx_word' id='word_1_124' title='bbox 1062 1008 1107 1039; x_wconf 85' lang='lat' dir='ltr'><em>ad</em></span> <span class='ocrx_word' id='word_1_125' title='bbox 1129 1006 1290 1050; x_wconf 78' lang='lat' dir='ltr'><em>coniugis</em></span> <span class='ocrx_word' id='word_1_126' title='bbox 1329 1006 1525 1050; x_wconf 85' lang='lat' dir='ltr'><em>exemplum</em></span> <span class='ocrx_word' id='word_1_127' title='bbox 1542 1018 1572 1038; x_wconf 90' lang='lat' dir='ltr'><em>v.</em></span> <span class='ocrx_word' id='word_1_128' title='bbox 1592 1004 1663 1039; x_wconf 78' lang='grc'><em>474</em></span> 
     </span>
     <span class='ocr_line' id='line_1_15' title="bbox 134 1050 1663 1102; baseline -0.005 -11"><span class='ocrx_word' id='word_1_129' title='bbox 134 1062 243 1102; x_wconf 85' lang='lat' dir='ltr'><em>Quem</em></span> <span class='ocrx_word' id='word_1_130' title='bbox 264 1055 403 1090; x_wconf 77' lang='lat' dir='ltr'><em>Phoebi</em></span> <span class='ocrx_word' id='word_1_131' title='bbox 419 1057 604 1102; x_wconf 74' lang='lat' dir='ltr'><em>interpres</em></span> <span class='ocrx_word' id='word_1_132' title='bbox 626 1055 742 1088; x_wconf 80' lang='lat' dir='ltr'><em>multo</em></span> <span class='ocrx_word' id='word_1_133' title='bbox 762 1055 958 1100; x_wconf 76' lang='lat' dir='ltr'><em>compellat</em></span> <span class='ocrx_word' id='word_1_134' title='bbox 976 1055 1137 1094; x_wconf 74' lang='lat' dir='ltr'><em>lzonore5</em></span> <span class='ocrx_word' id='word_1_135' title='bbox 1173 1053 1246 1086; x_wconf 81' lang='lat' dir='ltr'><em>sive</em></span> <span class='ocrx_word' id='word_1_136' title='bbox 1267 1060 1304 1086; x_wconf 85' lang='lat' dir='ltr'><em>ut</em></span> <span class='ocrx_word' id='word_1_137' title='bbox 1325 1065 1401 1085; x_wconf 90' lang='lat' dir='ltr'><em>cum</em></span> <span class='ocrx_word' id='word_1_138' title='bbox 1422 1055 1553 1086; x_wconf 77' lang='lat' dir='ltr'><em>Scauro</em></span> <span class='ocrx_word' id='word_1_139' title='bbox 1568 1078 1577 1094; x_wconf 93' lang='lat'><em>,</em></span> <span class='ocrx_word' id='word_1_140' title='bbox 1603 1050 1663 1097; x_wconf 89' lang='lat' dir='ltr'><em>qui</em></span> 
     </span>
     <span class='ocr_line' id='line_1_16' title="bbox 131 1100 1661 1149; baseline -0.005 -11"><span class='ocrx_word' id='word_1_141' title='bbox 131 1106 181 1138; x_wconf 88' lang='lat' dir='ltr'><em>ita</em></span> <span class='ocrx_word' id='word_1_142' title='bbox 203 1104 422 1149; x_wconf 78' lang='lat' dir='ltr'><em>explicabat:</em></span> <span class='ocrx_word' id='word_1_143' title='bbox 448 1115 517 1135; x_wconf 89' lang='lat' dir='ltr'><em>non</em></span> <span class='ocrx_word' id='word_1_144' title='bbox 542 1102 638 1135; x_wconf 82' lang='lat' dir='ltr'><em>cedit</em></span> <span class='ocrx_word' id='word_1_145' title='bbox 661 1101 798 1135; x_wconf 79' lang='lat' dir='ltr'><em>Heleno</em></span> <span class='ocrx_word' id='word_1_146' title='bbox 824 1101 1039 1134; x_wconf 73' lang='lat' dir='ltr'><em>liberalitate</em></span> <span class='ocrx_word' id='word_1_147' title='bbox 1063 1108 1098 1133; x_wconf 81' lang='lat' dir='ltr'><em>et</em></span> <span class='ocrx_word' id='word_1_148' title='bbox 1124 1100 1377 1133; x_wconf 82' lang='lat' dir='ltr'><em>munificentia.</em></span> <span class='ocrx_word' id='word_1_149' title='bbox 1413 1100 1457 1133; x_wconf 65' lang='grc' dir='ltr'><em>οἳ.</em></span> <span class='ocrx_word' id='word_1_150' title='bbox 1488 1100 1661 1144; x_wconf 88' lang='lat' dir='ltr'><em>Pompon.</em></span> 
     </span>
     <span class='ocr_line' id='line_1_17' title="bbox 133 1147 1661 1191; baseline -0.004 -6"><span class='ocrx_word' id='word_1_151' title='bbox 133 1152 253 1186; x_wconf 81' lang='lat' dir='ltr'><em>Sabin.</em></span> <span class='ocrx_word' id='word_1_152' title='bbox 302 1151 526 1183; x_wconf 87' lang='lat' dir='ltr'><em>Heumannus</em></span> <span class='ocrx_word' id='word_1_153' title='bbox 552 1149 636 1182; x_wconf 90' lang='lat' dir='ltr'><em>olim</em></span> <span class='ocrx_word' id='word_1_154' title='bbox 658 1155 771 1182; x_wconf 86' lang='lat' dir='ltr'><em>totum</em></span> <span class='ocrx_word' id='word_1_155' title='bbox 791 1148 1053 1181; x_wconf 85' lang='lat' dir='ltr'><em>hemistichium</em></span> <span class='ocrx_word' id='word_1_156' title='bbox 1074 1149 1116 1181; x_wconf 90' lang='lat' dir='ltr'><em>ab</em></span> <span class='ocrx_word' id='word_1_157' title='bbox 1137 1148 1251 1181; x_wconf 81' lang='lat' dir='ltr'><em>aliena</em></span> <span class='ocrx_word' id='word_1_158' title='bbox 1270 1159 1373 1180; x_wconf 86' lang='lat' dir='ltr'><em>manu</em></span> <span class='ocrx_word' id='word_1_159' title='bbox 1397 1159 1473 1179; x_wconf 88' lang='lat' dir='ltr'><em>esse</em></span> <span class='ocrx_word' id='word_1_160' title='bbox 1494 1147 1661 1191; x_wconf 84' lang='lat' dir='ltr'><em>putabat;</em></span> 
     </span>
     <span class='ocr_line' id='line_1_18' title="bbox 135 1193 1661 1241; baseline -0.003 -10"><span class='ocrx_word' id='word_1_161' title='bbox 135 1206 170 1232; x_wconf 90' lang='lat' dir='ltr'><em>et</em></span> <span class='ocrx_word' id='word_1_162' title='bbox 191 1197 404 1231; x_wconf 84' lang='lat' dir='ltr'><em>sustulerant</em></span> <span class='ocrx_word' id='word_1_163' title='bbox 424 1197 460 1230; x_wconf 90' lang='lat' dir='ltr'><em>id</em></span> <span class='ocrx_word' id='word_1_164' title='bbox 480 1197 549 1229; x_wconf 88' lang='lat' dir='ltr'><em>iam</em></span> <span class='ocrx_word' id='word_1_165' title='bbox 569 1196 627 1229; x_wconf 87' lang='lat' dir='ltr'><em>alii</em></span> <span class='ocrx_word' id='word_1_166' title='bbox 659 1203 740 1228; x_wconf 87' lang='lat' dir='ltr'><em>ante</em></span> <span class='ocrx_word' id='word_1_167' title='bbox 769 1196 936 1236; x_wconf 78' lang='lat' dir='ltr'><em>Cerdam3</em></span> <span class='ocrx_word' id='word_1_168' title='bbox 973 1208 1037 1229; x_wconf 90' lang='lat' dir='ltr'><em>nec</em></span> <span class='ocrx_word' id='word_1_169' title='bbox 1063 1195 1142 1241; x_wconf 86' lang='lat' dir='ltr'><em>ipse</em></span> <span class='ocrx_word' id='word_1_170' title='bbox 1175 1196 1218 1228; x_wconf 91' lang='lat' dir='ltr'><em>ab</em></span> <span class='ocrx_word' id='word_1_171' title='bbox 1253 1195 1295 1227; x_wconf 87' lang='lat' dir='ltr'><em>iis</em></span> <span class='ocrx_word' id='word_1_172' title='bbox 1330 1194 1522 1233; x_wconf 87' lang='lat' dir='ltr'><em>dissentio;</em></span> <span class='ocrx_word' id='word_1_173' title='bbox 1556 1193 1661 1226; x_wconf 85' lang='lat' dir='ltr'><em>video</em></span> 
     </span>
     <span class='ocr_line' id='line_1_19' title="bbox 133 1241 1662 1288; baseline -0.003 -10"><span class='ocrx_word' id='word_1_174' title='bbox 133 1245 238 1279; x_wconf 84' lang='lat' dir='ltr'><em>etiam</em></span> <span class='ocrx_word' id='word_1_175' title='bbox 256 1244 465 1278; x_wconf 83' lang='lat' dir='ltr'><em>Brunckium</em></span> <span class='ocrx_word' id='word_1_176' title='bbox 485 1244 671 1283; x_wconf 71' lang='lat' dir='ltr'><em>accedere,</em></span> <span class='ocrx_word' id='word_1_177' title='bbox 697 1243 816 1288; x_wconf 88' lang='lat' dir='ltr'><em>potuit</em></span> <span class='ocrx_word' id='word_1_178' title='bbox 842 1255 981 1288; x_wconf 91' lang='lat' dir='ltr'><em>quoque</em></span> <span class='ocrx_word' id='word_1_179' title='bbox 1001 1250 1098 1276; x_wconf 86' lang='lat' dir='ltr'><em>totus</em></span> <span class='ocrx_word' id='word_1_180' title='bbox 1122 1243 1221 1276; x_wconf 88' lang='lat' dir='ltr'><em>locus</em></span> <span class='ocrx_word' id='word_1_181' title='bbox 1240 1255 1259 1275; x_wconf 87' lang='lat' dir='ltr'><em>a</em></span> <span class='ocrx_word' id='word_1_182' title='bbox 1279 1249 1385 1287; x_wconf 87' lang='lat' dir='ltr'><em>poeta</em></span> <span class='ocrx_word' id='word_1_183' title='bbox 1409 1241 1555 1274; x_wconf 78' lang='lat' dir='ltr'><em>affectus</em></span> <span class='ocrx_word' id='word_1_184' title='bbox 1576 1247 1662 1273; x_wconf 87' lang='lat' dir='ltr'><em>tan-</em></span> 
     </span>
     <span class='ocr_line' id='line_1_20' title="bbox 130 1288 1661 1335; baseline -0.003 -10"><span class='ocrx_word' id='word_1_185' title='bbox 130 1300 201 1325; x_wconf 89' lang='lat' dir='ltr'><em>tum</em></span> <span class='ocrx_word' id='word_1_186' title='bbox 215 1320 223 1333; x_wconf 91' lang='lat'>‚</span> <span class='ocrx_word' id='word_1_187' title='bbox 250 1304 319 1325; x_wconf 93' lang='lat' dir='ltr'><em>non</em></span> <span class='ocrx_word' id='word_1_188' title='bbox 341 1299 455 1324; x_wconf 88' lang='lat' dir='ltr'><em>autem</em></span> <span class='ocrx_word' id='word_1_189' title='bbox 476 1290 568 1324; x_wconf 89' lang='lat' dir='ltr'><em>curis</em></span> <span class='ocrx_word' id='word_1_190' title='bbox 589 1290 750 1324; x_wconf 87' lang='lat' dir='ltr'><em>secundis</em></span> <span class='ocrx_word' id='word_1_191' title='bbox 771 1291 972 1323; x_wconf 82' lang='lat' dir='ltr'><em>elaboratus</em></span> <span class='ocrx_word' id='word_1_192' title='bbox 992 1303 1086 1323; x_wconf 84' lang='lat' dir='ltr'><em>esse:</em></span> <span class='ocrx_word' id='word_1_193' title='bbox 1122 1297 1337 1335; x_wconf 75' lang='lat' dir='ltr'><em>apposuerat</em></span> <span class='ocrx_word' id='word_1_194' title='bbox 1365 1290 1460 1321; x_wconf 87' lang='lat' dir='ltr'><em>forte</em></span> <span class='ocrx_word' id='word_1_195' title='bbox 1489 1288 1558 1321; x_wconf 87' lang='lat' dir='ltr'><em>duo</em></span> <span class='ocrx_word' id='word_1_196' title='bbox 1590 1288 1661 1320; x_wconf 89' lang='lat' dir='ltr'><em>he-</em></span> 
     </span>
     <span class='ocr_line' id='line_1_21' title="bbox 129 1337 1661 1384; baseline -0.004 -11"><span class='ocrx_word' id='word_1_197' title='bbox 129 1339 324 1379; x_wconf 80' lang='lat' dir='ltr'><em>mistichia3</em></span> <span class='ocrx_word' id='word_1_198' title='bbox 350 1346 558 1384; x_wconf 86' lang='lat' dir='ltr'><em>poteratque</em></span> <span class='ocrx_word' id='word_1_199' title='bbox 577 1350 698 1370; x_wconf 84' lang='lat' dir='ltr'><em>versus</em></span> <span class='ocrx_word' id='word_1_200' title='bbox 719 1337 769 1370; x_wconf 89' lang='lat' dir='ltr'><em>sic</em></span> <span class='ocrx_word' id='word_1_201' title='bbox 790 1345 972 1371; x_wconf 86' lang='lat' dir='ltr'><em>constare:</em></span> <span class='ocrx_word' id='word_1_202' title='bbox 1005 1341 1055 1371; x_wconf 87' lang='lat' dir='ltr'><em>Et</em></span> <span class='ocrx_word' id='word_1_203' title='bbox 1079 1338 1284 1383; x_wconf 71' lang='lat' dir='ltr'><em>Phrygiam</em></span> <span class='ocrx_word' id='word_1_204' title='bbox 1312 1337 1476 1369; x_wconf 79' lang='lat' dir='ltr'><em>Ascanio</em></span> <span class='ocrx_word' id='word_1_205' title='bbox 1507 1344 1661 1374; x_wconf 80' lang='lat' dir='ltr'><em>vestem3</em></span> 
     </span>
     <span class='ocr_line' id='line_1_22' title="bbox 131 1384 1662 1432; baseline -0.003 -13"><span class='ocrx_word' id='word_1_206' title='bbox 131 1396 207 1420; x_wconf 85' lang='lat' dir='ltr'><em>tum</em></span> <span class='ocrx_word' id='word_1_207' title='bbox 227 1387 320 1419; x_wconf 79' lang='lat' dir='ltr'><em>talia</em></span> <span class='ocrx_word' id='word_1_208' title='bbox 335 1385 460 1432; x_wconf 76' lang='lat' dir='ltr'><em>fictur.</em></span> <span class='ocrx_word' id='word_1_209' title='bbox 509 1387 548 1418; x_wconf 88' lang='lat' dir='ltr'><em>In</em></span> <span class='ocrx_word' id='word_1_210' title='bbox 568 1385 712 1418; x_wconf 84' lang='lat' dir='ltr'><em>Mentel.</em></span> <span class='ocrx_word' id='word_1_211' title='bbox 729 1397 783 1430; x_wconf 90' lang='lat' dir='ltr'><em>pr.</em></span> <span class='ocrx_word' id='word_1_212' title='bbox 807 1393 908 1418; x_wconf 89' lang='lat' dir='ltr'><em>erant</em></span> <span class='ocrx_word' id='word_1_213' title='bbox 934 1391 1070 1417; x_wconf 85' lang='lat' dir='ltr'><em>tantum</em></span> <span class='ocrx_word' id='word_1_214' title='bbox 1094 1385 1177 1417; x_wconf 79' lang='lat' dir='ltr'><em>illa:</em></span> <span class='ocrx_word' id='word_1_215' title='bbox 1213 1397 1279 1417; x_wconf 80' lang='lat' dir='ltr'><em>nec</em></span> <span class='ocrx_word' id='word_1_216' title='bbox 1304 1384 1412 1419; x_wconf 78' lang='lat' dir='ltr'><em>cedit.</em></span> <span class='ocrx_word' id='word_1_217' title='bbox 1460 1384 1498 1414; x_wconf 84' lang='lat' dir='ltr'><em>In</em></span> <span class='ocrx_word' id='word_1_218' title='bbox 1525 1395 1563 1415; x_wconf 86' lang='lat' dir='ltr'><em>re</em></span> <span class='ocrx_word' id='word_1_219' title='bbox 1589 1388 1662 1415; x_wconf 86' lang='lat' dir='ltr'><em>tam</em></span> 
     </span>
     <span class='ocr_line' id='line_1_23' title="bbox 129 1429 1662 1478; baseline -0.004 -11"><span class='ocrx_word' id='word_1_220' title='bbox 129 1434 263 1467; x_wconf 84' lang='lat' dir='ltr'><em>incerta</em></span> <span class='ocrx_word' id='word_1_221' title='bbox 283 1439 441 1478; x_wconf 79' lang='lat' dir='ltr'><em>praestat</em></span> <span class='ocrx_word' id='word_1_222' title='bbox 467 1432 517 1465; x_wconf 85' lang='lat' dir='ltr'><em>nil</em></span> <span class='ocrx_word' id='word_1_223' title='bbox 545 1444 700 1466; x_wconf 87' lang='lat' dir='ltr'><em>movere.</em></span> <span class='ocrx_word' id='word_1_224' title='bbox 751 1432 827 1478; x_wconf 82' lang='lat' dir='ltr'><em>(Illa</em></span> <span class='ocrx_word' id='word_1_225' title='bbox 855 1432 994 1478; x_wconf 84' lang='lat' dir='ltr'><em>quidem</em></span> <span class='ocrx_word' id='word_1_226' title='bbox 1023 1445 1090 1465; x_wconf 76' lang='lat' dir='ltr'><em>nee</em></span> <span class='ocrx_word' id='word_1_227' title='bbox 1116 1432 1212 1464; x_wconf 74' lang='lat' dir='ltr'><em>cedit</em></span> <span class='ocrx_word' id='word_1_228' title='bbox 1241 1432 1374 1464; x_wconf 80' lang='lat' dir='ltr'><em>lzonorz</em></span> <span class='ocrx_word' id='word_1_229' title='bbox 1405 1429 1495 1462; x_wconf 87' lang='lat' dir='ltr'><em>nihil</em></span> <span class='ocrx_word' id='word_1_230' title='bbox 1528 1429 1662 1462; x_wconf 87' lang='lat' dir='ltr'><em>habent</em></span> 
     </span>
     <span class='ocr_line' id='line_1_24' title="bbox 132 1477 1658 1525; baseline -0.004 -10"><span class='ocrx_word' id='word_1_231' title='bbox 132 1481 368 1520; x_wconf 82' lang='lat' dir='ltr'><em>difficultatis3</em></span> <span class='ocrx_word' id='word_1_232' title='bbox 395 1480 582 1514; x_wconf 75' lang='lat' dir='ltr'><em>referenda</em></span> <span class='ocrx_word' id='word_1_233' title='bbox 603 1486 685 1513; x_wconf 70' lang='lat' dir='ltr'><em>sunt</em></span> <span class='ocrx_word' id='word_1_234' title='bbox 714 1480 803 1514; x_wconf 88' lang='lat' dir='ltr'><em>haec</em></span> <span class='ocrx_word' id='word_1_235' title='bbox 829 1481 874 1513; x_wconf 88' lang='lat' dir='ltr'><em>ad</em></span> <span class='ocrx_word' id='word_1_236' title='bbox 902 1479 1124 1525; x_wconf 79' lang='lat' dir='ltr'><em>chlamydem</em></span> <span class='ocrx_word' id='word_1_237' title='bbox 1150 1478 1356 1512; x_wconf 87' lang='lat' dir='ltr'><em>vestium</em></span> <span class='ocrx_word' id='word_1_238' title='bbox 1386 1477 1492 1510; x_wconf 85' lang='lat' dir='ltr'><em>modo</em></span> <span class='ocrx_word' id='word_1_239' title='bbox 1520 1488 1658 1509; x_wconf 87' lang='lat' dir='ltr'><em>memo-</em></span> 
     </span>
    </p>
   </div>
   <div class='ocr_carea' id='block_1_4' title="bbox 128 1575 867 2960">
    <p class='ocr_par' dir='ltr' id='par_1_6' title="bbox 128 1575 867 2440">
     <span class='ocr_line' id='line_1_25' title="bbox 128 1575 864 1625; baseline -0.004 -9"><span class='ocrx_word' id='word_1_240' title='bbox 128 1576 383 1625; x_wconf 80' lang='lat' dir='ltr'><em>honorificis,</em></span> <span class='ocrx_word' id='word_1_241' title='bbox 434 1575 529 1614; x_wconf 85' lang='lat' dir='ltr'><em>alias</em></span> <span class='ocrx_word' id='word_1_242' title='bbox 558 1576 686 1613; x_wconf 80' lang='lat' dir='ltr'><em>lzonor</em></span> <span class='ocrx_word' id='word_1_243' title='bbox 724 1575 864 1614; x_wconf 62' lang='lat' dir='ltr'><em>verbo-</em></span> 
     </span>
     <span class='ocr_line' id='line_1_26' title="bbox 130 1633 865 1688; baseline -0.001 -16"><span class='ocrx_word' id='word_1_244' title='bbox 130 1651 233 1674; x_wconf 79' lang='lat' dir='ltr'><em>rum.</em></span> <span class='ocrx_word' id='word_1_245' title='bbox 270 1634 355 1688; x_wconf 87' lang='lat' dir='ltr'><em>(Sil.</em></span> <span class='ocrx_word' id='word_1_246' title='bbox 382 1634 430 1673; x_wconf 83' lang='lat' dir='ltr'><em>It.</em></span> <span class='ocrx_word' id='word_1_247' title='bbox 458 1635 512 1680; x_wconf 88' lang='lat' dir='ltr'><em>II,</em></span> <span class='ocrx_word' id='word_1_248' title='bbox 542 1633 658 1675; x_wconf 56' lang='lat'>483:</span> <span class='ocrx_word' id='word_1_249' title='bbox 698 1634 865 1684; x_wconf 89' lang='lat' dir='ltr'><em>„Quam</em></span> 
     </span>
     <span class='ocr_line' id='line_1_27' title="bbox 128 1692 865 1744; baseline -0.003 -12"><span class='ocrx_word' id='word_1_250' title='bbox 128 1694 201 1732; x_wconf 86' lang='lat' dir='ltr'><em>tali</em></span> <span class='ocrx_word' id='word_1_251' title='bbox 230 1692 464 1743; x_wconf 88' lang='lat' dir='ltr'><em>adloquitur</em></span> <span class='ocrx_word' id='word_1_252' title='bbox 487 1692 655 1730; x_wconf 87' lang='lat' dir='ltr'><em>Nemeae</em></span> <span class='ocrx_word' id='word_1_253' title='bbox 696 1698 865 1744; x_wconf 83' lang='lat' dir='ltr'><em>pacator</em></span> 
     </span>
     <span class='ocr_line' id='line_1_28' title="bbox 129 1749 862 1804; baseline -0.003 -14"><span class='ocrx_word' id='word_1_254' title='bbox 129 1752 158 1790; x_wconf 87' lang='lat' dir='ltr'><em>h</em></span> <span class='ocrx_word' id='word_1_255' title='bbox 171 1767 193 1790; x_wconf 94' lang='grc' dir='ltr'><strong>ο</strong></span> <span class='ocrx_word' id='word_1_256' title='bbox 211 1766 235 1789; x_wconf 87' lang='grc'><em>11</em></span> <span class='ocrx_word' id='word_1_257' title='bbox 252 1766 274 1789; x_wconf 94' lang='lat' dir='ltr'><em>o</em></span> <span class='ocrx_word' id='word_1_258' title='bbox 287 1764 349 1790; x_wconf 85' lang='lat' dir='ltr'><em>re.</em></span> <span class='ocrx_word' id='word_1_259' title='bbox 362 1753 385 1772; x_wconf 82' lang='lat'><strong>“</strong></span> <span class='ocrx_word' id='word_1_260' title='bbox 443 1752 540 1790; x_wconf 77' lang='lat' dir='ltr'><em>lVr.</em></span> <span class='ocrx_word' id='word_1_261' title='bbox 558 1749 572 1804; x_wconf 92' lang='lat'><em>)</em></span> <span class='ocrx_word' id='word_1_262' title='bbox 647 1751 862 1801; x_wconf 74' lang='lat' dir='ltr'><em>Coniugio,</em></span> 
     </span>
     <span class='ocr_line' id='line_1_29' title="bbox 129 1808 867 1859; baseline -0.003 -11"><span class='ocrx_word' id='word_1_263' title='bbox 129 1809 299 1848; x_wconf 85' lang='lat' dir='ltr'><em>honesto</em></span> <span class='ocrx_word' id='word_1_264' title='bbox 318 1822 407 1847; x_wconf 85' lang='lat' dir='ltr'><em>voc.</em></span> <span class='ocrx_word' id='word_1_265' title='bbox 428 1809 575 1847; x_wconf 86' lang='lat' dir='ltr'><em>utitur.</em></span> <span class='ocrx_word' id='word_1_266' title='bbox 634 1808 710 1859; x_wconf 67' lang='lat' dir='ltr'><em>bis,</em></span> <span class='ocrx_word' id='word_1_267' title='bbox 746 1808 867 1847; x_wconf 89' lang='lat' dir='ltr'><em>semel</em></span> 
     </span>
     <span class='ocr_line' id='line_1_30' title="bbox 131 1867 866 1920; baseline -0.003 -14"><span class='ocrx_word' id='word_1_268' title='bbox 131 1868 261 1906; x_wconf 81' lang='lat' dir='ltr'><em>excisa</em></span> <span class='ocrx_word' id='word_1_269' title='bbox 281 1867 328 1905; x_wconf 87' lang='lat' dir='ltr'><em>ab</em></span> <span class='ocrx_word' id='word_1_270' title='bbox 348 1867 522 1905; x_wconf 84' lang='lat' dir='ltr'><em>Hercule</em></span> <span class='ocrx_word' id='word_1_271' title='bbox 541 1867 674 1917; x_wconf 87' lang='lat' dir='ltr'><em>Troia,</em></span> <span class='ocrx_word' id='word_1_272' title='bbox 695 1874 866 1920; x_wconf 85' lang='lat' dir='ltr'><em>propter</em></span> 
     </span>
     <span class='ocr_line' id='line_1_31' title="bbox 129 1925 864 1978; baseline -0.003 -14"><span class='ocrx_word' id='word_1_273' title='bbox 129 1925 412 1965; x_wconf 82' lang='lat' dir='ltr'><em>Laomedontis</em></span> <span class='ocrx_word' id='word_1_274' title='bbox 440 1925 663 1978; x_wconf 86' lang='lat' dir='ltr'><em>perfidiam.</em></span> <span class='ocrx_word' id='word_1_275' title='bbox 732 1927 864 1975; x_wconf 72' lang='lat' dir='ltr'><em>arripe</em></span> 
     </span>
     <span class='ocr_line' id='line_1_32' title="bbox 130 1983 863 2035; baseline -0.003 -13"><span class='ocrx_word' id='word_1_276' title='bbox 130 1986 255 2034; x_wconf 64' lang='lat' dir='ltr'><em>velis,</em></span> <span class='ocrx_word' id='word_1_277' title='bbox 288 1997 428 2022; x_wconf 78' lang='lat' dir='ltr'><em>versus</em></span> <span class='ocrx_word' id='word_1_278' title='bbox 455 1983 561 2022; x_wconf 86' lang='lat' dir='ltr'><em>hanc</em></span> <span class='ocrx_word' id='word_1_279' title='bbox 590 1984 638 2021; x_wconf 90' lang='lat' dir='ltr'><em>ab</em></span> <span class='ocrx_word' id='word_1_280' title='bbox 661 1983 769 2035; x_wconf 85' lang='lat' dir='ltr'><em>Epiri</em></span> <span class='ocrx_word' id='word_1_281' title='bbox 791 1983 863 2021; x_wconf 86' lang='lat' dir='ltr'><em>lit-</em></span> 
     </span>
     <span class='ocr_line' id='line_1_33' title="bbox 131 2042 862 2093; baseline -0.003 -12"><span class='ocrx_word' id='word_1_282' title='bbox 131 2049 218 2081; x_wconf 85' lang='lat' dir='ltr'><em>tore</em></span> <span class='ocrx_word' id='word_1_283' title='bbox 252 2042 377 2093; x_wconf 79' lang='lat' dir='ltr'><em>dirige</em></span> <span class='ocrx_word' id='word_1_284' title='bbox 405 2056 551 2092; x_wconf 86' lang='lat' dir='ltr'><em>naves,</em></span> <span class='ocrx_word' id='word_1_285' title='bbox 590 2043 638 2080; x_wconf 82' lang='lat' dir='ltr'><em>cs.</em></span> <span class='ocrx_word' id='word_1_286' title='bbox 671 2042 740 2079; x_wconf 86' lang='lat' dir='ltr'><em>inf.</em></span> <span class='ocrx_word' id='word_1_287' title='bbox 764 2043 862 2090; x_wconf 79' lang='lat'><em>532,</em></span> 
     </span>
     <span class='ocr_line' id='line_1_34' title="bbox 129 2100 862 2151; baseline -0.003 -12"><span class='ocrx_word' id='word_1_288' title='bbox 129 2107 178 2139; x_wconf 88' lang='lat' dir='ltr'><em>ut</em></span> <span class='ocrx_word' id='word_1_289' title='bbox 208 2106 342 2138; x_wconf 87' lang='lat' dir='ltr'><em>tamen</em></span> <span class='ocrx_word' id='word_1_290' title='bbox 377 2113 486 2138; x_wconf 87' lang='lat' dir='ltr'><em>nunc</em></span> <span class='ocrx_word' id='word_1_291' title='bbox 523 2100 687 2151; x_wconf 87' lang='lat' dir='ltr'><em>quidem</em></span> <span class='ocrx_word' id='word_1_292' title='bbox 721 2100 862 2137; x_wconf 84' lang='lat' dir='ltr'><em>littora</em></span> 
     </span>
     <span class='ocr_line' id='line_1_35' title="bbox 129 2158 867 2211; baseline -0.004 -14"><span class='ocrx_word' id='word_1_293' title='bbox 129 2159 251 2197; x_wconf 88' lang='lat' dir='ltr'><em>modo</em></span> <span class='ocrx_word' id='word_1_294' title='bbox 273 2159 389 2210; x_wconf 78' lang='lat' dir='ltr'><em>legas,</em></span> <span class='ocrx_word' id='word_1_295' title='bbox 432 2174 557 2211; x_wconf 73' lang='lat' dir='ltr'><em>quam</em></span> <span class='ocrx_word' id='word_1_296' title='bbox 568 2158 735 2210; x_wconf 79' lang='lat' dir='ltr'><em>pandit,</em></span> <span class='ocrx_word' id='word_1_297' title='bbox 770 2171 867 2195; x_wconf 88' lang='lat' dir='ltr'><em>ora-</em></span> 
     </span>
     <span class='ocr_line' id='line_1_36' title="bbox 131 2217 866 2268; baseline -0.003 -13"><span class='ocrx_word' id='word_1_298' title='bbox 131 2218 221 2255; x_wconf 83' lang='lat' dir='ltr'><em>culo</em></span> <span class='ocrx_word' id='word_1_299' title='bbox 252 2217 443 2268; x_wconf 81' lang='lat' dir='ltr'><em>designat.</em></span> <span class='ocrx_word' id='word_1_300' title='bbox 505 2217 727 2268; x_wconf 61' lang='lat' dir='ltr'><em>provehor,</em></span> <span class='ocrx_word' id='word_1_301' title='bbox 778 2229 866 2254; x_wconf 84' lang='lat' dir='ltr'><em>ser-</em></span> 
     </span>
     <span class='ocr_line' id='line_1_37' title="bbox 131 2274 867 2326; baseline -0.001 -14"><span class='ocrx_word' id='word_1_302' title='bbox 131 2288 249 2313; x_wconf 88' lang='lat' dir='ltr'><em>mone</em></span> <span class='ocrx_word' id='word_1_303' title='bbox 269 2274 520 2326; x_wconf 80' lang='lat' dir='ltr'><em>progredior.</em></span> <span class='ocrx_word' id='word_1_304' title='bbox 580 2275 762 2312; x_wconf 77' lang='lat' dir='ltr'><em>demoror</em></span> <span class='ocrx_word' id='word_1_305' title='bbox 786 2289 867 2312; x_wconf 79' lang='lat' dir='ltr'><em>au-</em></span> 
     </span>
     <span class='ocr_line' id='line_1_38' title="bbox 131 2332 863 2380; baseline 0 -10"><span class='ocrx_word' id='word_1_306' title='bbox 131 2342 230 2370; x_wconf 79' lang='lat' dir='ltr'><em>stros</em></span> <span class='ocrx_word' id='word_1_307' title='bbox 263 2333 459 2380; x_wconf 84' lang='lat' dir='ltr'><em>orientes,</em></span> <span class='ocrx_word' id='word_1_308' title='bbox 490 2332 530 2371; x_wconf 87' lang='lat' dir='ltr'><em>h.</em></span> <span class='ocrx_word' id='word_1_309' title='bbox 563 2346 596 2371; x_wconf 88' lang='lat' dir='ltr'><em>e.</em></span> <span class='ocrx_word' id='word_1_310' title='bbox 626 2347 698 2370; x_wconf 86' lang='lat' dir='ltr'><em>vos</em></span> <span class='ocrx_word' id='word_1_311' title='bbox 721 2332 863 2370; x_wconf 85' lang='lat' dir='ltr'><em>demo-</em></span> 
     </span>
     <span class='ocr_line' id='line_1_39' title="bbox 130 2390 865 2440; baseline 0 -12"><span class='ocrx_word' id='word_1_312' title='bbox 130 2404 213 2438; x_wconf 86' lang='lat' dir='ltr'><em>ror,</em></span> <span class='ocrx_word' id='word_1_313' title='bbox 246 2404 325 2440; x_wconf 93' lang='lat' dir='ltr'><em>quo</em></span> <span class='ocrx_word' id='word_1_314' title='bbox 354 2390 486 2428; x_wconf 83' lang='lat' dir='ltr'><em>minus</em></span> <span class='ocrx_word' id='word_1_315' title='bbox 511 2393 658 2428; x_wconf 73' lang='lat' dir='ltr'><em>austris</em></span> <span class='ocrx_word' id='word_1_316' title='bbox 679 2390 865 2428; x_wconf 86' lang='lat' dir='ltr'><em>utamini.</em></span> 
     </span>
    </p>

    <p class='ocr_par' dir='ltr' id='par_1_7' title="bbox 130 2446 866 2960">
     <span class='ocr_line' id='line_1_40' title="bbox 189 2446 865 2489; baseline -0.003 -1"><span class='ocrx_word' id='word_1_317' title='bbox 189 2446 448 2489; x_wconf 77' lang='lat'>482—485.</span> <span class='ocrx_word' id='word_1_318' title='bbox 480 2448 644 2486; x_wconf 84' lang='lat' dir='ltr'><em>Poterat</em></span> <span class='ocrx_word' id='word_1_319' title='bbox 666 2447 766 2485; x_wconf 88' lang='lat' dir='ltr'><em>haec</em></span> <span class='ocrx_word' id='word_1_320' title='bbox 793 2462 865 2486; x_wconf 87' lang='lat' dir='ltr'><em>su—</em></span> 
     </span>
     <span class='ocr_line' id='line_1_41' title="bbox 132 2504 865 2554; baseline 0 -12"><span class='ocrx_word' id='word_1_321' title='bbox 132 2519 205 2554; x_wconf 83' lang='lat' dir='ltr'><em>pra</em></span> <span class='ocrx_word' id='word_1_322' title='bbox 227 2504 419 2542; x_wconf 86' lang='lat' dir='ltr'><em>subiicere</em></span> <span class='ocrx_word' id='word_1_323' title='bbox 439 2518 477 2543; x_wconf 90' lang='lat' dir='ltr'><em>v.</em></span> <span class='ocrx_word' id='word_1_324' title='bbox 513 2505 609 2547; x_wconf 83' lang='lat'>470.</span> <span class='ocrx_word' id='word_1_325' title='bbox 668 2506 771 2543; x_wconf 78' lang='lat' dir='ltr'><em>Mira</em></span> <span class='ocrx_word' id='word_1_326' title='bbox 800 2512 865 2543; x_wconf 89' lang='lat' dir='ltr'><em>ta-</em></span> 
     </span>
     <span class='ocr_line' id='line_1_42' title="bbox 131 2563 865 2601; baseline 0 0"><span class='ocrx_word' id='word_1_327' title='bbox 131 2576 223 2601; x_wconf 84' lang='lat' dir='ltr'><em>men</em></span> <span class='ocrx_word' id='word_1_328' title='bbox 265 2576 355 2600; x_wconf 90' lang='lat' dir='ltr'><em>cum</em></span> <span class='ocrx_word' id='word_1_329' title='bbox 397 2568 483 2599; x_wconf 87' lang='lat' dir='ltr'><em>arte</em></span> <span class='ocrx_word' id='word_1_330' title='bbox 528 2563 660 2600; x_wconf 85' lang='lat' dir='ltr'><em>utitur</em></span> <span class='ocrx_word' id='word_1_331' title='bbox 697 2563 865 2601; x_wconf 87' lang='lat' dir='ltr'><em>Andro-</em></span> 
     </span>
     <span class='ocr_line' id='line_1_43' title="bbox 131 2619 863 2672; baseline 0.001 -14"><span class='ocrx_word' id='word_1_332' title='bbox 131 2619 291 2658; x_wconf 74' lang='lat' dir='ltr'><em>maches</em></span> <span class='ocrx_word' id='word_1_333' title='bbox 312 2620 469 2658; x_wconf 78' lang='lat' dir='ltr'><em>affectu.</em></span> <span class='ocrx_word' id='word_1_334' title='bbox 501 2621 550 2658; x_wconf 87' lang='lat' dir='ltr'><em>cf.</em></span> <span class='ocrx_word' id='word_1_335' title='bbox 575 2634 662 2672; x_wconf 86' lang='lat' dir='ltr'><em>sup.</em></span> <span class='ocrx_word' id='word_1_336' title='bbox 688 2621 740 2658; x_wconf 89' lang='lat' dir='ltr'><em>ad</em></span> <span class='ocrx_word' id='word_1_337' title='bbox 767 2624 863 2662; x_wconf 77' lang='lat'><strong>337.</strong></span> 
     </span>
     <span class='ocr_line' id='line_1_44' title="bbox 132 2678 863 2729; baseline 0 -14"><span class='ocrx_word' id='word_1_338' title='bbox 132 2679 317 2729; x_wconf 70' lang='lat' dir='ltr'><em>digressa</em></span> <span class='ocrx_word' id='word_1_339' title='bbox 374 2692 557 2727; x_wconf 75' lang='lat' dir='ltr'><em>supremo</em></span> <span class='ocrx_word' id='word_1_340' title='bbox 580 2707 590 2725; x_wconf 97' lang='lat'><em>,</em></span> <span class='ocrx_word' id='word_1_341' title='bbox 653 2678 863 2728; x_wconf 78' lang='lat' dir='ltr'><em>exquisite,</em></span> 
     </span>
     <span class='ocr_line' id='line_1_45' title="bbox 131 2736 864 2788; baseline -0.003 -14"><span class='ocrx_word' id='word_1_342' title='bbox 131 2736 294 2788; x_wconf 87' lang='lat' dir='ltr'><em>proprie</em></span> <span class='ocrx_word' id='word_1_343' title='bbox 313 2741 372 2772; x_wconf 86' lang='lat' dir='ltr'><em>est.</em></span> <span class='ocrx_word' id='word_1_344' title='bbox 394 2749 640 2786; x_wconf 86' lang='lat' dir='ltr'><em>supremum,</em></span> <span class='ocrx_word' id='word_1_345' title='bbox 661 2736 864 2784; x_wconf 88' lang='lat' dir='ltr'><em>ultimum,</em></span> 
     </span>
     <span class='ocr_line' id='line_1_46' title="bbox 132 2792 865 2845; baseline -0.003 -13"><span class='ocrx_word' id='word_1_346' title='bbox 132 2794 329 2845; x_wconf 79' lang='lat' dir='ltr'><em>digressus</em></span> <span class='ocrx_word' id='word_1_347' title='bbox 346 2800 608 2831; x_wconf 88' lang='lat' dir='ltr'><em>momentum.</em></span> <span class='ocrx_word' id='word_1_348' title='bbox 668 2792 765 2834; x_wconf 82' lang='lat'><strong>483.</strong></span> <span class='ocrx_word' id='word_1_349' title='bbox 790 2796 865 2844; x_wconf 66' lang='lat' dir='ltr'><em>pi-</em></span> 
     </span>
     <span class='ocr_line' id='line_1_47' title="bbox 131 2850 866 2889; baseline -0.001 0"><span class='ocrx_word' id='word_1_350' title='bbox 131 2860 311 2889; x_wconf 80' lang='lat' dir='ltr'><em>cturatas</em></span> <span class='ocrx_word' id='word_1_351' title='bbox 349 2853 441 2888; x_wconf 79' lang='lat' dir='ltr'><em>aurt&#39;</em></span> <span class='ocrx_word' id='word_1_352' title='bbox 478 2850 695 2888; x_wconf 69' lang='lat' dir='ltr'><em>subtemine</em></span> <span class='ocrx_word' id='word_1_353' title='bbox 739 2860 866 2888; x_wconf 63' lang='lat' dir='ltr'><em>vestes</em></span> 
     </span>
     <span class='ocr_line' id='line_1_48' title="bbox 130 2908 865 2960; baseline -0.001 -12"><span class='ocrx_word' id='word_1_354' title='bbox 130 2916 270 2948; x_wconf 86' lang='lat' dir='ltr'><em>utrum</em></span> <span class='ocrx_word' id='word_1_355' title='bbox 294 2908 343 2945; x_wconf 86' lang='lat' dir='ltr'><em>de</em></span> <span class='ocrx_word' id='word_1_356' title='bbox 364 2909 495 2947; x_wconf 67' lang='lat' dir='ltr'><em>textili</em></span> <span class='ocrx_word' id='word_1_357' title='bbox 518 2923 566 2946; x_wconf 85' lang='lat' dir='ltr'><em>an</em></span> <span class='ocrx_word' id='word_1_358' title='bbox 590 2909 639 2946; x_wconf 88' lang='lat' dir='ltr'><em>de</em></span> <span class='ocrx_word' id='word_1_359' title='bbox 660 2922 735 2946; x_wconf 84' lang='lat' dir='ltr'><em>acu</em></span> <span class='ocrx_word' id='word_1_360' title='bbox 756 2908 865 2960; x_wconf 88' lang='lat' dir='ltr'><em>picto</em></span> 
     </span>
    </p>
   </div>
   <div class='ocr_carea' id='block_1_5' title="bbox 921 1572 1661 2956">
    <p class='ocr_par' dir='ltr' id='par_1_8' title="bbox 921 1572 1661 2956">
     <span class='ocr_line' id='line_1_49' title="bbox 927 1572 1659 1626; baseline -0.005 -13"><span class='ocrx_word' id='word_1_361' title='bbox 927 1588 1048 1626; x_wconf 85' lang='lat' dir='ltr'><em>opere</em></span> <span class='ocrx_word' id='word_1_362' title='bbox 1070 1574 1262 1626; x_wconf 89' lang='lat' dir='ltr'><em>accipias,</em></span> <span class='ocrx_word' id='word_1_363' title='bbox 1307 1573 1495 1611; x_wconf 84' lang='lat' dir='ltr'><em>dubitare</em></span> <span class='ocrx_word' id='word_1_364' title='bbox 1520 1572 1659 1625; x_wconf 89' lang='lat' dir='ltr'><em>possis.</em></span> 
     </span>
     <span class='ocr_line' id='line_1_50' title="bbox 923 1632 1658 1683; baseline -0.005 -12"><span class='ocrx_word' id='word_1_365' title='bbox 923 1633 1024 1671; x_wconf 82' lang='lat' dir='ltr'><em>Nam</em></span> <span class='ocrx_word' id='word_1_366' title='bbox 1048 1639 1222 1683; x_wconf 90' lang='lat' dir='ltr'><em>utroque</em></span> <span class='ocrx_word' id='word_1_367' title='bbox 1246 1632 1368 1669; x_wconf 88' lang='lat' dir='ltr'><em>modo</em></span> <span class='ocrx_word' id='word_1_368' title='bbox 1388 1634 1507 1681; x_wconf 74' lang='lat' dir='ltr'><em>picta</em></span> <span class='ocrx_word' id='word_1_369' title='bbox 1538 1633 1658 1669; x_wconf 71' lang='lat' dir='ltr'><em>vestis</em></span> 
     </span>
     <span class='ocr_line' id='line_1_51' title="bbox 926 1688 1658 1741; baseline -0.007 -11"><span class='ocrx_word' id='word_1_370' title='bbox 926 1691 1096 1741; x_wconf 73' lang='lat' dir='ltr'><em>dicitur,</em></span> <span class='ocrx_word' id='word_1_371' title='bbox 1134 1690 1343 1728; x_wconf 80' lang='lat' dir='ltr'><em>interdum</em></span> <span class='ocrx_word' id='word_1_372' title='bbox 1373 1689 1473 1727; x_wconf 89' lang='lat' dir='ltr'><em>adeo</em></span> <span class='ocrx_word' id='word_1_373' title='bbox 1504 1688 1658 1740; x_wconf 87' lang='lat' dir='ltr'><em>simpli-</em></span> 
     </span>
     <span class='ocr_line' id='line_1_52' title="bbox 925 1747 1660 1801; baseline -0.005 -14"><span class='ocrx_word' id='word_1_374' title='bbox 925 1750 1025 1787; x_wconf 87' lang='lat' dir='ltr'><em>citer</em></span> <span class='ocrx_word' id='word_1_375' title='bbox 1057 1763 1131 1801; x_wconf 90' lang='lat' dir='ltr'><em>pro</em></span> <span class='ocrx_word' id='word_1_376' title='bbox 1165 1748 1354 1787; x_wconf 85' lang='lat' dir='ltr'><em>distincta</em></span> <span class='ocrx_word' id='word_1_377' title='bbox 1386 1747 1590 1785; x_wconf 84' lang='lat' dir='ltr'><em>coloribus</em></span> <span class='ocrx_word' id='word_1_378' title='bbox 1619 1752 1660 1784; x_wconf 84' lang='lat' dir='ltr'><em>et</em></span> 
     </span>
     <span class='ocr_line' id='line_1_53' title="bbox 923 1805 1660 1859; baseline -0.005 -13"><span class='ocrx_word' id='word_1_379' title='bbox 923 1808 1140 1859; x_wconf 82' lang='lat' dir='ltr'><em>variegata.</em></span> <span class='ocrx_word' id='word_1_380' title='bbox 1206 1807 1246 1844; x_wconf 88' lang='lat' dir='ltr'><em>Si</em></span> <span class='ocrx_word' id='word_1_381' title='bbox 1286 1807 1336 1844; x_wconf 88' lang='lat' dir='ltr'><em>de</em></span> <span class='ocrx_word' id='word_1_382' title='bbox 1374 1805 1508 1843; x_wconf 83' lang='lat' dir='ltr'><em>textili</em></span> <span class='ocrx_word' id='word_1_383' title='bbox 1541 1817 1660 1857; x_wconf 86' lang='lat' dir='ltr'><em>opere</em></span> 
     </span>
     <span class='ocr_line' id='line_1_54' title="bbox 924 1864 1661 1918; baseline -0.005 -14"><span class='ocrx_word' id='word_1_384' title='bbox 924 1866 1088 1918; x_wconf 85' lang='lat' dir='ltr'><em>accipis:</em></span> <span class='ocrx_word' id='word_1_385' title='bbox 1130 1864 1333 1902; x_wconf 77' lang='lat' dir='ltr'><em>subtemen</em></span> <span class='ocrx_word' id='word_1_386' title='bbox 1365 1878 1534 1901; x_wconf 78' lang='lat' dir='ltr'><em>aureum</em></span> <span class='ocrx_word' id='word_1_387' title='bbox 1563 1877 1661 1915; x_wconf 91' lang='lat' dir='ltr'><em>pro-</em></span> 
     </span>
     <span class='ocr_line' id='line_1_55' title="bbox 921 1921 1660 1976; baseline -0.005 -14"><span class='ocrx_word' id='word_1_388' title='bbox 921 1924 1009 1976; x_wconf 86' lang='lat' dir='ltr'><em>prie</em></span> <span class='ocrx_word' id='word_1_389' title='bbox 1052 1924 1207 1961; x_wconf 84' lang='lat' dir='ltr'><em>dictum</em></span> <span class='ocrx_word' id='word_1_390' title='bbox 1246 1929 1333 1972; x_wconf 88' lang='lat' dir='ltr'><em>est;</em></span> <span class='ocrx_word' id='word_1_391' title='bbox 1386 1927 1424 1959; x_wconf 85' lang='lat' dir='ltr'><em>et</em></span> <span class='ocrx_word' id='word_1_392' title='bbox 1467 1921 1660 1972; x_wconf 72' lang='lat' dir='ltr'><em>Phrygia</em></span> 
     </span>
     <span class='ocr_line' id='line_1_56' title="bbox 922 1981 1660 2034; baseline -0.004 -14"><span class='ocrx_word' id='word_1_393' title='bbox 922 1983 1105 2034; x_wconf 77' lang='lat' dir='ltr'><em>chlamys</em></span> <span class='ocrx_word' id='word_1_394' title='bbox 1122 1995 1196 2020; x_wconf 90' lang='lat' dir='ltr'><em>acu</em></span> <span class='ocrx_word' id='word_1_395' title='bbox 1221 1981 1349 2033; x_wconf 77' lang='lat' dir='ltr'><em>picta,</em></span> <span class='ocrx_word' id='word_1_396' title='bbox 1380 1988 1504 2017; x_wconf 69' lang='lat' dir='ltr'><em>vestes</em></span> <span class='ocrx_word' id='word_1_397' title='bbox 1523 1986 1660 2017; x_wconf 82' lang='lat' dir='ltr'><em>autem</em></span> 
     </span>
     <span class='ocr_line' id='line_1_57' title="bbox 922 2039 1659 2091; baseline -0.005 -13"><span class='ocrx_word' id='word_1_398' title='bbox 922 2047 1043 2078; x_wconf 85' lang='lat' dir='ltr'><em>erunt</em></span> <span class='ocrx_word' id='word_1_399' title='bbox 1065 2039 1275 2091; x_wconf 86' lang='lat' dir='ltr'><em>stragulae.</em></span> <span class='ocrx_word' id='word_1_400' title='bbox 1325 2039 1396 2077; x_wconf 86' lang='lat' dir='ltr'><em>Sin</em></span> <span class='ocrx_word' id='word_1_401' title='bbox 1413 2040 1549 2089; x_wconf 78' lang='lat' dir='ltr'><em>pietas</em></span> <span class='ocrx_word' id='word_1_402' title='bbox 1567 2052 1659 2086; x_wconf 80' lang='lat' dir='ltr'><em>acu,</em></span> 
     </span>
     <span class='ocr_line' id='line_1_58' title="bbox 923 2097 1660 2149; baseline -0.005 -13"><span class='ocrx_word' id='word_1_403' title='bbox 923 2099 1074 2137; x_wconf 86' lang='lat' dir='ltr'><em>scilicet</em></span> <span class='ocrx_word' id='word_1_404' title='bbox 1106 2097 1279 2149; x_wconf 83' lang='lat' dir='ltr'><em>Phrygio</em></span> <span class='ocrx_word' id='word_1_405' title='bbox 1319 2109 1438 2149; x_wconf 89' lang='lat' dir='ltr'><em>opere</em></span> <span class='ocrx_word' id='word_1_406' title='bbox 1461 2126 1470 2144; x_wconf 92' lang='lat'><em>,</em></span> <span class='ocrx_word' id='word_1_407' title='bbox 1527 2102 1660 2134; x_wconf 84' lang='lat' dir='ltr'><em>vestes</em></span> 
     </span>
     <span class='ocr_line' id='line_1_59' title="bbox 925 2153 1660 2209; baseline -0.005 -14"><span class='ocrx_word' id='word_1_408' title='bbox 925 2157 1105 2209; x_wconf 82' lang='lat' dir='ltr'><em>accipere</em></span> <span class='ocrx_word' id='word_1_409' title='bbox 1131 2156 1278 2194; x_wconf 86' lang='lat' dir='ltr'><em>mavis:</em></span> <span class='ocrx_word' id='word_1_410' title='bbox 1310 2156 1383 2193; x_wconf 83' lang='lat' dir='ltr'><em>erit</em></span> <span class='ocrx_word' id='word_1_411' title='bbox 1405 2155 1446 2192; x_wconf 89' lang='lat' dir='ltr'><em>in</em></span> <span class='ocrx_word' id='word_1_412' title='bbox 1467 2155 1544 2192; x_wconf 88' lang='lat' dir='ltr'><em>illis</em></span> <span class='ocrx_word' id='word_1_413' title='bbox 1565 2153 1660 2206; x_wconf 91' lang='lat' dir='ltr'><em>ipsis</em></span> 
     </span>
     <span class='ocr_line' id='line_1_60' title="bbox 924 2213 1659 2267; baseline -0.005 -14"><span class='ocrx_word' id='word_1_414' title='bbox 924 2216 1117 2267; x_wconf 69' lang='lat' dir='ltr'><em>Plltygia</em></span> <span class='ocrx_word' id='word_1_415' title='bbox 1173 2214 1357 2265; x_wconf 73' lang='lat' dir='ltr'><em>chlamys</em></span> <span class='ocrx_word' id='word_1_416' title='bbox 1377 2229 1393 2261; x_wconf 84' lang='lat'><em>;</em></span> <span class='ocrx_word' id='word_1_417' title='bbox 1455 2213 1659 2250; x_wconf 75' lang='lat' dir='ltr'><em>subtemen</em></span> 
     </span>
     <span class='ocr_line' id='line_1_61' title="bbox 924 2271 1661 2324; baseline -0.005 -13"><span class='ocrx_word' id='word_1_418' title='bbox 924 2279 1060 2312; x_wconf 83' lang='lat' dir='ltr'><em>autem</em></span> <span class='ocrx_word' id='word_1_419' title='bbox 1104 2273 1337 2324; x_wconf 86' lang='lat' dir='ltr'><em>simpliciter</em></span> <span class='ocrx_word' id='word_1_420' title='bbox 1374 2284 1449 2324; x_wconf 91' lang='lat' dir='ltr'><em>pro</em></span> <span class='ocrx_word' id='word_1_421' title='bbox 1490 2271 1581 2320; x_wconf 82' lang='lat' dir='ltr'><em>filo3</em></span> <span class='ocrx_word' id='word_1_422' title='bbox 1621 2275 1661 2307; x_wconf 87' lang='lat' dir='ltr'><em>et</em></span> 
     </span>
     <span class='ocr_line' id='line_1_62' title="bbox 922 2328 1659 2383; baseline -0.007 -13"><span class='ocrx_word' id='word_1_423' title='bbox 922 2333 1081 2370; x_wconf 75' lang='lat' dir='ltr'><em>textilia</em></span> <span class='ocrx_word' id='word_1_424' title='bbox 1140 2332 1249 2368; x_wconf 83' lang='lat' dir='ltr'><em>dona</em></span> <span class='ocrx_word' id='word_1_425' title='bbox 1315 2328 1383 2383; x_wconf 79' lang='lat' dir='ltr'><em>(ex</em></span> <span class='ocrx_word' id='word_1_426' title='bbox 1441 2328 1659 2367; x_wconf 85' lang='lat' dir='ltr'><em>Homerico</em></span> 
     </span>
     <span class='ocr_line' id='line_1_63' title="bbox 922 2383 1659 2441; baseline -0.011 -11"><span class='ocrx_word' id='word_1_427' title='bbox 922 2386 1081 2441; x_wconf 74' lang='grc' dir='ltr'><em>ἐσθῆτά</em></span> <span class='ocrx_word' id='word_1_428' title='bbox 1120 2384 1172 2428; x_wconf 75' lang='grc' dir='ltr'><em>θ’</em></span> <span class='ocrx_word' id='word_1_429' title='bbox 1213 2383 1427 2439; x_wconf 66' lang='grc' dir='ltr'><em>ὑφαντήν)</em></span> <span class='ocrx_word' id='word_1_430' title='bbox 1473 2400 1570 2425; x_wconf 81' lang='lat' dir='ltr'><em>mox</em></span> <span class='ocrx_word' id='word_1_431' title='bbox 1609 2385 1659 2422; x_wconf 85' lang='lat' dir='ltr'><em>ab</em></span> 
     </span>
     <span class='ocr_line' id='line_1_64' title="bbox 922 2444 1659 2494; baseline -0.007 -9"><span class='ocrx_word' id='word_1_432' title='bbox 922 2447 985 2485; x_wconf 88' lang='lat' dir='ltr'><em>his</em></span> <span class='ocrx_word' id='word_1_433' title='bbox 1010 2447 1169 2485; x_wconf 79' lang='lat' dir='ltr'><em>diversa</em></span> <span class='ocrx_word' id='word_1_434' title='bbox 1194 2452 1301 2483; x_wconf 85' lang='lat' dir='ltr'><em>sunt.</em></span> <span class='ocrx_word' id='word_1_435' title='bbox 1364 2444 1497 2494; x_wconf 85' lang='lat' dir='ltr'><em>(Hanc</em></span> <span class='ocrx_word' id='word_1_436' title='bbox 1525 2444 1659 2481; x_wconf 84' lang='lat' dir='ltr'><em>inter—</em></span> 
     </span>
     <span class='ocr_line' id='line_1_65' title="bbox 923 2501 1657 2556; baseline -0.005 -14"><span class='ocrx_word' id='word_1_437' title='bbox 923 2506 1195 2556; x_wconf 85' lang='lat' dir='ltr'><em>pretationem</em></span> <span class='ocrx_word' id='word_1_438' title='bbox 1234 2503 1368 2541; x_wconf 78' lang='lat' dir='ltr'><em>firmat</em></span> <span class='ocrx_word' id='word_1_439' title='bbox 1395 2515 1536 2540; x_wconf 89' lang='lat' dir='ltr'><em>versus</em></span> <span class='ocrx_word' id='word_1_440' title='bbox 1569 2501 1657 2538; x_wconf 88' lang='lat' dir='ltr'><em>Silii</em></span> 
     </span>
     <span class='ocr_line' id='line_1_66' title="bbox 923 2560 1658 2610; baseline -0.005 -10"><span class='ocrx_word' id='word_1_441' title='bbox 923 2563 1006 2610; x_wconf 83' lang='lat' dir='ltr'><em>VH,</em></span> <span class='ocrx_word' id='word_1_442' title='bbox 1040 2565 1137 2603; x_wconf 86' lang='lat'>80.:</span> <span class='ocrx_word' id='word_1_443' title='bbox 1186 2575 1318 2609; x_wconf 84' lang='lat' dir='ltr'><em>„acu</em></span> <span class='ocrx_word' id='word_1_444' title='bbox 1367 2560 1658 2598; x_wconf 79' lang='lat' dir='ltr'><em>subtemine</em></span> 
     </span>
     <span class='ocr_line' id='line_1_67' title="bbox 921 2618 1659 2667; baseline -0.004 -10"><span class='ocrx_word' id='word_1_445' title='bbox 921 2621 1074 2657; x_wconf 88' lang='lat' dir='ltr'><em>fulvo</em></span> <span class='ocrx_word' id='word_1_446' title='bbox 1128 2618 1252 2667; x_wconf 88' lang='lat' dir='ltr'><em>Quod</em></span> <span class='ocrx_word' id='word_1_447' title='bbox 1300 2623 1463 2655; x_wconf 82' lang='lat' dir='ltr'><em>nostrae</em></span> <span class='ocrx_word' id='word_1_448' title='bbox 1510 2630 1659 2656; x_wconf 86' lang='lat' dir='ltr'><em>nevere</em></span> 
     </span>
     <span class='ocr_line' id='line_1_68' title="bbox 921 2673 1658 2729; baseline 0.001 -14"><span class='ocrx_word' id='word_1_449' title='bbox 921 2692 1065 2715; x_wconf 82' lang='lat' dir='ltr'><em>manus</em></span> <span class='ocrx_word' id='word_1_450' title='bbox 1085 2676 1314 2714; x_wconf 74' lang='lat' dir='ltr'><em>venerabile</em></span> <span class='ocrx_word' id='word_1_451' title='bbox 1331 2676 1523 2714; x_wconf 83' lang='lat' dir='ltr'><em>donum.“</em></span> <span class='ocrx_word' id='word_1_452' title='bbox 1544 2673 1658 2729; x_wconf 82' lang='lat' dir='ltr'><em>lVr.)</em></span> 
     </span>
     <span class='ocr_line' id='line_1_69' title="bbox 925 2734 1659 2783; baseline -0.007 -7"><span class='ocrx_word' id='word_1_453' title='bbox 925 2734 1022 2775; x_wconf 80' lang='grc'><strong>484.</strong></span> <span class='ocrx_word' id='word_1_454' title='bbox 1053 2750 1124 2771; x_wconf 63' lang='lat' dir='ltr'><em>nec*</em></span> <span class='ocrx_word' id='word_1_455' title='bbox 1153 2736 1257 2772; x_wconf 71' lang='lat' dir='ltr'><em>cedit</em></span> <span class='ocrx_word' id='word_1_456' title='bbox 1285 2734 1449 2783; x_wconf 69' lang='lat' dir='ltr'><em>honori,</em></span> <span class='ocrx_word' id='word_1_457' title='bbox 1496 2734 1530 2771; x_wconf 83' lang='lat' dir='ltr'><em>si</em></span> <span class='ocrx_word' id='word_1_458' title='bbox 1562 2735 1659 2771; x_wconf 86' lang='lat' dir='ltr'><em>Ser-</em></span> 
     </span>
     <span class='ocr_line' id='line_1_70' title="bbox 924 2793 1657 2844; baseline -0.001 -13"><span class='ocrx_word' id='word_1_459' title='bbox 924 2793 1015 2831; x_wconf 88' lang='lat' dir='ltr'><em>vius</em></span> <span class='ocrx_word' id='word_1_460' title='bbox 1035 2793 1208 2844; x_wconf 80' lang='lat' dir='ltr'><em>explicat</em></span> <span class='ocrx_word' id='word_1_461' title='bbox 1232 2801 1346 2830; x_wconf 81' lang='lat' dir='ltr'><em>tanta</em></span> <span class='ocrx_word' id='word_1_462' title='bbox 1370 2794 1441 2830; x_wconf 75' lang='lat' dir='ltr'><em>(lat</em></span> <span class='ocrx_word' id='word_1_463' title='bbox 1473 2806 1657 2840; x_wconf 81' lang='lat' dir='ltr'><em>munera,</em></span> 
     </span>
     <span class='ocr_line' id='line_1_71' title="bbox 925 2850 1660 2902; baseline 0 -14"><span class='ocrx_word' id='word_1_464' title='bbox 925 2860 1081 2902; x_wconf 75' lang='lat' dir='ltr'><em>quanta</em></span> <span class='ocrx_word' id='word_1_465' title='bbox 1139 2850 1362 2888; x_wconf 75' lang='lat' dir='ltr'><em>merebatur</em></span> <span class='ocrx_word' id='word_1_466' title='bbox 1419 2851 1624 2888; x_wconf 42' lang='lat' dir='ltr'><em>lise-anius</em></span> <span class='ocrx_word' id='word_1_467' title='bbox 1643 2863 1660 2888; x_wconf 89' lang='grc'><em>.·</em></span> 
     </span>
     <span class='ocr_line' id='line_1_72' title="bbox 924 2908 1660 2956; baseline 0 -11"><span class='ocrx_word' id='word_1_468' title='bbox 924 2909 998 2946; x_wconf 79' lang='lat' dir='ltr'><em>lzoc</em></span> <span class='ocrx_word' id='word_1_469' title='bbox 1020 2911 1127 2946; x_wconf 74' lang='lat' dir='ltr'><em>enim</em></span> <span class='ocrx_word' id='word_1_470' title='bbox 1147 2918 1203 2946; x_wconf 76' lang='lat' dir='ltr'><em>est</em></span> <span class='ocrx_word' id='word_1_471' title='bbox 1220 2908 1367 2947; x_wconf 88' lang='lat' dir='ltr'><em>honori</em></span> <span class='ocrx_word' id='word_1_472' title='bbox 1393 2922 1476 2947; x_wconf 90' lang='lat' dir='ltr'><em>non</em></span> <span class='ocrx_word' id='word_1_473' title='bbox 1506 2908 1660 2956; x_wconf 80' lang='lat' dir='ltr'><em>cedere,</em></span> 
     </span>
    </p>
   </div>
  </div>
 </body>
</html>
