1811 3388
514 229 1283 284 ADLIBRUMII
1569 232 1669 278 405

153 382 238 406 mos
268 365 400 404 Iliadis
435 375 585 415 parvae
614 361 737 399 libros
768 373 834 398 eos
872 360 1003 398 fuisse.
1073 357 1168 395 Fuit
1203 357 1328 394 Sinon
1361 355 1477 393 etiam
1512 357 1668 394 fabulae

152 424 398 476 Sophocleae
438 425 718 472 argumentum
758 417 961 469 Hesychio
1006 416 1204 454 laudatae.
1275 416 1334 452 Ex
1372 413 1449 452 hae
1485 422 1556 452 aut
1594 416 1670 452 alia

151 480 353 533 tragoedia
386 479 599 530 profecisse
642 476 807 515 videtur
838 475 1021 527 Virgilius
1057 474 1099 511 111
1130 473 1288 511 Sinonis
1326 473 1529 521 oratione,
1570 486 1669 523 quae

151 540 395 577 Graecarum
437 535 736 587 tragoediarum
775 533 1045 584 eloquentiam
1088 537 1128 568 et
1164 542 1331 568 acumen
1364 530 1531 568 redolet.
1600 532 1671 568 Est

149 609 245 635 vero
289 595 450 633 omnino
481 593 590 645 apud
620 592 826 643 Virgilium
859 597 971 629 totus
1007 590 1073 627 hic
1108 589 1219 626 locus
1251 588 1299 626 de
1335 588 1482 625 Sinone
1527 588 1669 625 eximie

148 653 373 692 elaboratus
417 657 457 689 et
500 657 687 697 ornatus,
740 649 860 687 etiam
899 648 951 686 ad
991 647 1316 700 probabilitatem
1358 648 1504 697 magis,
1551 660 1669 696 quam

148 710 258 763 apud
291 717 456 748 ceteros.
515 709 577 746 Ita
611 707 720 760 apud.
755 707 957 755 Quintum
987 719 1026 744 v.
1067 706 1150 747 355
1193 717 1318 756 prope
1352 717 1500 755 equum
1535 704 1669 741 adstat

147 769 297 818 Sinon,
339 767 450 819 quod
490 767 623 804 minus
656 765 883 818 probabile,
934 777 1053 815 quam
1082 762 1148 800 hie
1185 762 1233 811 II,
1265 763 1319 804 57
1351 776 1435 812 sqq.
1495 762 1540 799 In
1571 761 1667 799 Cod.

146 826 275 865 Vatic.
305 826 469 878 pictura
498 839 535 876 p.
575 823 628 866 43
668 823 898 861 revinctum
925 823 1022 860 fune
1051 822 1130 859 suis
1168 819 1344 858 brachiis
1375 819 1490 857 ducit
1521 833 1668 870 equum

147 884 285 922 Sinon.
345 884 471 921 Porro
499 881 608 934 apud
645 881 818 919 eundem
851 880 1052 928 Quintum
1083 879 1354 929 interrogatus
1385 877 1434 916 de
1473 891 1575 928 equo
1602 891 1668 915 re-

150 941 349 993 spondere
375 946 552 989 recusat,
595 953 667 976 nec
697 939 771 976 nisi
805 934 1081 990 αἰκιζόμενος,
1113 936 1368 984 verberibus,
1401 936 1566 973 naribus
1593 949 1667 973 au-

145 999 336 1049 ribusque
374 998 566 1047 rescissis,
609 996 793 1035 fraudem
822 996 977 1034 effatur.
1038 994 1092 1032 At
1122 994 1231 1045 apud
1261 992 1482 1044 Tryphiod.
1512 997 1592 1035 211
1629 999 1668 1030 et

146 1057 313 1095 Cedren.
349 1055 452 1094 Hist.
489 1070 526 1107 p.
565 1058 638 1096 131
674 1055 706 1091 D
734 1068 774 1091 se
804 1054 937 1106 ipsum
964 1052 1202 1091 verberibus
1232 1052 1403 1100 lacerat,
1444 1058 1489 1089 ut
1523 1051 1667 1089 Troia·

146 1129 219 1152 nos
251 1115 373 1152 sallat.
433 1113 659 1165 Sapientius
692 1112 827 1150 onmia
856 1111 1067 1162 Virgilius,
1109 1110 1227 1148 etiam
1260 1109 1339 1147 hoe
1376 1109 1486 1160 quod
1517 1110 1557 1147 in
1592 1123 1666 1160 pa-

145 1172 240 1210 lude
279 1185 319 1209 se
349 1171 552 1209 delituisse
581 1176 742 1219 narrat,
792 1183 831 1208 v.
865 1170 957 1210 135.
1018 1168 1072 1206 At
1110 1168 1219 1219 apud
1249 1167 1391 1216 Quint.
1415 1181 1453 1205 v.
1483 1167 1566 1210 375
1603 1167 1665 1204 Si-

147 1244 229 1268 non
260 1230 310 1268 ad
339 1230 495 1280 Equum
527 1235 732 1279 tamquam
763 1227 813 1265 ad
848 1227 1002 1278 asylum
1032 1240 1072 1265 se
1102 1225 1254 1278 recipit.

514 1574 1079 1634 EXCURSUS
1145 1574 1292 1632 IV*

621 1690 717 1733 De
773 1690 1183 1733 Palamede.

260 1806 306 1855 Π,
336 1808 538 1852 81-85,
597 1808 743 1845 Fando
761 1807 932 1859 aliquod
957 1809 994 1844 si
1010 1807 1122 1857 sorte
1153 1814 1244 1843 tuas
1259 1806 1441 1855 pervenit
1461 1804 1519 1842 acl
1546 1818 1662 1841 aures

145 1864 317 1901 Belidae
338 1879 480 1901 nomen
506 1866 774 1914 Palamedis,
820 1874 856 1902 et
874 1866 1027 1902 incluta
1043 1864 1173 1915 sama
1205 1862 1349 1901 Gloria
1362 1879 1376 1909 ,-
1410 1862 1660 1914 quemsalsa

142 1920 214 1958 sul)
237 1922 462 1971 proclilione
487 1924 659 1973 Pelasgi
684 1924 887 1960 Insonlem
903 1953 912 1969 ,
947 1922 1117 1972 insimulo
1139 1921 1303 1968 indicio,
1339 1924 1436 1972 quia
1461 1919 1566 1956 bella
1590 1933 1659 1955 ve-

143 1978 277 2026 labal,
312 1981 519 2017 Demisere
547 1982 660 2017 προίξ
693 1995 797 2018 nunc
829 1994 989 2017 cassum
1011 1980 1161 2017 lzcmc'ne
1187 1979 1340 2029 lugent.
1403 1976 1659 2015 Memorabile

142 2036 361 2073 Palamedis
386 2051 530 2074 nomen
561 2043 619 2074 est
648 2051 738 2074 cum
772 2038 858 2075 aliis
891 2037 940 2075 de
971 2038 1135 2085 caussis,
1179 2042 1266 2073 tum
1299 2036 1407 2086 quod
1449 2037 1490 2072 in
1520 2048 1564 2072 eo
1592 2035 1658 2071 in-

142 2093 248 2143 signe
288 2094 514 2145 exemplum
554 2095 748 2132 habemus
788 2095 966 2133 variatae
1013 2107 1084 2145 per
1122 2093 1312 2144 tragicos,
1343 2092 1436 2130 iude
1469 2091 1657 2143 perrhe—

144 2156 270 2199 tores,
316 2151 481 2188 tandem
521 2166 592 2203 per
629 2153 931 2202 grammaticos,
972 2152 1141 2189 fabulae.
1185 2150 1354 2203 (Diserte
1389 2163 1433 2187 ea
1475 2150 1657 2200 exposita

143 2207 251 2258 apud
279 2207 412 2246 Schol.
458 2210 591 2260 Eurip.
622 2210 752 2246 orest.
796 2211 880 2251 432
917 2216 956 2246 et
998 2209 1050 2247 ad
1080 2207 1279 2260 Lycophr.
1318 2210 1414 2249 386.
1445 2207 1590 2258 Hygin.
1629 2207 1654 2244 s.

146 2266 239 2313 105,
271 2271 310 2302 et
338 2265 433 2303 ibid.
464 2267 616 2314 laudd.,
650 2266 834 2305 Servium
876 2266 927 2304 ad
957 2265 1053 2304 Aen.
1088 2266 1135 2314 Il,
1168 2268 1236 2313 81,
1266 2265 1460 2316 Pompon.
1494 2264 1583 2302 Sab.
1604 2264 1655 2301 ad

142 2335 173 2359 e.
204 2322 245 2375 l.)
306 2323 479 2361 Omnino
514 2324 712 2361 Homerus
742 2337 813 2361 nec
854 2331 1008 2375 patrem
1034 2323 1250 2375 Nauplium
1280 2336 1353 2359 nec
1385 2322 1511 2360 filium
1538 2322 1654 2359 Pala—

140 2379 295 2416 medem
330 2382 528 2431 agnoscit3
578 2383 630 2419 ita
662 2388 707 2418 ut
735 2381 951 2419 obscurum
983 2387 1104 2429 esset,
1146 2380 1255 2418 unde
1288 2379 1355 2417 hic
1384 2380 1426 2417 in
1455 2393 1517 2417 res
1547 2380 1652 2417 Tro-

141 2438 250 2474 ianas
268 2438 404 2475 illatus
424 2439 492 2476 sit:
532 2441 603 2476 nisi
626 2439 773 2491 partim
806 2453 825 2475 e
855 2440 968 2477 Paus.
990 2440 1042 2487 X,
1069 2441 1120 2480 31
1138 2451 1199 2489 pr,
1220 2438 1367 2489 partim
1388 2451 1408 2474 e
1427 2437 1506 2475 MS.
1531 2438 1652 2474 Esco-

139 2495 298 2532 rialensi
334 2496 461 2533 Procli
494 2497 572 2533 iani
611 2510 731 2548 supra
759 2503 979 2534 memorato
1012 2498 1157 2534 docere
1190 2509 1366 2547 possem,
1418 2496 1652 2546 (Jy‘pra'ornm

139 2555 362 2590 carminum
387 2560 591 2592 auctorem
624 2555 798 2605 primum
829 2557 862 2591 ei
885 2554 1040 2592 aditum
1070 2560 1109 2591 et
1140 2567 1286 2591 nomen
1309 2554 1350 2590 111
1376 2553 1521 2590 fabulis
1547 2554 1651 2590 Tro—

140 2609 239 2647 ianis
267 2610 413 2648 secisse.
473 2612 571 2649 Nam
609 2611 652 2649 in
695 2613 823 2662 primo
862 2612 952 2649 belli
996 2618 1192 2663 apparatu
1227 2625 1319 2648 cum
1350 2610 1507 2661 Ulysses
1546 2610 1651 2648 111111-

142 2667 235 2703 tiam
267 2668 531 2718 detrectaret,
586 2668 750 2707 Atridae
782 2671 1001 2720 μαίνεσθαι
1038 2664 1422 2720 προςποιησοῖμενον
1460 2664 1650 2707 Ὀδυσσέα

139 2722 206 2762 ἐπὶ
238 2727 292 2778 τῷ
321 2723 376 2776 μή
411 2726 548 2766 «θέλειν
579 2723 952 2779 συστρατεύσασθαι
981 2724 1218 2779 ἐφώρασαν,
1254 2721 1530 2777 Παλαμήδους
1549 2724 1649 2764 ὐπο-

142 2779 340 2829 θεμὲνου,
391 2780 462 2822 τόν
490 2781 583 2824 υἷόν
621 2783 850 2836 Τηλέμαχον
879 2783 944 2824 ἐπὶ
971 2780 1138 2824 κόλασιν
1168 2779 1474 2835 ἐξαρπάσαντες,
1515 2788 1556 2820 et
1575 2782 1647 2819 sub

140 2834 258 2873 finem
289 2839 493 2877 carminis:
529 2841 660 2880 ἔπειτα
693 2841 774 2880 ἐστὶ
810 2838 1083 2893 Παλαμήδους
1115 2836 1318 2887 θάνατος·
1359 2841 1413 2877 ita
1446 2847 1492 2877 ut
1521 2839 1646 2877 omnis

140 2892 188 2929 de
218 2893 423 2932 Palamede
460 2898 638 2935 narratio
677 2898 727 2934 ad
768 2898 1073 2936 Anteliomerica
1110 2903 1304 2949 spectasse
1333 2897 1460 2935 videri
1492 2897 1645 2934 debeat.

139 2950 220 2987 Etsi
256 2956 408 3000 autem,
466 2955 610 3004 quibus
642 2955 769 2993 modis
807 2956 941 2994 sabula
974 2961 1144 2994 tractata
1190 2969 1211 2992 a
1243 2955 1400 2993 Stasino
1429 2961 1467 2992 ot
1503 2959 1646 2992 oruata
