1811 3388
398 196 812 249 AENEIDOS
850 197 991 246 LIB.
1031 198 1092 258 V,
1132 198 1426 248 625—640
1572 207 1666 251 807

160 329 208 377 O
232 326 419 392 patria.
457 334 509 374 et
535 324 671 390 rapti
691 321 1060 388 nequidquam
1083 338 1143 370 ex
1166 320 1322 371 hoste
1346 324 1586 388 PenateS,

157 396 381 447 Nullane
403 396 507 444 iam
528 394 721 443 Troiae
750 393 996 441 dicentur
1016 392 1265 441 moenia?
1302 408 1568 457 nusquam

157 469 454 515 Hectoreos
478 465 671 525 amnis,
699 462 973 512 Xanthum
1003 470 1055 511 et
1073 463 1370 523 Simoenta,
1407 462 1639 513 videbo?

160 537 301 597 Quin
327 536 487 599 agite,
528 543 580 584 et
601 550 817 582 mecum
840 530 1090 581 infaustas
1114 532 1311 580 exurite
1329 548 1550 596 puppes
1572 535 1672 583 635

156 610 292 656 Nam
314 604 447 653 mihi
472 603 793 656 Cassandrae
821 619 920 668 per
937 619 1192 650 somnum
1218 602 1341 650 vatis
1361 601 1535 665 imago

164 675 407 724 Ardentis
431 675 557 724 dare
582 675 687 722 visa
706 672 861 723 faces
933 672 1029 720 Hic
1053 672 1291 737 quaerite
1316 672 1561 732 Troiam3

158 745 256 794 Hic
281 745 475 793 domus
498 753 590 806 est,
612 744 799 809 inquit,
816 742 981 793 vobis.
1019 743 1131 790 Iam
1160 750 1387 806 tempus,
1411 741 1490 804 agi
1511 758 1616 801 res;

157 819 268 865 Nec
292 815 448 863 tantis
467 831 619 863 mora
642 812 908 879 prodigiis.
980 813 1058 860 En
1085 820 1313 877 quatuor
1332 827 1451 859 arae

157 888 426 951 Neptuno,
462 888 607 935 Deus
625 884 738 950 ipse
757 882 899 932 faces
921 882 1268 947 animumque
1286 880 1557 930 ministrat.
1570 885 1671 931 640

255 1026 324 1060 632
342 1034 378 1058 et
397 1025 496 1058 abest
514 1037 533 1058 a
558 1023 746 1057 nonnullis.
794 1023 871 1055 Duo
899 1021 1020 1055 Heius.
1044 1024 1073 1054 O
1090 1022 1219 1067 patrii.
1266 1024 1424 1065 Apparet
1442 1019 1531 1053 adeo
1553 1019 1596 1051 ab
1612 1019 1670 1051 iu—

162 1071 228 1104 itio
252 1075 281 1104 O
313 1072 506 1113 excidisse,
540 1083 621 1104 mox
648 1069 883 1103 diversimode
915 1069 1135 1113 suppletum3
1171 1074 1205 1100 et
1234 1080 1350 1100 verum
1381 1078 1475 1099 esse:
1503 1068 1672 1113 Opatria

162 1132 182 1152 0
203 1120 311 1165 rapti.
360 1120 438 1152 Hoc
466 1118 570 1150 etiam
592 1117 751 1150 Macrob.
772 1118 820 1150 VI
840 1119 926 1150 Stat.
944 1118 965 1151 6
984 1115 1115 1148 laudat.
1141 1116 1267 1159 (Quum
1290 1114 1325 1146 in
1351 1113 1527 1146 nonnullis
1547 1121 1582 1145 et
1607 1124 1670 1145 ex-

162 1165 326 1206 cidisset,
351 1172 478 1211 sponte
501 1177 538 1197 se
561 1165 734 1197 offerebat
752 1164 815 1205 iis,
849 1163 907 1207 qui
934 1168 1046 1194 metro
1073 1161 1267 1194 consultum
1293 1160 1446 1201 vellent,
1480 1160 1516 1192 id
1544 1159 1671 1203 ipsum,

161 1213 255 1256 quod
273 1213 410 1257 Heynio
432 1212 558 1256 placet,
587 1225 617 1245 ο.
668 1211 756 1243 Mihi
778 1210 929 1255 repetita
949 1208 1146 1241 interiectio
1168 1208 1267 1240 nimis
1287 1207 1345 1240 hic
1364 1207 1550 1239 vehemens
1570 1206 1669 1238 vide-

160 1266 228 1291 tur.
257 1261 354 1303 lVr.)
450 1260 518 1294 633
534 1259 715 1291 ducentur
736 1257 826 1289 alter
850 1256 986 1294 Hamb.,
1020 1255 1111 1299 quod
1134 1255 1251 1300 placet
1278 1256 1485 1286 Burmanno.
1531 1252 1671 1285 Scilicet

161 1306 190 1338 si
209 1318 249 1338 ea
269 1305 459 1339 eommunis
480 1305 649 1337 librorum
668 1304 775 1337 lectio
794 1303 917 1336 fuisset
930 1329 939 1343 ,
964 1313 1120 1347 unusque
1149 1307 1272 1334 contra
1291 1302 1459 1333 dicentur
1488 1298 1670 1331 exhibuis-

162 1360 236 1394 set,
261 1353 486 1398 praetulisset
504 1352 563 1384 ille
585 1351 735 1384 vicissim
755 1351 833 1383 hoe.
886 1350 1054 1382 dicentur
1075 1356 1125 1381 est
1154 1348 1322 1392 exquisite
1349 1347 1479 1380 dietum
1499 1357 1563 1390 pro
1586 1347 1669 1387 erit,

162 1407 199 1432 ut
230 1400 473 1433 Homericum:
517 1395 587 1442 σήν
615 1409 654 1431 τε
688 1397 891 1441 κεκλῆσθαι
922 1391 1078 1429 ἄκοιτιν.
1127 1407 1314 1440 nunquam
1334 1395 1434 1426 Rom.
1530 1391 1599 1427 634
1623 1394 1671 1425 H.

160 1459 286 1480 manes
313 1449 413 1479 Rom.
443 1452 478 1478 et
498 1448 614 1490 Sprot.
640 1457 660 1477 a
685 1457 729 1477 m.
761 1456 828 1477 sec.
878 1451 913 1476 et
940 1443 1040 1475 abest
1070 1455 1088 1474 a
1115 1441 1284 1475 Montalb.
1379 1441 1447 1475 635
1482 1438 1672 1484 infaustas

161 1503 196 1526 ec
215 1506 350 1526 mecam
369 1499 450 1525 tert.
471 1491 637 1524 nottend.
687 1492 833 1537 (puppis
851 1489 978 1522 Medic.
1011 1488 1105 1530 lVr.)
1200 1489 1269 1523 636
1285 1500 1355 1533 per
1381 1499 1544 1519 somnum
1572 1489 1670 1519 Cass.

161 1540 268 1573 Goth.
296 1547 379 1573 tert.
409 1546 443 1571 et
465 1538 623 1571 Lutatius
647 1538 692 1570 ad
721 1541 809 1571 Stat.
847 1538 893 1570 lv
926 1535 1040 1568 Theb.
1076 1535 1152 1570 133.
1200 1536 1319 1567 noctis
1346 1535 1467 1579 imago
1496 1532 1669 1565 Montalb.

160 1588 228 1623 638
254 1586 358 1620 nobis
380 1593 452 1618 tres
469 1587 653 1618 Burmann.
702 1596 801 1617 nunc
818 1590 899 1616 ante
919 1582 1040 1615 Heins.
1058 1594 1133 1614 curn
1153 1592 1221 1613 uno
1240 1580 1330 1614 Pier.
1365 1582 1416 1623 <et
1437 1579 1544 1612 Palat.
1573 1579 1668 1621 lVr.)

161 1635 240 1680 agit
259 1646 319 1666 res·
346 1634 444 1666 Rom.
472 1644 546 1665 cum
571 1631 647 1664 aliis
668 1631 761 1663 Pier.
791 1637 826 1663 et
854 1629 957 1663 statii
983 1628 1102 1662 Schol.
1128 1629 1207 1673 agit
1235 1640 1329 1668 rem,
1365 1638 1482 1670 prave.
1532 1634 1672 1671 tempas

161 1682 235 1726 agi,
261 1688 314 1713 est
333 1680 489 1723 agendae
512 1678 573 1712 rei.
623 1678 691 1711 Alii
716 1677 950 1720 distinguunt:
984 1677 1055 1708 Hic
1072 1675 1199 1707 domas
1218 1683 1292 1715 est,
1317 1674 1453 1718 inqaic3
1481 1671 1581 1705 vobis
1599 1685 1670 1704 tam

161 1736 187 1760 t.
234 1727 381 1760 Dorvill.
404 1727 532 1771 inquit,
560 1724 621 1758 ubi
639 1733 780 1771 tempus
798 1725 862 1769 agi
885 1735 954 1756 res.
1049 1721 1119 1756 640
1135 1723 1213 1768 ipse
1230 1732 1334 1753 sacer
1352 1719 1513 1752 Parrhas.
1552 1720 1672 1764 flam—

160 1786 324 1819 mamque
344 1775 529 1807 ministrat
555 1773 643 1805 Ven.
666 1784 683 1804 a
717 1783 761 1804 m.
781 1783 849 1805 sec.
883 1776 918 1802 et
947 1771 1046 1802 Rom.
1095 1770 1323 1812 animamque
1357 1779 1413 1806 m.‚
1438 1765 1539 1798 male.
1587 1766 1671 1797 ani—

160 1834 255 1854 mum
276 1827 329 1854 est
347 1819 550 1861 consilium,
574 1818 752 1852 inventum
772 1817 851 1850 hoe.
900 1819 945 1850 At
962 1815 1096 1849 Pierius
1117 1815 1161 1847 de
1193 1813 1338 1847 audacia
1366 1812 1509 1858 accipit3
1545 1823 1609 1845 nec
1634 1811 1669 1845 id

160 1868 262 1901 male.

161 1985 260 2024 adeo
282 1985 486 2023 dissimilia
510 1984 572 2022 his
593 1983 774 2022 versibus
797 1987 892 2020 sunt

160 2044 225 2092 VI,
248 2043 302 2085 58
324 2057 379 2093 sq.
402 2057 578 2092 magna-s·
605 2040 789 2078 obeuntia
810 2049 888 2076 ler-

160 2116 227 2139 ras·
268 2102 340 2137 Tot
368 2103 500 2137 maria
523 2101 674 2135 ιἠίνανί
702 2098 801 2134 (luce
833 2106 882 2144 te,

154 2160 392 2209 penitusque
431 2164 607 2207 reposta-s·
650 2155 886 2204 fila-ssylam

157 2225 296 2266 genle-s*
310 2245 320 2263 7
381 2223 669 2265 praelemaqae
709 2211 888 2262 *Syrtibus

160 2287 262 2311 arra
286 2271 350 2324 (ut
380 2271 421 2312 h.
454 2271 479 2308 l.
510 2269 646 2323 saxa):
677 2271 770 2307 lam
791 2278 885 2306 lan—

160 2332 250 2367 dem
273 2330 634 2380 ltaliaefizgiena's
649 2327 885 2378 prendimus

161 2403 264 2425 oras,
325 2389 420 2428 630.
452 2400 489 2424 v.
510 2399 631 2437 supra
661 2384 711 2422 ad
733 2398 790 2422 vs,
816 2386 883 2426 24.

161 2449 288 2483 iacere
310 2459 442 2481 muros
457 2474 467 2492 ‚
498 2442 693 2493 exquisite
714 2456 788 2494 pro
809 2455 885 2492 po—

159 2516 274 2551 nere,
315 2502 484 2550 ducere3
518 2506 565 2538 ut
592 2501 710 2551 vulgo
723 2500 886 2549 janda-

160 2569 294 2598 menta
314 2562 396 2597 iaci
414 2559 619 2597 dicuntur.
680 2557 773 2600 634.
793 2558 851 2594 H.
864 2579 886 2585 —

161 2627 306 2655 cloreos
323 2632 473 2665 amnes,
497 2615 730 2665 exquisitius
751 2627 885 2664 quani,

160 2675 372 2724 Troianos,
410 2681 457 2712 ut
488 2680 527 2711 et
547 2673 654 2711 alias.
712 2671 775 2710 Ad
793 2685 887 2709 sen-

161 2746 248 2769 sum
268 2745 405 2770 versus
427 2732 473 2769 cs.
506 2732 571 2769 lib.
602 2731 665 2779 ΙΙΙ,
698 2730 779 2771 349
802 2743 885 2780 sqq.

160 2788 321 2837 scilicet,
354 2803 434 2826 non
455 2790 681 2839 continget,
713 2793 759 2825 ut
781 2801 888 2826 nova

161 2846 279 2883 Troia
318 2846 462 2883 alicubi
499 2846 612 2882 nobis
653 2845 884 2882 condatur?

160 2904 207 2941 cs.
250 2903 417 2941 Excurs.
461 2903 475 2940 1
509 2902 560 2939 ad
592 2902 630 2940 h.
661 2902 727 2939 lib.
789 2902 884 2943 635.

948 1980 1156 2019 Somnium
1209 1977 1288 2016 hoc
1334 1977 1584 2028 praeclarum
1631 1982 1669 2013 et

947 2038 1111 2076 consilio
1146 2035 1492 2073 accommodatum
1530 2039 1670 2085 poetae

946 2100 1227 2133 commentum.
1297 2095 1392 2133 639.
1424 2094 1544 2129 latztt's
1568 2105 1668 2141 pro-

945 2155 1082 2202 digiis,
1113 2151 1171 2189 rei
1190 2164 1260 2202 per
1279 2163 1461 2187 somnum
1481 2155 1562 2186 tam
1581 2161 1668 2186 ma-

945 2211 1085 2248 nifeste
1104 2213 1362 2246 monstratae.
1393 2221 1488 2244 arae
1501 2206 1668 2255 AVeplu—

943 2282 1006 2305 ηο.
1067 2267 1188 2304 Forte
1208 2264 1403 2302 Anchisae
1425 2277 1512 2302 aras
1537 2262 1668 2314 potius

943 2324 1193 2376 expectabas.
1253 2322 1353 2371 Sed,
1392 2329 1440 2359 ut
1469 2334 1577 2359 nune
1595 2326 1666 2368 est,

945 2390 1036 2420 ante
1066 2381 1183 2420 ludos
1216 2381 1401 2418 funebres
1440 2378 1668 2416 commissos

944 2454 1056 2478 sacra
1076 2439 1222 2477 debent
1243 2451 1324 2475 esse
1347 2438 1450 2475 facta
1467 2437 1666 2488 Neptuno,

945 2498 1053 2536 unde
1072 2497 1149 2535 aris
1174 2495 1308 2534 adhuc
1328 2495 1490 2533 titiones
1518 2493 1665 2532 arden-

945 2563 1003 2593 tes
1039 2554 1324 2606 suppetebant3
1376 2552 1503 2601 dicas,
1542 2564 1667 2601 quor-

945 2614 1063 2652 sum‘?
1086 2614 1189 2651 sorte
1208 2611 1258 2649 ad
1283 2610 1522 2663 placandum
1547 2609 1664 2646 deum

944 2678 984 2709 et
1000 2669 1216 2709 secundam
1237 2668 1525 2720 navigationem
1544 2678 1665 2717 expe-

946 2728 1120 2768 tendam.
1181 2728 1386 2776 Quorsum
1406 2731 1539 2763 autem
1563 2736 1664 2773 qua-

944 2787 1068 2826 tuor?
1110 2785 1293 2824 Servius:
1336 2792 1522 2836 quatuor,
1567 2782 1662 2831 quia

943 2844 1098 2894 singuli
1131 2844 1250 2881 daces
1283 2843 1451 2879 nariam
1491 2838 1544 2890 (v.
1577 2850 1661 2887 sup.

947 2900 1066 2953 115),
1106 2902 1178 2952 qui
1214 2905 1478 2943 certaverant,
1519 2897 1662 2943 singa—
