1779 3420
163 218 264 267 566
558 216 1287 266 EXCURSUSII

165 344 237 383 sibi
261 349 461 382 constant.
490 358 530 382 v.
558 344 740 397 inprimis
758 345 1050 383 nobilissimum
1076 345 1208 383 locum
1238 358 1287 382 ex
1317 350 1453 383 vetere
1477 343 1679 396 Euripidis

164 402 385 441 Scholiaste
412 407 617 441 servatum
647 404 696 441 ab
728 404 873 441 Ursino
909 403 960 441 ad
1000 403 1094 442 Aen.
1124 404 1172 452 II,
1205 403 1308 450 255,
1341 409 1380 440 et
1405 416 1425 439 a
1457 402 1596 454 Scalig.
1631 403 1681 440 de

165 460 331 499 Emend.
353 466 474 511 temp.
495 460 562 498 lib.
593 461 628 500 V
658 461 876 499 excitatum
908 459 965 514 (v.
1000 475 1086 513 sup.
1111 462 1206 499 Exc.
1230 461 1246 498 Ι
1266 460 1317 499 ad
1340 461 1404 499 lib.
1427 460 1471 497 II.
1506 474 1541 511 p.
1564 460 1680 514 308),

166 519 270 557 adde
288 518 449 570 Dionys,
479 518 604 557 Halic.
630 518 657 567 Ι,
688 521 754 560 63.
776 516 831 570 (p.
853 520 920 561 51.
943 518 1070 572 Sylb.)
1106 518 1308 557 Plutarch.
1338 519 1379 557 in
1406 518 1571 556 Camillo
1593 533 1681 570 pag.

168 578 249 619 138
285 577 327 614 B.
369 590 391 613 a
427 575 609 627 pluribus
638 576 717 613 iam
754 575 963 624 laudatos,
1019 576 1200 628 inprimis
1242 577 1462 628 Scaligero,
1501 577 1681 627 Petavio,

165 634 361 673 Dodwell.
404 633 453 671 de
493 634 621 685 Cyclis
650 648 688 686 p.
731 633 836 681 805,
881 633 984 671 adde
1020 635 1148 686 Ryck.
1190 634 1239 672 de
1275 634 1391 686 prim.
1425 634 1507 674 Ital.
1542 635 1680 674 Colon.

165 706 204 745 p.
225 691 321 734 431,
379 691 459 728 Nos
479 691 656 729 Marmor
682 690 1003 728 Arundelianum
1036 691 1196 741 sequuti
1225 698 1383 730 noctem
1409 692 1515 730 inter
1546 692 1680 730 XXIII

166 755 207 788 et
231 749 364 788 XXIV
384 748 654 800 Thargelionis
676 761 891 801 ponemuS,
922 748 962 787 h.
984 762 1015 787 e.
1039 749 1144 787 inter
1163 749 1220 786 XI
1240 755 1280 787 et
1299 750 1375 788 XII
1403 749 1514 787 Iunii.
1561 751 1682 788 Pom—

166 808 310 859 ponius
331 807 491 858 quidem
520 807 610 844 Sab.
640 807 691 844 ad
726 806 824 844 Aen.
853 807 896 855 ll,
929 810 1007 849 801
1041 820 1174 845 mense
1204 807 1351 845 Martio
1385 807 1584 859 direptam
1607 822 1681 847 ur-

165 866 256 904 bem
276 871 436 911 narrat,
469 864 600 902 nescio
627 878 707 915 quo
728 871 913 914 auctore,
946 864 1016 902 sed
1039 865 1117 903 levi
1138 871 1245 903 certe
1268 872 1308 903 et
1323 865 1503 903 indocto.

281 923 392 960 Luna
424 922 527 960 circa
557 922 729 960 mediam
765 928 921 960 noctem
952 922 1104 961 oriente
1126 922 1301 961 Achivos
1329 937 1378 961 ex
1408 923 1560 961 insidiis
1583 937 1682 976 pro--

166 993 317 1033 gressos
335 980 412 1018 iam
434 979 598 1017 Lesches
622 980 663 1019 in
684 980 805 1018 Iliade
827 994 950 1032 parva
974 981 1178 1020 ediderat:
1217 979 1308 1031 Νύξ
1328 979 1401 1035 μὲν
1422 980 1490 1033 ἔην
1517 977 1683 1034 μεσᾶτη,

166 1035 328 1091 λαμπρῆ
361 1032 401 1079 δ’
446 1037 624 1079 ἐπέτελλε
669 1034 841 1090 σελήνη,
899 1038 1008 1089 quod
1044 1039 1228 1091 Virgilius
1262 1039 1473 1091 expressit:
1514 1040 1566 1088 Il,
1598 1040 1682 1082 250

174 1098 355 1135 Verlc'lur
384 1097 531 1133 interea
563 1097 717 1133 coelum
752 1102 840 1144 etc„
872 1098 955 1138 255
986 1099 1133 1135 {acellae
1159 1112 1236 1148 per
1262 1100 1398 1135 amica
1424 1098 1583 1135 ..edentia
1615 1099 1682 1135 la—

165 1168 242 1191 nae
264 1160 304 1191 et
325 1152 407 1194 340
430 1153 556 1190 oblata·
568 1155 815 1204 pet-lanam.
879 1154 985 1191 Hinc
1007 1155 1171 1193 omnino
1189 1154 1238 1192 ad
1257 1155 1541 1207 plenilunium,
1574 1155 1682 1206 quod

165 1217 300 1249 tamen
331 1210 486 1261 aliquot
513 1211 596 1249 dies
626 1211 704 1249 iam
737 1214 977 1263 praecedere
1002 1212 1165 1261 debuit,
1204 1213 1379 1251 retulere
1399 1213 1540 1250 Troiae
1571 1213 1682 1250 exci—

167 1269 278 1307 dium
301 1268 610 1321 chronographi.
639 1284 678 1308 v.
711 1270 890 1308 Clemens
916 1270 1029 1308 Alex.
1059 1272 1208 1311 Strom.
1247 1271 1275 1319 I,
1307 1285 1345 1323 p.
1367 1273 1445 1312 321
1472 1285 1528 1321 sq.
1551 1270 1682 1324 (139).

166 1327 337 1378 Scaliger
360 1325 409 1364 de
428 1327 596 1367 Emend.
613 1333 735 1380 temp.
756 1328 823 1366 lib.
848 1329 894 1366 V.
917 1343 955 1380 p.
980 1331 1075 1370 387.
1107 1329 1291 1367 Dodvvell
1315 1328 1364 1366 de
1388 1329 1515 1380 Cyclis
1544 1330 1683 1368 Graec.

165 1399 251 1437 pag.
282 1386 388 1430 808,
421 1385 489 1435 qui
530 1385 696 1423 Tzetzae
726 1386 814 1424 loco
854 1400 949 1424 usus
987 1393 1073 1424 erat
1104 1400 1124 1423 e
1160 1386 1468 1425 Posthomericis
1498 1387 1675 1437 Tzetzae,

166 1456 285 1494 quem
314 1456 424 1480 nunc
453 1442 647 1481 habemus
677 1444 839 1496 plenum
869 1445 911 1482 in
943 1444 1039 1483 edit.
1067 1445 1232 1482 Tzetzae
1258 1458 1329 1497 per
1354 1445 1419 1483 Fr.
1442 1445 1580 1483 Iacobs
1611 1459 1684 1483 cu-

165 1507 268 1540 rata:
321 1506 359 1538 et
386 1506 476 1552 post
509 1500 582 1539 hos
609 1501 724 1540 multi
759 1502 846 1551 alii,
888 1502 1009 1540 etiam
1038 1502 1258 1542 Burmann.
1290 1517 1380 1541 cum
1414 1504 1526 1542 Serv.
1557 1503 1684 1541 Cerda

167 1559 330 1609 aliisque
363 1558 413 1596 ad
438 1558 534 1597 Aen.
558 1559 604 1609 ΙΙ,
636 1560 731 1601 255.
793 1561 823 1598 Ε
847 1561 1047 1598 Clemente
1073 1575 1143 1598 sua
1174 1560 1310 1599 hausit
1326 1561 1468 1599 Euseb.
1511 1562 1559 1599 cf.
1579 1561 1682 1599 Fra—

166 1623 325 1668 gmenta
347 1616 541 1654 Hellanici
563 1631 600 1669 p.
626 1619 720 1665 151,
751 1618 864 1656 cuius
884 1632 974 1656 cum
995 1619 1143 1656 Duride
1166 1619 1379 1671 praecipua
1406 1618 1526 1657 huius
1547 1619 1682 1657 cardi-

166 1675 228 1712 nis
253 1673 433 1712 chronici
457 1675 677 1713 auctoritas
706 1675 806 1726 fuit;
847 1678 887 1714 cf
921 1679 1064 1714 Tzelza
1087 1677 1292 1714 l’ostlzom.
1322 1679 1418 1717 778.
1441 1679 1478 1718 9.
1539 1678 1683 1715 'szetza

166 1733 298 1770 minus
320 1738 503 1770 accurate
529 1733 696 1784 apponit
716 1733 854 1784 plura,
885 1739 930 1772 ut
959 1748 1018 1772 vs.
1051 1733 1147 1775 764.
1177 1748 1327 1771 annum
1354 1740 1445 1771 ante
1476 1735 1623 1786 Olymp
1651 1735 1680 1784 Ι,

167 1789 263 1830 418.
297 1788 387 1842 (pro
409 1804 442 1828 a.
461 1789 562 1843 408)
592 1796 678 1828 tum
704 1791 976 1842 Thargelionis
995 1791 1099 1829 diem
1127 1793 1201 1830 XII
1234 1792 1308 1844 (vs.
1331 1791 1445 1846 770),
1476 1793 1545 1830 sed
1566 1793 1681 1845 igno-

167 1853 254 1885 rata
281 1847 427 1885 veteris
450 1848 544 1885 anni
568 1848 726 1886 ratione
760 1863 849 1887 eum
871 1863 960 1887 cum
983 1848 1166 1887 Ianuario
1192 1855 1408 1901 comparat.

283 1904 426 1943 Achivi
458 1905 619 1956 quidem
649 1905 726 1944 hac
754 1908 838 1959 ipsa
861 1913 1009 1946 aestate
1031 1908 1166 1945 littore
1193 1908 1366 1946 Troiano
1393 1908 1580 1957 solvunt,
1613 1908 1682 1945 sed

167 1963 274 2000 inter
304 1963 436 2002 varias
466 1963 743 2002 contentiones
779 1972 941 2004 exortas
972 1966 1106 2018 paullo
1138 1966 1263 2004 serius
1291 1980 1410 2016 quam
1440 1967 1551 2004 factu
1582 1979 1681 2017 opus

168 2026 270 2070 erat,
303 2034 352 2059 ne
373 2021 415 2058 in
443 2027 585 2059 ventos
611 2022 827 2073 Aquilones
850 2030 995 2072 statos,
1041 2023 1177 2061 etesias
1204 2031 1371 2072 vocant,
1404 2024 1471 2074 qui
1490 2022 1566 2061 hac
1589 2024 1681 2061 anni

167 2084 282 2130 parte
312 2080 353 2117 in
383 2078 444 2116 his
474 2079 594 2131 plagis
626 2081 746 2118 maris
773 2082 911 2133 Aegaei
946 2083 1045 2120 flare
1074 2082 1225 2130 solent,
1265 2082 1508 2131 inciderent,
1550 2082 1681 2132 itaque

168 2137 300 2175 classis
323 2137 463 2175 misere
494 2143 728 2189 tempestate
760 2146 820 2178 est
857 2139 1032 2178 disiecta.
1093 2140 1150 2178 Ita
1181 2139 1341 2190 quidem
1371 2139 1467 2178 mihi
1491 2153 1534 2176 ea
1566 2140 1614 2177 de
1637 2153 1680 2177 re

168 2194 331 2233 videtur
357 2195 478 2233 statui
511 2209 637 2247 posse.
697 2196 916 2248 Homerus,
962 2204 1010 2236 ut
1042 2197 1291 2236 mirationem
1320 2198 1512 2236 maiorem
1549 2198 1680 2246 saciat,

169 2251 312 2304 Odyss.
338 2269 361 2306 y
382 2259 421 2291 et
452 2254 475 2292 ὅ
501 2253 766 2293 calamitatem
792 2255 896 2293 hane
924 2255 1095 2294 Palladis
1117 2256 1198 2293 irae
1229 2261 1268 2293 et
1289 2254 1536 2295 Achivorum
1564 2256 1679 2293 dissi-

169 2309 244 2347 diis
263 2324 436 2360 moxque
458 2310 633 2362 Neptuni
655 2313 755 2350 odiis
774 2313 929 2352 tribuit.
980 2314 1052 2352 His
1072 2313 1207 2351 iisdem
1227 2313 1370 2362 ventis,
1401 2314 1539 2352 eodem
1561 2328 1680 2362 anno,

169 2367 326 2418 Ulysses
358 2366 413 2419 (v.
445 2368 521 2406 Od.
551 2369 586 2417 I,
620 2373 673 2411 67
701 2384 756 2421 sq.
797 2375 851 2413 80
877 2371 965 2425 sq.),
1008 2372 1135 2409 altero
1163 2371 1337 2419 Aeneas,
1368 2385 1509 2410 versus
1534 2372 1680 2423 Libyae

169 2424 307 2462 littora
334 2431 430 2463 sunt
450 2425 592 2475 delati,
625 2427 782 2477 iisdem,
823 2429 892 2466 sed
923 2443 1028 2467 anno
1052 2429 1211 2467 demum
1233 2435 1375 2467 octavo
1399 2435 1511 2480 post,
1544 2430 1680 2467 Mene-

170 2481 255 2519 laus
283 2495 354 2533 per
378 2483 458 2520 XX
478 2483 559 2521 dies
582 2484 623 2521 in
647 2485 782 2524 littore
812 2485 982 2538 Aegypti
1011 2486 1062 2524 ad
1088 2486 1264 2524 Pharum
1292 2487 1507 2524 tenebatur
1535 2487 1679 2538 Odyss.

171 2540 208 2587 ὃ,
239 2541 334 2582 351.
354 2539 450 2582 475.
482 2539 547 2593 (cf.
577 2543 720 2581 lVood
747 2557 797 2580 οη
822 2544 885 2581 the
913 2545 1091 2595 original
1121 2545 1273 2581 Genius
1303 2544 1525 2595 osflomer
1549 2559 1587 2597 p.
1613 2545 1680 2586 55.

170 2595 231 2634 ed.
256 2610 314 2647 pr.
338 2611 376 2648 p.
397 2600 481 2638 227
502 2598 563 2636 ed.
586 2599 677 2651 sec.)
739 2601 942 2652 Incipiunt
972 2608 1105 2639 autem
1135 2607 1367 2639 constanter
1393 2602 1543 2653 spirare
1575 2602 1680 2640 cirea

171 2654 280 2692 XVII
310 2654 397 2691 Kal.
431 2654 543 2706 Aug,
586 2670 676 2694 cum
706 2657 782 2694 iam
814 2658 949 2696 decem
979 2659 1060 2696 dies
1088 2665 1180 2696 ante
1212 2659 1345 2696 exorti
1375 2659 1475 2698 sint:
1505 2675 1543 2699 v.
1577 2660 1677 2699 Plin.

171 2712 218 2760 II,
248 2710 316 2752 47.
375 2712 447 2750 Est
467 2711 545 2750 hoc
564 2719 720 2765 tempus
746 2710 951 2767 o’noeotviv
985 2716 1265 2767 antiquorum,
1296 2713 1436 2769 ὀπώρα
1462 2718 1569 2770 apud
1591 2718 1680 2756 Ho-

171 2781 348 2818 merum,
381 2782 461 2820 quo
492 2771 654 2808 boream
681 2772 777 2809 Ilare
810 2773 865 2811 ait
894 2773 1002 2811 Iliad.
1036 2790 1079 2822 φ,
1104 2772 1197 2815 346.
1231 2775 1307 2812 Od.
1339 2790 1368 2824 ε,
1401 2778 1497 2818 328.
1559 2776 1679 2815 Iidem

171 2826 314 2864 etesiae
347 2828 673 2878 esse‘videntur‚
706 2829 834 2879 quiin
855 2831 986 2869 sabula
1019 2831 1180 2870 Aristaei
1213 2841 1599 2874 commemorantur:
1631 2834 1680 2872 de

172 2884 315 2935 quibus
342 2884 424 2925 vid.
456 2884 639 2937 Apollon.
667 2887 714 2935 II,
746 2887 842 2928 516.
874 2888 955 2931 525
987 2896 1026 2927 et
1054 2890 1108 2927 ibi
1139 2888 1271 2928 Schol.
1332 2891 1375 2928 In
1406 2890 1575 2930 hiemem
1605 2892 1679 2943 igi-

172 2948 251 2992 tur,
283 2942 354 2979 nisi
391 2944 653 2995 procellosum
684 2950 842 2996 tempus
874 2946 1089 2999 intelligas,
1139 2946 1261 2985 dilata
1286 2949 1530 2988 Graecorum
1563 2950 1679 2988 navi-
