1811 3388
368 171 783 223 AENE1Dos
821 172 1418 234 LIB.V1,101-114

1559 187 1654 232 871

146 298 457 361 Contingat3
491 296 683 345 doceas
706 296 829 359 iter,
870 305 921 345 et
942 313 1081 344 sacra
1104 298 1233 346 ostia
1255 299 1465 362 pandas,

143 367 300 417 Illum
325 381 424 429 ego
445 382 543 430 per
563 364 803 415 flammas
829 375 880 415 et
906 365 1051 414 mille
1075 369 1349 432 sequentia
1372 369 1474 417 tela

1562 379 1657 424 110

142 436 326 501 Eripui
345 435 425 483 his
449 435 711 497 humeris,
749 436 1042 502 medioque
1069 453 1128 484 cx
1148 435 1303 485 hoste
1323 440 1531 503 recepi3

142 505 263 567 Ille,
302 521 489 554 meum
511 506 790 554 comitatus
818 507 940 567 iter,
977 507 1141 554 maria
1171 507 1349 555 omnia
1372 523 1587 557 mecum

141 577 316 641 Atque
340 576 513 623 omnis
535 575 814 641 pelagique
834 576 1003 624 minas
1029 574 1271 642 coelique
1296 575 1519 642 ferebat,

142 644 433 708 Invalidus,
473 645 608 694 vires
627 645 764 695 ultra
786 655 1098 711 sortemque
1120 654 1378 697 senectae.

214 743 327 791 113.
366 751 603 786 FEREBAT
639 740 676 789 Ι.

238 856 305 889 109
333 855 519 899 Contingit
537 854 673 898 aliquot
693 855 804 895 Pier.;
830 861 868 888 at
887 856 1080 888 Romanus:
1113 856 1234 887 Unum
1259 866 1323 887 oro
1345 873 1387 878 —
1409 856 1471 886 Ire
1492 854 1537 887 ad
1565 867 1594 887 c.
1624 868 1653 888 c.

140 903 338 948 genitoris,
372 909 408 934 et
445 913 511 933 ora
549 903 775 947 Contingam.

874 904 937 936 111
975 901 1105 934 revelli
1132 901 1246 945 Bigot.
1295 903 1333 933 In
1359 902 1479 946 recepi
1503 900 1655 944 argutati

141 955 221 982 sunt
241 954 378 980 veteres
398 947 631 980 Grammatici.
656 960 686 980 v.
710 951 806 982 Serv.
828 955 861 980 et
890 949 1057 992 Pompon.
1084 948 1165 981 Sab.
1213 947 1282 981 Sed
1309 948 1502 991 recipimus
1529 955 1564 979 et
1592 959 1654 979 re-

141 1007 344 1039 cuperamus
364 1006 435 1027 non
453 994 557 1027 modo
580 994 725 1037 amissa,
761 996 823 1028 sed
853 1007 892 1027 ea
923 1006 1080 1040 quoque,
1114 1007 1202 1039 quae
1238 1006 1281 1027 ne
1310 994 1547 1026 amitteremus
1576 1006 1654 1026 me-

140 1043 305 1075 tuendum
325 1048 411 1074 erat.

140 1089 305 1122 admittas
328 1089 418 1121 hunc
438 1087 607 1131 positum,
633 1100 735 1131 quum
756 1088 944 1133 praecedat
965 1089 1113 1120 maria
1141 1090 1271 1120 omnia.
1300 1086 1396 1130 lVr.)

507 1042 573 1076 113
597 1042 757 1086 coelique
778 1044 897 1074 minas
913 1042 1110 1087 pelagique
1129 1041 1257 1074 Medic.
1285 1047 1321 1072 et
1337 1040 1445 1073 Wall.
1473 1040 1550 1082 (sed
1570 1052 1653 1073 cave

1494 1086 1560 1122 114
1583 1089 1652 1119 In-

140 1137 301 1168 validus.
321 1136 369 1168 Io.
388 1134 571 1168 Schrader.
591 1135 739 1167 otiosum
759 1148 834 1168 esse
857 1142 951 1167 ratus
981 1134 1117 1167 emend.
1143 1134 1369 1179 Impavidas.
1418 1133 1548 1166 Verum
1578 1137 1653 1166 An-
1678 1155 1682 1157 -

140 1183 255 1216 chises
276 1182 434 1222 serebat,
461 1182 528 1213 etsi
545 1181 736 1223 invalidus,
759 1182 882 1214 fortius
904 1193 1002 1226 quam
1031 1192 1095 1226 pro
1120 1180 1243 1213 virium
1272 1187 1307 1212 et
1337 1179 1456 1212 aetatis
1483 1179 1586 1212 modo
1616 1186 1653 1213 et

140 1230 260 1273 gradu.
312 1230 370 1272 (Et
399 1228 508 1260 robur
537 1228 685 1273 accipiet
713 1230 911 1261 Invalidus
935 1227 1052 1272 posito
1082 1234 1165 1271 post
1184 1226 1335 1274 ferebat
1360 1233 1552 1268 commate,
1585 1238 1650 1260 au-

139 1283 238 1310 ctore
259 1276 337 1320 ipso
360 1275 531 1308 mediceo.
580 1276 741 1308 Ceterum
764 1277 854 1308 viris
871 1277 971 1308 Rom.
999 1274 1095 1318 Wr.)

138 1390 226 1430 οαί,
261 1395 378 1433 quem
398 1382 483 1419 vult
500 1383 617 1419 nasci
651 1382 699 1419 cle
731 1381 867 1418 Ache-

136 1441 258 1477 rontis
303 1441 515 1476 aestuariis
534 1453 550 1478 .·
600 1445 648 1476 ut
682 1439 867 1477 Avernus

137 1497 235 1534 adeo
264 1497 315 1533 sit
338 1496 577 1534 Acherontis
608 1497 866 1534 emissarium.

138 1555 234 1592 Fuit
256 1560 389 1592 tamen
411 1554 451 1592 in
471 1553 533 1591 his
563 1554 654 1605 ipsis
685 1553 782 1591 locis
815 1553 866 1591 ad

137 1613 280 1650 Cumas
297 1613 420 1661 palus
439 1612 662 1649 Acherusia
683 1609 748 1664 (cf.
768 1612 864 1649 Exe.

136 1670 170 1708 ΙΙ
206 1675 245 1706 et
278 1670 336 1707 lX
356 1676 466 1717 extr.
498 1669 549 1706 ad
576 1668 616 1707 h.
644 1668 774 1721 libr.):
815 1668 865 1706 ad

135 1741 255 1779 quam
277 1727 462 1779 Virgilius
484 1727 679 1778 respicere
705 1726 866 1764 debuit:

135 1785 337 1823 tenebrosa
371 1786 498 1836 palus
543 1784 763 1822 Acheronte
800 1798 865 1821 re-

123 1842 223 1894 fuso
237 1859 247 1879 .·
281 1843 354 1880 etsi
376 1843 417 1880 in
440 1856 483 1880 ea
504 1842 746 1892 designanda
769 1855 864 1879 usus

134 1901 237 1938 sorte
261 1906 320 1937 est
341 1901 410 1949 iis,
441 1913 541 1950 quae
562 1900 611 1936 de
637 1899 865 1936 Acheronte

134 1958 175 1995 in
196 1957 331 1994 inseris
352 1958 507 1995 narrari
526 1958 676 2005 solent,
708 1957 770 1994 cui
792 1970 863 1993 ae-

133 2024 216 2052 slus
250 2014 445 2053 tribuitur
472 2015 541 2051 ins.
572 2028 610 2052 v.
641 2017 736 2054 296.
765 2016 863 2062 297,

133 2072 188 2109 ita
209 2078 256 2109 ut
279 2084 328 2108 ex
347 2072 484 2109 inferis
518 2071 701 2122 partibus
731 2084 863 2109 exun-

134 2129 225 2177 det,
258 2142 456 2180 supraque
482 2129 647 2166 crateris
672 2128 731 2165 sui
752 2128 862 2165 labra

133 2187 328 2224 exuberet
358 2186 509 2238 (ufic-m
530 2185 596 2238 sit)
629 2199 752 2236 aqua3
784 2185 863 2222 du-

134 2250 244 2281 ctum
275 2244 319 2281 id
356 2257 404 2281 ex
435 2244 620 2290 Plat0ne3
670 2244 709 2280 in
748 2243 859 2279 cuius

132 2301 344 2339 Phaedone
368 2315 406 2353 p.
429 2304 508 2342 112
531 2302 573 2338 B.
598 2300 735 2352 Steph.
755 2300 860 2337 Tar-

133 2366 244 2397 tarus
267 2372 402 2397 omnes
425 2371 558 2396 amnes
577 2358 737 2410 recipit,
757 2371 859 2407 aqua

132 2423 265 2454 autem
283 2417 487 2470 αἰωρεῖται
511 2413 562 2468 δή
583 2415 652 2455 καὶ
673 2416 860 2466 κυμαίνει

132 2472 219 2514 ἄνω
267 2480 339 2512 etc.
406 2474 465 2512 Ita
513 2473 656 2526 passim
706 2479 858 2524 poetae.

131 2532 251 2584 Apud
282 2532 412 2570 Valer.
450 2531 509 2569 Fl.
543 2531 604 2578 lv,
641 2530 724 2572 594
765 2531 858 2567 Illic

133 2588 265 2642 (iuxta
288 2589 517 2627 Heracleam
548 2585 855 2640 Paphlagoniae)

132 2647 314 2684 Acheron
345 2670 390 2676 —
424 2655 614 2698 vastoque
680 2645 855 2683 exundat

129 2704 247 2741 hiala
288 2706 462 2742 Famem·
482 2719 499 2750 ;
552 2710 591 2740 et
626 2703 675 2740 de
713 2702 852 2740 eodem

132 2761 314 2811 Apollon.
343 2762 388 2810 ΙΙ,
428 2761 510 2802 747
540 2761 655 2812 κοίλη
691 2759 734 2800 δὲ
770 2755 853 2809 φα-

129 2819 224 2870 ραγξ
258 2814 421 2872 κατάγει
449 2834 516 2869 μιν
543 2816 718 2858 ἄνωθεν.
767 2818 853 2869 Ipse

129 2876 230 2912 enim
254 2874 437 2913 Acheron
453 2876 494 2913 in
516 2875 601 2913 imis
629 2881 757 2913 terrae
785 2889 853 2913 ra-

927 1381 1100 1419 dicibus:
1133 1376 1322 1420 Κύοίνεον
1352 1374 1395 1419 δ’
1428 1374 1649 1430 Ἀχέρονθ’,

925 1435 972 1486 ὃς
1004 1437 1081 1490 ἔχει
1113 1434 1315 1489 ῥιζώματα
1344 1437 1480 1490 γαίης,
1522 1435 1648 1487 Orph.

925 1496 1072 1547 Hymn.
1091 1495 1214 1543 XVII,
1247 1497 1310 1535 10.
1371 1494 1425 1531 De
1456 1492 1516 1530 his
1552 1493 1647 1544 ipsis

925 1559 1059 1591 autem
1084 1552 1180 1590 locis
1206 1552 1353 1602 Ulyssis
1387 1551 1502 1588 aditu
1542 1551 1648 1587 cele-

924 1611 1047 1648 bratis
1091 1623 1208 1661 agens
1251 1608 1459 1660 Lycophr!
1488 1621 1526 1645 v.
1564 1608 1648 1649 695

922 1664 1189 1721 κοίχερουσίαν
1202 1663 1400 1717 Ῥόχθοισι
1421 1665 1648 1716 κυμαίνον-

923 1739 999 1766 σαν
1020 1725 1209 1776 οἴδματος
1237 1719 1376 1776 χύσιν,
1407 1729 1448 1760 et
1477 1722 1647 1760 eundem

921 1784 962 1821 in
995 1796 1153 1821 sensum
1179 1782 1297 1819 Silius
1329 1789 1504 1818 eructare
1545 1779 1646 1817 dixit

919 1842 962 1879 in
986 1841 1074 1878 loco
1105 1853 1155 1877 ex
1182 1839 1347 1877 Marone
1380 1850 1566 1889 expresso
1596 1837 1646 1887 X,

921 1898 1004 1940 425
1045 1912 1258 1948 speczcs—
1279 1904 1429 1932 eructat
1461 1894 1646 1931 acerbam

926 1957 1062 2006 Cocyti
1079 1956 1172 1992 laxo
1192 1955 1402 2003 suspirans
1422 1966 1485 1989 ore
1513 1951 1643 2001 pala—-

919 2014 1024 2050 (lem.
1087 2012 1157 2049 Est
1190 2010 1324 2059 itaque
1364 2009 1568 2059 resa-sum,
1610 2009 1641 2045 si

918 2076 1035 2122 poeta
1067 2075 1204 2106 noster
1247 2067 1298 2104 ad
1339 2072 1491 2103 aestum
1528 2065 1642 2103 illum

919 2126 1141 2165 ebullientis
1162 2137 1284 2175 aquae
1303 2123 1490 2174 respexit,
1505 2122 1641 2173 paullo

920 2186 1034 2222 aliter
1055 2184 1207 2221 dictum
1230 2188 1348 2231 atque
1369 2193 1417 2217 ex
1440 2179 1639 2217 communi

917 2255 1016 2290 usu,
1048 2255 1127 2292 quo
1157 2239 1387 2289 simpliciter
1413 2237 1465 2274 ad
1496 2250 1640 2287 aquam

918 2305 1164 2349 stagnantem
1184 2296 1283 2334 illud
1299 2300 1512 2346 spectaret:
1543 2289 1640 2333 οἴνα-

917 2356 1057 2409 χυθεὶς
1076 2350 1276 2407 ποταμός,·
1311 2353 1383 2390 etsi
1402 2365 1450 2390 ne
1472 2352 1526 2389 sic
1544 2351 1638 2401 qui-

919 2414 1037 2463 dem,
1078 2418 1167 2464 post
1206 2411 1338 2449 onmia
1367 2410 1466 2458 ista,
1506 2409 1636 2458 video,

916 2471 1015 2522 quid
1046 2469 1237 2521 impediat
1262 2469 1303 2506 in
1335 2468 1498 2505 Marone
1529 2466 1636 2503 acci-

914 2542 1008 2581 pere
1033 2527 1220 2580 paludem
1252 2526 1485 2564 Acherontis
1513 2523 1638 2574 refficsi

914 2600 984 2624 seu
1008 2587 1257 2635 stagnantis,
1291 2589 1475 2634 respectu
1502 2580 1635 2618 Ache—

914 2644 1043 2682 rusiae
1071 2642 1121 2680 ad
1146 2644 1308 2690 Cumas,
1352 2641 1400 2678 de
1429 2653 1507 2690 qua
1538 2650 1632 2676 ver-

910 2702 960 2739 ba
994 2707 1087 2739 sunt
1122 2698 1368 2750 Geographi:
1405 2693 1633 2748 Ἀχερουσία

909 2760 1054 2811 λίμνη,
1094 2754 1286 2808 α’νοῖχυσίς
1313 2771 1373 2803 τις
1408 2748 1632 2805 τεναγώδης

910 2814 1122 2867 θαλάσσης
1151 2815 1280 2853 Strab.
1319 2813 1366 2860 V,
1403 2824 1441 2861 p.
1468 2809 1549 2871 2433
1585 2808 1628 2845 D.

911 2874 1006 2912 Mox
1024 2887 1142 2910 sacra
1161 2874 1262 2909 ostia
1277 2900 1286 2918 ,
1312 2876 1356 2908 ut
1374 2869 1628 2906 Homericum
