1731 3420
73 170 102 213 8
465 151 1088 217 DISQUISITIO
1162 149 1186 196 I

72 290 170 338 tim
206 303 391 336 rerum
424 285 640 334 obiectu
685 298 745 331 ea
788 277 1054 346 percipiat.
1129 276 1401 334 Quorsum
1441 266 1586 316 enim

75 374 304 425 operose
332 354 500 404 multa
529 351 867 402 conscribere
907 356 994 396 aut
1029 353 1482 402 commemorare,
1504 408 1508 410 -
1528 346 1590 387 ut

72 427 299 490 factum,
338 423 487 491 quod
512 429 887 487 argumentum
916 416 1127 482 epicum
1155 410 1448 471 contineat,
1488 408 1589 457 do-

76 514 192 548 ceas
214 513 327 546 esse
349 494 549 544 debere
572 507 768 550 unum,
808 497 860 538 et
892 484 1218 543 absolutum,
1259 488 1310 528 et
1348 479 1484 527 intra
1514 479 1590 527 iu-

75 577 217 617 stum
247 564 507 630 temporis
536 561 763 628 spatium
793 553 1281 622 comprehensum?
1326 564 1589 625 quorsum

78 638 147 687 de
176 634 446 686 nectendo
473 642 525 682 et
559 627 898 681 dissolvendo
931 623 1079 673 nodo
1104 621 1154 670 11.
1182 637 1224 670 e,
1259 619 1326 668 de
1360 617 1589 668 difficul-

76 707 269 756 tatibus
298 713 385 754 aut
401 702 583 766 motis,
622 709 709 749 aut
733 695 984 747 obiectis?
1022 693 1089 742 de
1116 689 1486 756 episodiorum
1518 687 1589 737 af.

79 776 284 826 finitate
320 783 372 824 et
399 790 539 822 nexu
578 787 699 819 cum
725 768 869 834 epica
897 763 1234 813 narratione?
1269 762 1413 809 Haec
1437 758 1589 808 intel-

78 847 242 910 ligere
265 854 317 894 et
343 841 547 908 assequi
573 838 717 888 haud
742 837 877 887 adeo
907 832 1123 883 difficile
1147 836 1312 895 est*);
1353 827 1591 879 difficul-

78 926 210 965 tates
255 913 433 980 paullo
475 911 704 960 maiores
748 917 875 956 tunc
907 910 1218 964 nascuntur,
1286 901 1327 949 si
1374 901 1428 949 in
1470 917 1590 949 rem

79 993 418 1052 praesentem
459 977 807 1030 deducendae
849 983 972 1023 sunt
1017 974 1143 1022 istae
1189 970 1591 1036 disputationes,

81 1065 140 1104 ut
161 1061 427 1120 appareat,
460 1068 562 1116 qua
583 1051 788 1098 ratione
811 1054 862 1095 et
885 1053 993 1093 arte
1016 1044 1068 1092 in
1103 1057 1298 1105 magno
1323 1039 1590 1090 factorum

82 1140 309 1173 numero
353 1128 725 1185 argumentum
756 1114 998 1165 carminis
1029 1114 1095 1161 ita
1135 1112 1302 1176 digeri
1343 1121 1395 1161 et
1432 1112 1591 1161 ador-

83 1194 194 1243 nari
216 1193 401 1258 possit,
438 1200 497 1238 ut
519 1189 585 1238 ad
605 1188 864 1237 unitatem
886 1184 1178 1234 deducatur
1198 1199 1298 1233 reS.
1371 1184 1487 1231 Hoc
1518 1183 1591 1231 in-

82 1264 238 1328 genio
262 1270 453 1327 poetae
486 1258 828 1324 relinquitur3
877 1255 989 1321 qui,
1024 1254 1064 1301 si
1089 1252 1154 1301 ad
1177 1252 1281 1302 hoc
1305 1253 1426 1300 satis
1449 1253 1592 1318 inge-

84 1334 172 1381 nio
208 1331 368 1392 valet,
406 1329 577 1378 multo
607 1327 770 1391 magis
804 1332 1219 1391 praeceptorum
1250 1324 1477 1372 istorum
1508 1340 1593 1372 co-

86 1403 227 1468 piosa
254 1400 578 1465 expositione
600 1396 808 1447 carebit.

219 1473 288 1520 Ut
323 1485 448 1518 vero
480 1468 755 1518 admiratio
784 1466 862 1514 rei
881 1478 1104 1528 magnae
1137 1464 1377 1513 animum
1404 1473 1593 1513 tenere

88 1550 139 1589 et
159 1539 508 1589 delectatione
537 1536 862 1605 perfundere
895 1535 1087 1601 possit,
1135 1535 1252 1601 quis
1280 1551 1445 1600 porro
1478 1551 1590 1583 non

87 1610 253 1665 videt„
293 1626 350 1657 ea
384 1609 561 1656 omnia
591 1625 617 1656 a
649 1615 807 1673 poeta
841 1606 1007 1654 curari
1041 1613 1093 1653 et
1129 1606 1383 1670 sagaciter
1411 1605 1592 1671 provi-

89 1680 201 1728 deri
226 1679 449 1739 debere,
489 1698 612 1743 quae
645 1683 714 1726 ad
748 1681 873 1725 illud
906 1679 1158 1724 consilium
1189 1681 1461 1742 prodesse,
1510 1692 1593 1724 ca-

88 1750 195 1798 veri
227 1748 424 1797 debere
455 1764 539 1811 ea,
578 1768 702 1813 quae
731 1750 894 1796 obesse
917 1748 1149 1812 possint?
1197 1746 1446 1812 adeoque
1471 1755 1593 1795 ante

90 1820 270 1868 omnia
313 1817 522 1866 lectoris
568 1819 803 1867 animum
847 1822 1130 1882 argumenti
1173 1822 1368 1867 notione
1421 1822 1595 1882 aliqua

90 1905 203 1937 esse
226 1887 602 1945 imbuendum,
639 1897 698 1937 ut
723 1903 821 1935 nec
850 1896 1030 1935 tamen
1067 1888 1370 1947 exsatieturg
1412 1892 1461 1936 in
1494 1908 1597 1936 me-

90 1964 227 2007 diam
254 1977 356 2005 rem
377 1977 481 2006 esse
503 1963 816 2023 rapiendum,
854 1966 912 2005 ut
940 1973 1039 2005 nec
1065 1966 1245 2007 tamen
1279 1975 1463 2007 rerum
1495 1975 1595 2007 110-

90 2029 215 2076 vitas
237 2027 553 2076 obscuritate
582 2027 808 2087 laboret3
849 2044 1078 2093 cumque
1106 2029 1285 2077 omnia
1315 2028 1378 2077 ad
1411 2045 1596 2077 sensus

92 2107 143 2146 et
169 2096 529 2163 phantasmata
561 2098 613 2145 in
635 2098 864 2146 carmine
887 2097 1137 2159 redeant,
1184 2119 1353 2148 rerum
1380 2103 1595 2149 obieeta-

92 2187 197 2216 rum
226 2171 520 2231 praestigiis
543 2172 615 2216 ila
648 2172 974 2216 deliniendum
997 2172 1367 2234 etfitllendum,
1408 2181 1459 2219 ut
1492 2170 1598 2218 iam

91 2237 143 2284 in
167 2235 261 2284 alia
296 2252 475 2284 rerum
496 2246 677 2285 natura
701 2246 752 2285 et
780 2237 994 2299 ordine,
1033 2239 1127 2288 alia
1163 2240 1443 2305 cogitandi,
1483 2257 1600 2290 sen-

93 2305 282 2363 tiendi,
331 2314 382 2352 et
410 2306 597 2369 agendi
640 2307 717 2355 via
754 2316 803 2355 et
832 2308 1059 2371 ratione,
1099 2309 1208 2358 aliis
1244 2311 1598 2376 temporibus,

93 2377 228 2424 inter
253 2375 377 2422 alios
401 2375 661 2435 homines,
700 2385 751 2424 et
774 2386 912 2425 extra
933 2394 987 2426 se
1012 2379 1339 2447 solitumque
1361 2382 1498 2431 vitae
1520 2390 1599 2430 te—

95 2461 284 2493 norem
317 2446 653 2507 constitutUS,
704 2451 749 2495 iu
773 2451 890 2495 nihil
924 2452 1139 2508 incidat,
1193 2468 1301 2517 quo
1344 2468 1600 2519 experge-

96 2514 258 2563 factus
291 2516 437 2580 quasi
471 2532 529 2563 ex
562 2532 722 2564 aureo
756 2518 966 2567 somnio
1000 2523 1090 2568 sihi
1114 2526 1417 2590 lusumfieri
1439 2528 1600 2573 anim—

211 2706 244 2755 *)
280 2703 466 2754 Exposita
488 2718 528 2739 ea
560 2711 653 2741 sunt
677 2719 694 2740 a
728 2706 883 2754 multis,
922 2711 1137 2758 praeferam
1171 2720 1302 2751 tamen
1337 2715 1441 2752 dicta
1464 2727 1483 2750 a
1506 2713 1607 2751 Su]-¹

93 2778 184 2801 'hero
204 2764 241 2799 111
267 2763 535 2809 sllllgrcvttfm'lzer
569 2763 731 2798 'l'lteorc'e
766 2765 834 2800 (ΛΤ
865 2766 1030 2803 sehsinen
1066 2771 1217 2808 Aisyme
1244 2773 1283 2809 in
1306 2787 1393 2810 VOC.
1417 2773 1601 2810 ,Helslen-
1637 2800 1640 2807 Ι

90 2822 279 2869 g‹›‹ls‹·l11;
314 2819 383 2855 cisi
415 2820 606 2857 nonnulla
634 2826 747 2867 sunt,
795 2822 834 2858 in
864 2836 1033 2872 quorum
1060 2829 1203 2866 caussis
1233 2831 1453 2869 reddendis
1487 2830 1603 2868 aliter

92 2879 271 2916 sentiani.
334 2877 460 2915 Multo
484 2878 615 2915 miuus
642 2878 675 2915 ei
696 2878 972 2931 adstipulabor
1002 2883 1041 2920 in
1060 2885 1183 2924 altero
1208 2888 1317 2927 loco:
1351 2890 1512 2927 Aeneis.
