1779 3420
116 213 215 261 868

115 338 354 403 Usquam
382 334 562 386 aberit.

424 209 477 258 P.
516 208 886 258 VIRGILlI
922 207 1301 260 MARONIS

639 337 822 398 Quum
842 344 902 385 tu
932 335 1156 402 supplex
1186 335 1240 384 in
1270 335 1432 385 rebus
1469 337 1651 401 egenis

119 410 260 469 Quas
281 406 455 471 gentis
474 404 694 468 Italum,
733 415 821 455 aut
847 423 977 472 quas
1001 423 1113 455 non
1141 407 1372 455 oraveris
1396 406 1570 457 urbis!

119 480 312 528 Caussa
333 475 459 525 mali
481 476 611 524 tanti
635 476 865 525 coniunx
892 477 1088 525 iterum
1112 476 1322 543 hospita
1344 477 1581 541 Teucris,

188 577 269 623 93.
307 585 528 632 ITERUM,

211 701 257 736 91
291 701 414 743 Usque
438 699 529 732 ven.

121 807 141 826 ιι
148 793 229 826 rbes
254 792 381 825 Medic.
414 792 508 835 ll‘r.)

578 696 772 742 Nusquam
797 708 833 731 a.
857 704 934 730 tum
959 705 1000 731 tu
1023 697 1186 732 Parrhas.
1235 706 1325 731 tunc
1358 706 1399 732 tu
1435 710 1490 743 pr.
1523 698 1651 732 Hamb.

118 758 184 793 pro
210 759 282 779 var.
309 746 392 778 lect.
444 754 485 777 ιιι
515 742 625 777 rebus
648 743 748 777 Leid.
775 756 874 776 unus.

606 792 652 826 93
695 792 829 824 Teucri
860 803 914 835 pr.
951 793 1082 824 Moret.
1132 793 1295 826 Ceterum
1328 792 1418 825 male
1453 793 1558 837 vulgo
1593 792 1652 826 di-

969 746 1017 779 92
1057 746 1245 778 erraveris
1278 745 1389 779 Wall.
1440 747 1586 791 (gentes
1618 753 1653 779 et

119 841 384 884 stinguebatur,
410 839 476 871 etsi
505 838 619 872 Servii
645 838 826 882 exemplO,
854 841 994 872 Caussa
1020 839 1110 872 mali
1133 841 1232 873 tanti
1258 841 1412 881 coniux,
1447 841 1580 873 iterum
1614 841 1651 874 h.

124 889 292 925 Teucri33
324 885 466 920 melius:
495 889 635 918 Caussa
660 886 747 918 mali
772 887 871 917 tanti
893 888 1027 919 coniux
1062 888 1212 928 iterum,
1251 888 1287 920 Ιι.
1319 889 1359 919 Τ.
1409 886 1466 920 Sic
1501 893 1537 919 et
1571 899 1651 921 mox

118 937 251 968 iterum
277 934 441 966 thalami.
493 933 577 978 (Sed
601 943 672 965 non
698 932 853 966 debebat
876 933 1025 980 hospita
1050 945 1069 966 a
1094 935 1256 967 coniunx
1280 934 1566 979 interpunctione
1592 934 1651 967 di-

120 982 212 1015 velli.
244 980 338 1025 IVr.)

123 1092 174 1131 16
199 1089 379 1139 ,‚Arg1cs,
401 1101 520 1140 quem
539 1088 745 1140 quondam
762 1088 854 1125 Iovi

119 1149 223 1185 luno
255 1147 459 1184 custodem
498 1146 705 1184 aclda'clitf‘
775 1145 854 1183 Sed

118 1206 291 1243 alterum
323 1204 402 1242 hoe
437 1204 569 1241 Plauti
598 1217 648 1242 ex
687 1204 736 1242 iis
775 1218 853 1256 po—

118 1264 199 1302 tius
221 1263 413 1315 exemplis
439 1269 511 1311 est,
544 1276 646 1314 quae
669 1263 853 1312 doceant,

119 1321 325 1373 quomodo
357 1335 444 1360 voe.
475 1321 641 1359 additas
673 1322 716 1360 in
744 1320 856 1360 hune

119 1380 389 1432 significatum
432 1379 608 1417 transire
660 1373 855 1431 potuerit.

118 1439 278 1477 Scilicet
320 1438 523 1475 custodem
567 1438 690 1487 dari,
736 1438 851 1486 addi,

119 1511 207 1535 voe.
228 1496 441 1549 proprium
465 1503 550 1545 est3
580 1510 616 1535 v.
642 1510 674 1534 c.
693 1496 761 1534 inf.
785 1497 854 1545 IX,

120 1554 203 1597 649
241 1557 344 1593 Tum
366 1557 550 1592 comitem
568 1555 746 1592 Ascanio
766 1569 854 1605 pa-

120 1622 178 1650 ter
194 1613 353 1650 addidit
372 1629 382 1657 ;
417 1619 457 1650 et
487 1613 628 1651 Horat.
650 1613 714 1662 III,
737 1612 776 1662 4,
799 1615 853 1654 79

119 1674 321 1723 nequitiae
351 1672 516 1709 additus
551 1672 712 1718 Custos,
758 1671 854 1708 vul-

119 1735 212 1777 tur,
252 1729 319 1779 qui
360 1729 467 1780 Tityi
501 1729 612 1766 iecur
654 1729 852 1766 observat.

120 1787 202 1824 Iam
233 1793 367 1824 autem
406 1787 473 1837 qui
508 1787 691 1824 custodes
721 1787 856 1824 additi

121 1851 239 1893 sunt,
270 1844 452 1895 inprimis
482 1857 650 1895 peccare
678 1845 857 1882 volenti-

120 1903 219 1950 bus,
259 1902 380 1940 iidem
411 1903 566 1940 molesti
595 1908 711 1951 sunt,
745 1902 857 1940 diffi-

121 1962 235 2009 ciles,
268 1960 418 2009 odiosi,
456 1960 602 1998 infesti.
664 1961 767 1999 Nota
793 1974 857 1998 res

119 2020 199 2057 iam
231 2032 279 2056 ex
308 2019 491 2058 virorum
515 2019 732 2057 doctorum
771 2018 855 2056 dis—

120 2077 411 2129 putationibus.
478 2076 558 2115 Adi
590 2078 655 2117 vel
690 2077 856 2115 Gesneri

121 2135 314 2174 Thesaur.
337 2137 379 2174 L.
409 2135 451 2174 L.
483 2135 523 2174 h.
553 2150 590 2174 v.
645 2136 856 2187 Virgilium

122 2194 299 2232 imitatus
330 2200 390 2231 est
417 2194 460 2231 in
487 2194 598 2233 vocis
628 2208 704 2232 usu
737 2194 855 2232 Silius

122 2252 169 2301 II,
204 2253 288 2294 595
333 2254 425 2303 agit
474 2253 619 2290 addita
662 2254 851 2303 Erinnys.

123 2310 261 2348 Paullo
313 2310 427 2348 aliter
482 2317 711 2362 comparata
761 2316 857 2349 sunt

123 2368 335 2419 exempla,
381 2368 424 2406 in
476 2369 621 2419 quibus
656 2369 757 2407 addi
793 2368 857 2407 vel

123 2426 255 2463 additi
286 2440 367 2463 esse
408 2425 626 2476 dicuntur,
667 2427 736 2478 qui
773 2440 857 2465 non

123 2484 209 2521 sine
228 2483 410 2521 molestia
428 2485 559 2535 aliqua
588 2485 787 2523 accedunt
805 2484 857 2522 ad

124 2555 218 2589 nos,
251 2542 315 2579 vel
343 2555 444 2591 quae
478 2543 592 2580 nobis
617 2544 857 2594 contingunt

124 2598 292 2649 ingrata.
315 2612 353 2636 v.
370 2613 402 2636 0.
426 2600 535 2651 apud
556 2603 655 2639 Stat.
676 2602 710 2639 ΙΙ
730 2600 854 2639 Theb.

126 2659 210 2698 320
243 2658 319 2704 Et,
354 2671 436 2707 qua
456 2672 535 2694 non
551 2662 720 2708 grat-ior
746 2673 856 2696 mor-

126 2713 275 2752 talibus
296 2714 437 2751 addila
457 2730 554 2752 cura
569 2746 579 2763 ,
614 2717 728 2765 Spes.
792 2715 856 2753 Ad

126 2771 206 2810 hoc
224 2785 347 2823 genus
368 2772 578 2810 referenda
607 2773 691 2810 loca
707 2802 717 2820 ,
755 2786 857 2823 quae

127 2830 302 2867 afferunt
332 2829 533 2871 Drakenb‚
564 2830 615 2867 ad
655 2830 795 2868 Silium
832 2831 857 2869 l.

127 2902 159 2926 0,
182 2888 360 2925 Gronov.
386 2887 437 2925 ad
460 2890 595 2925 Senec.
628 2888 745 2926 Ilerc.
780 2889 858 2926 sur.

132 2948 240 2987 1237
258 2951 298 2984 et
320 2945 382 2992 aL,
399 2960 481 2983 non
504 2945 553 2983 ad
575 2946 698 2998 prius.
743 2946 858 2986 Adde

912 1087 1001 1128 Val.
1021 1087 1080 1126 Fl.
1094 1087 1160 1137 VI,
1176 1089 1270 1129 181.
1302 1087 1496 1126 Necdum
1517 1089 1648 1138 clara,

912 1146 1056 1198 quibus
1078 1161 1161 1183 sese
1182 1148 1308 1196 Fuga
1330 1144 1481 1199 (Φύζα)
1502 1150 1650 1184 menti-

913 1204 985 1242 bus
1006 1205 1150 1242 addat.
1206 1204 1334 1242 Aliter
1351 1218 1437 1242 rem
1457 1204 1650 1257 expedire

913 1262 1087 1301 voluisse
1107 1262 1269 1301 videtur
1289 1263 1559 1313 Burmannus,
1582 1263 1650 1314 qui

913 1322 971 1359 ita
1002 1321 1167 1359 ordinat
1202 1321 1355 1360 verba:
1409 1337 1506 1371 „nec
1546 1323 1650 1359 luno

913 1379 1040 1417 aberit
1077 1382 1240 1417 Teucris
1260 1409 1270 1428 ,
1313 1379 1459 1418 addua
1500 1380 1651 1418 seilicet

915 1437 1002 1475 aliis
1034 1437 1243 1487 hostibus,
1291 1438 1431 1476 Turno
1475 1444 1515 1476 et
1552 1438 1648 1476 reli-

914 1496 1054 1547 quis:“
1090 1496 1169 1534 1100
1198 1509 1296 1535 vero
1328 1496 1457 1534 multo
1487 1496 1649 1545 durius;

914 1555 1033 1592 etiam
1053 1554 1083 1592 si
1103 1555 1267 1607 iungere
1286 1555 1430 1594 velles:
1461 1569 1531 1592 nec
1552 1554 1649 1592 abe-

911 1614 963 1650 rit
989 1612 1133 1651 addita
1149 1643 1159 1662 ‚
1204 1613 1244 1651 h.
1274 1626 1308 1650 0.
1341 1613 1539 1661 addetur,
1579 1626 1650 1650 ac—

913 1671 1030 1708 cedet
1064 1685 1116 1709 sc.
1150 1685 1255 1709 nova
1290 1671 1428 1709 hostis.
1490 1672 1530 1708 Si
1559 1672 1648 1721 quis

912 1729 1096 1766 nondum
1120 1729 1201 1767 ullo
1220 1730 1438 1781 interprete
1469 1729 1648 1780 inspecto

916 1787 1050 1825 locuni
1076 1787 1206 1839 legat,
1245 1787 1278 1825 is
1301 1787 1412 1825 haud
1443 1787 1563 1825 dubie
1590 1787 1649 1825 ita

916 1845 1108 1896 accipiet:
1139 1860 1210 1882 nee
1229 1846 1350 1882 deerit
1370 1846 1410 1883 in
1432 1845 1547 1883 Italia
1570 1847 1648 1882 [ιι-

914 1917 965 1940 no
981 1933 990 1951 ,
1025 1904 1172 1941 addita
1198 1905 1358 1941 Teucris
1374 1934 1384 1952 ,
1421 1917 1522 1954 quae
1540 1916 1648 1940 sem-

913 1973 986 2012 per
1005 1961 1187 1999 Troianis
1217 1961 1377 2010 adesse,
1407 1962 1456 1999 iis
1486 1962 1648 2011 instare,

914 2032 981 2057 eos
1031 2033 1201 2071 urgere,
1262 2020 1444 2071 persequi
1465 2050 1474 2067 ,
1535 2020 1648 2058 solet.

914 2078 989 2116 Eas
1008 2091 1072 2115 res
1098 2078 1231 2116 infesti
1259 2079 1379 2116 animi
1409 2092 1516 2127 esse,
1561 2080 1649 2129 quis

915 2136 1108 2175 dubitet?
1179 2135 1268 2188 (nec
1317 2137 1462 2174 addita
1504 2136 1644 2183 aberit,

913 2194 937 2231 i.
962 2207 993 2232 0.
1020 2208 1119 2232 non
1150 2194 1362 2232 desinet
1382 2194 1520 2232 addita
1544 2207 1648 2244 esse,

914 2252 979 2302 IV,
999 2254 1115 2295 386:
1147 2253 1370 2303 „Omnibus
1389 2252 1533 2291 umbra
1551 2253 1648 2290 locis

915 2310 1132 2360 111101ὀόα
1162 2324 1378 2362 persequar
1404 2317 1466 2359 te,
1507 2311 1647 2349 addita

916 2369 989 2407 tibi
1020 2382 1100 2407 ero.
1161 2370 1368 2407 Praeclare
1404 2369 1576 2407 Lobeck.
1625 2382 1648 2405 a

915 2427 1028 2467 Iahn.
1051 2426 1161 2465 laud.
1196 2434 1406 2479 comparat
1433 2426 1532 2465 haec
1558 2426 1648 2464 Ma-

914 2485 1083 2524 roniana
1106 2499 1198 2524 cum
1228 2486 1296 2533 iis,
1329 2498 1431 2536 quae
1459 2485 1646 2536 leguntur

915 2543 1024 2596 apud
1047 2543 1233 2595 Sophocl.
1256 2543 1316 2581 Ai.
1339 2558 1394 2589 γε.
1420 2546 1515 2584 611.
1548 2539 1647 2591 ξύν-

914 2615 1022 2642 εστιν
1041 2601 1223 2653 ἔφεὸρος.
1257 2600 1375 2653 Wr.)

971 2661 1022 2700 91
1041 2661 1173 2700 -97,
1203 2672 1327 2710 quum
1362 2667 1405 2695 ίιι
1434 2672 1509 2710 pro
1550 2658 1646 2697 vul-

914 2716 1019 2767 gari,
1050 2725 1135 2753 lum
1161 2725 1216 2753 ίιι.
1263 2714 1347 2767 (sed
1379 2715 1481 2754 illud
1516 2716 1645 2754 multo

915 2774 1095 2824 gravius3
1136 2773 1218 2812 vid.
1254 2773 1300 2811 V.
1330 2774 1371 2811 L.
1397 2774 1449 2811 ad
1479 2774 1543 2823 111,
1580 2777 1645 2815 10.

922 2830 1040 2882 lW·.)
1062 2833 1266 2869 oraveris.-
1296 2845 1333 2870 v.
1356 2831 1423 2869 lib.
1444 2832 1544 2870 Vlll.
1563 2831 1645 2870 scil.

918 2889 1153 2926 Euandrum
1199 2895 1238 2925 et
1282 2888 1487 2940 Agyllinos
1519 2890 1647 2927 Etru-

916 2961 1014 2984 scos.
1075 2949 1117 2983 in
1139 2946 1250 2984 rebus
1271 2950 1422 2999 egenis,
1457 2947 1645 2999 angustiS,
