1827 3436
368 223 782 274 AENEIDOS
829 224 972 272 LIB.
1009 225 1050 287 Ι,
1088 229 1379 279 566—574
1543 236 1635 281 177

133 353 254 402 Sive
277 351 454 414 Erycis
477 348 616 398 fines
638 364 935 414 regemque
965 350 1155 414 optatis
1183 352 1432 400 Acesten:

131 420 339 472 Auxilio
362 428 506 468 tutos
530 418 821 481 dimittam,
864 418 1165 484 opibusque
1195 417 1399 469 iuvabO.

130 489 301 541 Vultis
329 498 382 538 et
404 488 485 537 his
505 505 722 537 mecum
742 487 940 554 pariter
961 488 1240 537 considere
1262 489 1459 550 regnis:

130 558 336 610 Urbem
363 575 523 624 quam
559 566 756 620 statuo,
791 566 963 606 vestra
998 566 1099 618 est3
1148 556 1428 606 subducite
1463 575 1642 621 naves;

132 632 268 678 Tros
292 629 590 694 Tyriusque
609 627 742 676 mihi
764 627 913 676 nullo
940 627 1246 676 discrimine
1271 635 1464 689 agetur.

200 725 316 773 572.
352 727 575 771 REGNIS?

1541 358 1639 406 570

222 849 293 885 570
318 849 442 881 Finem
478 848 532 880 ed.
566 850 654 881 Ven.
711 860 937 893 regnumque
960 849 1103 893 petatis
1133 849 1270 890 Meuag.
1306 854 1341 879 et
1372 848 1494 880 Hamb.
1525 859 1578 892 pr.
1612 854 1647 880 et

133 902 247 942 quart.
274 897 401 929 Moret.
460 896 570 928 Porro
604 907 635 927 v.
665 895 730 929 571
767 901 803 927 et
823 896 891 929 573
921 906 939 927 a
969 894 1077 927 Goth.
1106 900 1188 927 tert.
1220 894 1378 927 aberant.
1433 895 1502 929 572
1526 903 1561 927 et
1590 895 1648 927 lzic

132 947 250 989 Sprot.
293 950 328 975 et
360 941 473 986 Bigot.
516 944 664 988 pariter
695 954 828 974 mecum
858 943 947 974 Ven.
1014 942 1070 973 sin
1110 941 1224 973 vultis
1253 953 1386 973 mecum
1416 941 1525 974 Wall.
1555 941 1648 986 quod

132 990 296 1035 prosaico
337 997 429 1022 esset
475 988 635 1033 propius.
711 989 911 1021 consistere
948 986 1083 1031 aliquot
1122 987 1227 1020 Pierii
1272 994 1306 1020 et
1345 987 1530 1020 Burmanni
1580 996 1648 1020 tres

134 1049 210 1071 cum
231 1037 392 1070 Pari-has.
412 1036 456 1069 cs.
476 1036 537 1068 inf.
557 1037 637 1070 629.
662 1036 874 1067 Burmannus
906 1035 997 1067 coni.
1026 1034 1228 1077 confidere,
1263 1046 1383 1079 parum
1402 1034 1574 1074 feliciter,
1613 1041 1650 1066 et

135 1083 217 1129 quid
240 1090 313 1115 tum
327 1085 475 1130 pariter
493 1082 654 1115 mecum?
701 1094 729 1114 c.
751 1083 863 1114 terris
883 1082 1078 1120 Romanus3
1112 1081 1206 1125 quod
1237 1080 1410 1124 poeticam
1442 1080 1650 1125 dignitatem

134 1131 245 1163 minus
268 1129 389 1175 spirat.
415 1131 556 1176 (regnis
576 1129 733 1161 firmatur
755 1128 834 1161 loeo
857 1141 875 1161 a
895 1128 985 1160 Pier.
1007 1127 1101 1160 laud.
1125 1128 1185 1167 1V,
1208 1128 1309 1162 373.:
1336 1127 1519 1169 ‚,eiectum,
1546 1127 1650 1160 litore

136 1185 315 1222 egentem,
341 1177 472 1220 Excepi
498 1183 534 1208 et
559 1175 698 1219 regni
722 1175 863 1207 demens
886 1174 921 1206 in
946 1181 1047 1219 parte
1074 1174 1198 1206 locavi.
1209 1178 1229 1192 ‘⁴
1291 1174 1421 1207 Sustuli
1447 1181 1564 1207 autem
1591 1174 1649 1206 in·-

134 1223 342 1268 terrogandi
375 1223 521 1267 signum.
582 1222 760 1255 Eiusmodi
794 1221 1025 1265 interrogatio
1063 1233 1138 1253 eam
1173 1220 1282 1253 habet
1313 1220 1400 1261 vim,
1442 1227 1480 1253 ut
1513 1220 1651 1253 libitum

137 1271 241 1317 quid,
276 1271 424 1314 volupe,
461 1276 594 1314 gratum
626 1268 730 1301 alteri
761 1269 838 1301 fore
868 1268 1121 1300 existimemus:
1155 1267 1302 1307 Ecl.111‚
1328 1268 1402 1302 28..·
1439 1268 1526 1309 „Vis
1553 1279 1650 1310 ergo,

136 1318 230 1351 inter
254 1329 339 1358 nos,
374 1317 456 1362 quid
482 1316 594 1360 possit
627 1323 791 1360 uterque,
835 1315 986 1347 vicissim
1011 1313 1294 1358 Experiamur?“
1343 1317 1428 1347 Aen.
1458 1316 1518 1355 VI,
1551 1315 1645 1348 818.:

138 1365 225 1408 „Vis
252 1372 286 1397 et
315 1363 527 1408 Tarquinios
563 1374 664 1406 reges
700 1362 917 1406 animamque
954 1362 1139 1405 superbam
1174 1360 1310 1394 Ultoris
1344 1361 1437 1393 Bruti
1469 1361 1651 1404 fascesque

137 1412 256 1445 videre
282 1410 505 1456 receptos?“
555 1410 623 1443 Sed
658 1409 727 1441 hoc
758 1408 869 1440 minus
904 1407 1092 1441 convenire
1124 1407 1263 1440 videtur
1296 1406 1445 1448 Didoni,
1478 1419 1546 1440 uon
1580 1413 1651 1439 tarn

137 1458 299 1491 invitanti
326 1465 360 1490 et
385 1456 563 1498 hortanti,
597 1468 698 1501 quam
725 1455 906 1500 optionem
932 1454 1155 1499 relinquenti.
1206 1456 1320 1494 Quare
1345 1453 1485 1497 ellipsin
1504 1453 1650 1486 coniun-

140 1505 267 1539 ctionis
295 1506 328 1538 si
360 1504 396 1537 h.
425 1504 449 1536 l.
478 1503 699 1536 statuendam
732 1502 911 1542 existimo,
954 1501 1048 1534 cuius
1075 1500 1232 1544 exempla
1260 1499 1330 1532 vid.
1362 1501 1454 1545 apud
1479 1500 1652 1534 Sanctium

139 1553 224 1585 Min.
254 1552 278 1584 l.
300 1552 360 1593 IV,
385 1563 413 1584 c.
432 1552 508 1584 VII.
534 1551 597 1583 sub
618 1561 692 1582 voc.
710 1551 770 1590 Si,
794 1555 828 1580 et
850 1560 937 1593 quae
966 1547 1095 1580 ibidem
1123 1546 1328 1591 suppeditat
1353 1547 1474 1579 Bauer.
1520 1547 1654 1580 Eodem

139 1600 245 1632 modo
274 1597 418 1638 Graeci3
452 1597 521 1630 vid.
548 1597 669 1641 Viger.
703 1607 733 1629 c.
764 1597 856 1629 VIII.
885 1600 969 1628 sect.
997 1596 1056 1627 VI.
1106 1594 1204 1626 Adde
1226 1592 1430 1626 Ruddiman.
1456 1593 1569 1626 Instit.
1592 1594 1653 1625 Gr.

139 1647 218 1679 Lat.
246 1645 328 1679 Vol.
357 1646 399 1677 II.
422 1656 456 1689 p.
480 1645 560 1679 356.
584 1645 669 1676 edit.
687 1642 783 1687 Lips.
810 1650 843 1674 et
872 1653 958 1686 quos
979 1641 1028 1673 ibi
1049 1641 1169 1673 laudat
1187 1640 1390 1673 Stallbaum.
1422 1641 1514 1683 ll’r.)
1587 1640 1655 1674 573

141 1692 241 1737 Piget
261 1691 468 1736 ineptiarum
497 1703 601 1735 super
631 1690 699 1722 hoc
731 1701 842 1722 versu.
894 1692 1007 1731 Quam
1036 1686 1157 1720 urbem
1188 1695 1332 1727 statuo,
1368 1699 1411 1719 ea
1436 1695 1558 1720 vestra
1580 1694 1654 1725 est;

141 1741 353 1773 Graecorum
382 1738 550 1782 loquendi
579 1748 686 1770 more.
737 1738 894 1780 (Terent.
921 1734 1074 1767 Eunuch.
1100 1735 1160 1775 IV,
1184 1734 1225 1774 ὃ,
1255 1735 1328 1767 11.;
1363 1732 1655 1774 „Eunuchum

141 1799 243 1832 quem
277 1785 407 1818 dedisti
442 1784 568 1827 nobis,
614 1795 697 1828 quas
730 1783 851 1816 turbas
885 1781 1035 1814 dedit!“
1080 1781 1149 1813 vid.
1179 1780 1304 1812 Matth.
1336 1780 1395 1812 Gr.
1427 1781 1487 1813 Gr.
1519 1781 1548 1824 ς.
1574 1778 1655 1813 474.

141 1833 326 1867 Ruhnken.
344 1832 385 1864 ⁴in
408 1833 553 1864 Terent.
587 1832 681 1864 Com.
707 1830 845 1863 Dictata
873 1829 966 1862 Prol.
999 1827 1105 1861 Andr.
1126 1840 1174 1860 vs·
1205 1827 1237 1861 3.
1267 1826 1361 1870 lVr.)
1412 1826 1515 1859 subd.
1540 1837 1658 1859 remos

142 1882 262 1924 Puget.
358 1877 428 1914 574
458 1880 660 1923 Tyriosque
676 1877 801 1909 Medic.
823 1889 842 1909 a
871 1888 913 1908 m.
934 1887 986 1920 pr.
1037 1883 1197 1920 agentur
1226 1876 1341 1918 Sprot.
1390 1872 1547 1906 habetur
1565 1872 1657 1917 apud

142 1927 296 1960 Nonium
319 1925 544 1965 Marcellum,
577 1937 619 1957 ex
650 1922 953 1969 interpretatione.
1004 1922 1157 1966 Guyetus
1189 1920 1348 1964 legebat:
1377 1918 1540 1953 habetor.
1588 1918 1658 1951 Sed

143 1983 277 2020 agetur
306 1979 359 2005 est
390 1971 579 2011 eruditius;
604 1971 639 2004 in
668 1970 826 2016 pedestri
854 1969 1034 2002 oratione:
1076 1968 1181 2000 nullo
1213 1968 1424 2000 discrimine
1453 1963 1657 2006 habebitur,

143 2021 199 2054 vel
218 2021 361 2054 nullum
380 2032 505 2053 eorum
525 2019 716 2052 discrimen
732 2016 934 2051 habebitur.

145 2128 317 2181 syllabas
348 2127 390 2165 in
411 2126 565 2166 vicinas
589 2138 694 2164 arses
722 2124 872 2162 caden-
933 2122 1123 2161 munitos.
1169 2118 1367 2159 Pedestris
1390 2123 1489 2155 esset
1516 2116 1657 2163 oratio,

145 2193 227 2235 tes,
270 2186 517 2236 Isespen'dm
553 2183 781 2235 magndm5
825 2181 874 2220 de
934 2181 966 2218 si
988 2180 1202 2232 acciperes:
1225 2178 1427 2215 dimittam
1447 2183 1550 2212 iulos
1567 2187 1659 2211 cum

147 2258 227 2296 qua
256 2257 300 2282 re
328 2243 412 2282 vid.
440 2242 489 2291 Q.
521 2242 567 2281 V.
600 2240 801 2288 XXXIII,
835 2242 874 2281 8.

934 2239 1103 2278 auxilio.
1157 2235 1265 2290 (Tac.
1294 2233 1450 2281 Ann.1,
1482 2234 1568 2273 39.:
1600 2232 1659 2268 le-

148 2309 272 2351 extr.;
293 2307 332 2339 et
351 2301 400 2338 de
417 2301 546 2339 forma
567 2298 761 2337 orationis
777 2296 875 2339 ibid.
931 2304 1053 2347 gatos
1082 2318 1139 2324 —-
1169 2306 1342 2344 quorum
1372 2290 1476 2328 vitae
1512 2288 1660 2327 timen-

147 2359 189 2413 ᾗ.
203 2359 259 2413 7.)
294 2362 403 2411 Eryx
426 2358 592 2396 Siciliae.
615 2357 698 2396 vid.
719 2356 765 2404 V,
779 2356 875 2397 759.

150 2419 298 2470 optatis
327 2416 366 2455 h.
392 2417 416 2454 l.
448 2415 674 2469 praefertis,
721 2412 881 2467 (Verbis

157 2477 282 2525 velle,
317 2483 469 2526 optare,
504 2488 669 2524 cupere,
701 2471 882 2510 breviter

149 2535 359 2585 loquentes
380 2545 494 2584 saepe
513 2531 722 2570 variorum
741 2529 777 2567 N
780 2528 882 2567 omi—

151 2606 248 2630 num
267 2591 528 2628 Accusativos
549 2589 605 2626 sic
628 2589 812 2639 iungunt,
834 2591 882 2624 ut

151 2649 291 2701 aliquis
316 2648 543 2686 Infinitivus
561 2647 720 2697 adiungi
745 2643 880 2697 possit,

152 2707 305 2746 etiamsi
335 2707 367 2744 is
394 2706 510 2744 aliam
540 2710 788 2742 structuram
814 2715 882 2739 re-

152 2766 301 2816 quirat,
320 2770 368 2802 ut
388 2763 427 2802 h.
450 2764 495 2802 l.:
527 2764 557 2800 si
579 2762 724 2814 optatis
744 2759 883 2798 venire

152 2824 192 2861 in
217 2822 389 2860 Siciliam
419 2828 458 2860 et
485 2820 537 2859 ad
556 2821 738 2859 Acesten.
764 2814 881 2869 lVr.)

154 2881 250 2922 571.
269 2880 436 2917 Auxilio
457 2887 571 2927 tutos,
594 2877 703 2929 quod
722 2877 765 2913 in
786 2888 885 2926 pro-

156 2952 218 2976 sa:
250 2937 370 2975 rebus
401 2936 627 2974 necessariis
653 2935 884 2981 instructos,

223 3005 433 3054 VIRGII..
471 3005 613 3052 TOM.
640 3002 700 3051 ΙΙ.

939 2354 1036 2392 dum
1063 2358 1148 2390 erat
1167 2374 1224 2380 —
1240 2349 1446 2401 praesidio
1473 2347 1659 2384 auxilia—

938 2413 1043 2450 riam
1064 2411 1240 2461 equilum
1268 2407 1446 2444 dimittit.
1483 2427 1536 2432 —
1567 2417 1661 2453 opes

941 2469 1134 2508 dicuntur
1164 2465 1313 2514 omnia,
1344 2463 1486 2515 quibus
1514 2461 1661 2499 subve-

940 2527 1083 2575 nimus,
1114 2536 1360 2570 recreamus‚
1391 2534 1453 2558 res
1479 2531 1661 2556 necessa-

939 2585 1033 2624 riae.
1096 2584 1143 2621 Et
1160 2587 1275 2619 erant
1298 2577 1458 2617 Troiani
1484 2577 1663 2613 omnium

940 2644 1057 2693 egeni
1084 2655 1143 2679 vs.
1178 2640 1274 2682 599.
1333 2636 1421 2674 Alio
1451 2647 1567 2671 sensu
1597 2631 1662 2669 hic

939 2713 1081 2738 versus
1102 2698 1243 2749 legitur
1268 2695 1372 2743 VIII,
1399 2695 1491 2733 171.
1518 2687 1661 2740 chlz.)

940 2757 1036 2795 Mox
1058 2764 1188 2793 statuo
1207 2752 1397 2804 exquisite
1418 2763 1491 2801 pro
1513 2746 1662 2785 condo:

941 2821 990 2853 ut
1026 2810 1166 2867 ἷδρύω.
1217 2818 1265 2850 ut
1304 2822 1422 2862 pono.
1469 2804 1657 2857 (arbemq.

941 2880 1098 2919 statuo,
1143 2878 1271 2907 ves-lm
1301 2875 1384 2904 est:
1424 2863 1504 2901 vid.
1541 2862 1585 2897 V.
1624 2861 1648 2895 L

944 2929 994 2968 ad
1016 2928 1057 2967 h.
1080 2942 1137 2967 vs,
1173 2927 1289 2974 lVr.)
1349 2924 1431 2964 572
1456 2934 1511 2969 sq.
1543 2919 1660 2955 Conl-

1321 2992 1386 3035 12
