1779 3420
123 196 227 246 940
450 195 504 244 Ρ.
543 194 900 244 VIRGILII
937 194 1314 244 MARONIS

119 320 358 371 Inminet
378 318 653 371 adsimilis:
690 320 873 370 lucent
895 321 1191 386 genialibus
1217 320 1331 370 altis

119 395 294 442 Aurea
318 390 487 440 fulcra
510 391 641 440 toris
658 431 670 454 ‚
710 391 1009 458 epulaeque
1031 401 1153 441 ante
1179 408 1271 440 ora
1288 399 1502 458 paratae

118 460 363 527 Regifico
386 461 539 522 luxu3
576 461 858 511 Furiarum
879 478 1127 511 maxuma
1153 462 1292 511 iuxta
1547 464 1650 513 605

118 591 262 637 diisque
285 599 469 624 rotarum:
494 589 649 623 Ixionem
673 589 779 632 dicit,
806 596 844 622 ut
870 590 1086 624 alibi—Ge.
1114 591 1175 630 IV,
1206 590 1528 630 484.-ostendit;
1563 589 1650 622 licet

118 651 226 683 supra
254 638 380 671 dixerit
410 642 509 681 Quos
537 650 649 683 super
677 646 764 672 atra
795 638 905 670 silex:
940 650 1020 670 nam
1049 638 1093 670 de
1123 637 1178 670 his
1204 637 1333 670 fabulis
1364 638 1480 671 variae
1505 643 1586 669 sunt
1614 636 1651 669 in

116 685 204 731 ipsis
226 685 424 718 auctoribus
443 684 665 729 opiniones.“
714 685 873 717 Donatus
894 684 1047 729 denique
1066 684 1155 718 haec
1181 684 1296 717 omnia
1318 696 1337 717 a
1357 696 1406 717 vs.
1434 685 1650 719 602—607.

117 733 164 766 ad
192 733 347 766 Ixionem
381 739 417 765 et
440 731 637 764 Pirithoum
670 731 850 777 pertinere
881 732 1015 765 statuit.
1063 731 1241 765 'Videntur
1281 731 1390 774 igitur
1416 730 1485 763 iam
1510 737 1650 763 veteres

118 780 291 820 sensisse,
319 791 396 812 eam
426 791 503 811 esse
532 779 657 811 horum
684 779 873 812 verborum
901 779 1118 820 iuncturam,
1153 790 1241 823 quae
1273 778 1381 810 verba
1412 780 1512 820 Quos
1539 790 1651 823 super

116 839 189 860 non
207 834 388 871 pateretur
407 839 427 859 a
447 825 688 870 superioribus
706 826 755 858 ita
773 825 945 870 disiungi,
974 834 1010 859 ut
1031 832 1244 866 mutaretur,
1269 825 1364 870 quod
1387 830 1534 866 vocant,
1562 825 1650 856 sub—

115 875 266 913 iectum,
302 874 398 918 quod
428 873 566 906 adiecta
597 873 736 905 demum
773 873 923 916 copula,
961 876 1157 918 Quosque
1189 872 1245 905 vel
1273 876 1367 906 Aut
1402 884 1515 917 qum,
1552 878 1650 904 recte

115 921 192 954 fieri
212 928 365 965 poterat.
416 920 521 961 Quod
540 920 567 952 si
589 920 697 953 semel
724 920 898 963 vulgatam
927 920 1082 953 fabulam
1110 920 1268 952 deseruit
1300 925 1430 964 poeta,
1465 918 1549 963 quid
1580 917 1650 950 im-

115 968 233 1013 pedit,
258 967 443 1012 quominus
465 967 567 1000 etiam
588 967 724 1012 reliqua
739 994 747 1009 ‚
773 968 952 1000 lueenc—
967 980 1049 1009 ore,
1076 967 1120 999 de
1140 967 1298 1011 Lapithis
1327 966 1398 998 illis
1417 965 1648 1009 intelligenda

114 1015 392 1048 contendamus?
442 1018 554 1059 Atque
576 1014 613 1047 id
635 1027 739 1059 quum
762 1022 843 1058 agat
866 1015 1000 1059 Sibylla
1015 1041 1024 1056 ,
1049 1021 1088 1047 ut
1112 1027 1245 1058 poenas
1274 1012 1431 1047 scelestis
1462 1014 1555 1057 apud
1589 1012 1649 1044 in-

113 1064 210 1095 feros
228 1062 438 1095 constitutas
460 1062 588 1095 doceat
611 1065 784 1103 Aeneam,
817 1062 938 1107 inepta
968 1063 1014 1094 sit
1036 1062 1220 1107 profecto,
1255 1061 1284 1094 si
1312 1060 1451 1093 nomina
1478 1060 1648 1092 duntaxat

114 1110 267 1143 sontium
291 1116 419 1155 ponat,
445 1121 516 1142 non
541 1117 817 1142 commemorato
846 1121 983 1154 poenae
1009 1121 1150 1153 genere.
1198 1109 1268 1142 Sed
1296 1120 1399 1152 quum
1427 1107 1511 1139 satis
1541 1114 1646 1148 esset,

112 1157 284 1202 quaedam
306 1156 456 1200 insignia
476 1156 624 1189 maxime
646 1156 821 1201 supplicia
841 1157 1037 1197 indicasse,
1064 1157 1170 1200 paulo
1192 1163 1295 1200 post,
1321 1155 1402 1187 inde
1432 1166 1451 1187 a
1478 1167 1527 1186 VS.
1563 1156 1646 1195 608,

114 1217 280 1237 summam
317 1216 432 1237 rerum
468 1205 615 1249 carptim
647 1211 682 1236 et
713 1204 875 1236 universe
911 1216 1118 1249 percurrere
1149 1204 1410 1248 Phlegyamque
1441 1201 1646 1246 simpliciter

112 1251 423 1285 miserrimum
462 1263 589 1285 vocare
631 1251 699 1284 iam
734 1251 877 1284 licebat.
934 1251 1252 1295 interpunctionem
1294 1249 1508 1293 Heynianam
1530 1274 1539 1289 ,
1577 1248 1646 1293 ipsi

112 1299 252 1343 quidem
274 1299 528 1343 improbatam,
557 1299 715 1337 servavi3
742 1298 857 1331 oratio
878 1299 926 1331 sic
945 1298 1130 1344 procedit:
1165 1297 1282 1339 „Quid
1313 1308 1502 1328 memorem
1534 1295 1646 1340 Lapi-

110 1346 216 1379 thas?
266 1346 420 1379 Omnia
456 1347 513 1379 hie
540 1367 583 1370 —-
607 1359 655 1378 vs,
681 1347 749 1380 608
769 1358 846 1390 sqq.
869 1366 912 1371 -—
933 1346 1103 1379 scelerum
1133 1357 1263 1389 genera
1290 1343 1396 1376 variis
1427 1343 1645 1387 castigantur

110 1393 273 1438 poenis.“
337 1394 399 1426 His
436 1394 495 1426 illa
524 1396 623 1435 Quos
654 1405 765 1440 super
788 1413 832 1417 —
858 1406 921 1427 ore
954 1405 1018 1438 per
1045 1392 1355 1436 interpositionem
1385 1390 1518 1423 inserta
1555 1398 1645 1423 sunt.

116 1443 213 1485 lVr.)
309 1442 379 1475 603
405 1442 537 1473 Totum
557 1441 672 1473 locum
702 1441 805 1474 aliter
835 1440 1119 1473 constituendum
1151 1452 1228 1472 esse
1253 1437 1535 1482 interpunctione
1565 1449 1644 1469 mu—

109 1495 210 1530 tata,
235 1489 269 1521 in
293 1496 374 1521 nota
392 1488 436 1521 ad
455 1488 490 1520 h.
514 1501 544 1521 v.
568 1488 694 1527 docui5
728 1487 863 1521 scilicet
891 1489 983 1521 hunc
1010 1487 1046 1519 in
1079 1487 1238 1519 modum:
1275 1486 1363 1530 quid
1392 1497 1580 1517 memorem
1600 1503 1642 1509 ——-

112 1536 176 1580 (et)
198 1548 289 1581 ιμιοε
305 1549 416 1581 super
434 1544 520 1569 atra
541 1536 635 1568 silex
652 1537 725 1569 iam
748 1536 820 1568 iam
841 1534 993 1568 labsum
1012 1535 1230 1579 cadentique
1258 1534 1418 1566 Inminet
1439 1532 1645 1565 adsimilis?

108 1586 253 1617 Lucent
268 1581 479 1629 genialibus
499 1583 588 1615 alcis
609 1590 673 1616 etc.
721 1586 808 1616 Sunt
828 1582 915 1616 haec
935 1583 978 1614 de
997 1582 1066 1614 alio
1091 1593 1229 1626 poenae
1258 1592 1388 1625 genere
1415 1578 1637 1624 accipienda:

109 1631 235 1675 positis
251 1631 363 1675 epulis
387 1630 481 1663 vesci
502 1636 597 1662 vetat
617 1630 759 1670 Alecto,
790 1636 827 1661 ut
850 1630 1103 1663 contabescant
1129 1636 1274 1661 aeterna
1301 1628 1403 1660 fame.
1439 1626 1517 1670 (sed
1550 1626 1642 1668 vide,

109 1690 197 1722 quae
218 1678 322 1710 modo
340 1678 384 1710 ad
404 1690 454 1710 vs.
475 1677 692 1721 superiorem
725 1677 865 1722 scripsi.
906 1677 1002 1721 er.)
1099 1676 1170 1711 604
1201 1676 1363 1722 pulchra
1387 1675 1512 1716 Rom„
1548 1673 1641 1706 idem

108 1726 241 1771 epulae
254 1734 506 1775 —Jiaternae,
532 1723 619 1757 miro
638 1724 753 1768 lapsu.

109 1831 215 1870 cium
236 1832 493 1870 transtulere.
543 1831 704 1869 Tantali
721 1831 842 1884 capiti

107 1890 316 1928 imminere
338 1904 479 1928 saxum
493 1920 502 1938 ‚
539 1890 614 1928 iam
638 1889 705 1927 alii
727 1904 841 1927 com-

107 1948 233 1987 menti
258 1956 391 1997 erant,
434 1949 619 1999 interque
647 1961 711 1985 eos
743 1948 839 1986 Pin—

107 2006 230 2044 darus
251 2007 313 2045 Ol.
335 2024 372 2055 α,
393 2009 448 2048 88
471 2021 578 2057 seqq.
608 2013 647 2044 et
676 2006 840 2058 Euripi-

107 2064 176 2103 des
202 2066 271 2104 Or.
301 2068 325 2106 6
356 2071 396 2102 et
422 2067 506 2106 930
529 2080 605 2116 sq.,
637 2065 705 2103 ubi
734 2066 839 2103 cons.

104 2122 264 2172 Schol.,
306 2123 430 2174 iisque
461 2123 727 2174 antiquiores,
769 2123 842 2160 Al-

104 2195 222 2220 caeus
242 2187 280 2218 et
301 2181 480 2220 Alcman.
506 2196 544 2220 v.
567 2181 699 2220 Schol.
723 2181 840 2220 Pind.

102 2239 129 2278 l.
169 2254 202 2278 c.
248 2240 353 2278 Add.
394 2241 472 2278 Cic.
507 2241 624 2278 Tusc.
662 2240 727 2288 IV,
775 2243 839 2281 16.

102 2298 262 2336 Lucret.
290 2298 355 2346 Ill,
379 2299 461 2340 953
483 2313 566 2349 sqq.
610 2299 839 2336 Promiscue

102 2356 189 2394 loca
213 2357 288 2394 alia
310 2357 488 2408 apposita
513 2357 621 2408 apud
652 2357 779 2394 Guell.
801 2361 840 2394 et

103 2415 219 2453 Cerd.
251 2415 452 2453 Homerus
478 2428 568 2453 eum
598 2415 638 2452 in
665 2415 755 2452 lacu
783 2414 838 2451 si-

102 2472 264 2510 tientem
296 2473 565 2522 destituerat3
604 2479 642 2510 et
673 2473 838 2510 videtur

102 2530 212 2568 lacus
245 2531 404 2568 Tantali
438 2531 489 2569 ad
518 2531 730 2583 Sipylum,
774 2530 838 2568 cui

101 2601 245 2626 saxum
291 2589 525 2640 prominens
568 2589 838 2636 incumbebat,

101 2646 236 2684 locum
293 2647 451 2684 fabulae
503 2647 639 2685 fecisse
661 2663 668 2684 :
732 2647 839 2684 conf.

102 2705 270 2743 Pausan.
291 2704 391 2752 Vlll,
417 2707 479 2745 17.
527 2705 682 2742 Etenim
705 2704 836 2742 omni-

101 2777 155 2801 no
174 2776 219 2800 ea
245 2776 264 2800 e
285 2762 456 2813 Phrygia
489 2762 658 2813 origines
682 2761 836 2800 habuit.

99 2821 180 2859 Sed
199 2821 332 2859 lacum
353 2820 536 2867 Tantali,
564 2821 606 2857 in
624 2834 704 2869 quo
726 2825 836 2856 stans

100 2880 165 2917 ille
188 2892 396 2931 perperam
419 2878 631 2915 affectabat
649 2891 772 2927 aquas
796 2884 835 2914 et

99 2952 216 2989 poma
238 2937 345 2990 apud
363 2936 605 2985 Homerum,
634 2935 834 2987 eleganter

900 1831 942 1869 in
982 1844 1162 1869 mensam
1210 1828 1418 1881 opiparam
1462 1828 1639 1866 mutavit

901 1889 1014 1927 Maro
1038 1919 1047 1937 ,
1094 1901 1165 1926 seu
1200 1900 1318 1938 quem
1345 1887 1411 1924 ille
1443 1892 1638 1937 sequutus

900 1954 960 1985 est
1007 1954 1139 1999 poeta.
1209 1945 1370 1983 Assidet
1419 1946 1638 1982 Furiarum

899 2009 1085 2043 maxima
1111 2006 1229 2056 (quae
1250 2011 1290 2041 et
1321 2002 1431 2055 apud
1462 2002 1547 2041 Val.
1578 2002 1636 2040 Fi.

899 2064 928 2113 I,
952 2066 1036 2105 817
1059 2062 1256 2111 occurrit,
1290 2061 1396 2099 dicta
1427 2068 1475 2099 ut
1498 2063 1636 2098 maxi—

899 2137 968 2160 ma
989 2131 1203 2169 natarum,
1244 2134 1282 2159 v.
1307 2134 1393 2172 sup.
1418 2119 1469 2156 ad
1488 2118 1518 2168 Ι,
1538 2120 1634 2161 521.

898 2180 970 2218 Est
991 2187 1123 2218 autem
1144 2179 1219 2217 alia
1239 2178 1369 2216 maior
1398 2183 1521 2225 natu,
1559 2177 1635 2213 alia

898 2239 1055 2286 minor,
1087 2238 1226 2289 Eurip.
1252 2236 1375 2288 Iphig.
1404 2236 1445 2273 in
1476 2235 1518 2272 T.
1551 2236 1634 2277 963

898 2292 1107 2350 πρέσβειρ’
1151 2292 1255 2348 ἤπερ
1298 2289 1352 2346 ἦν
1391 2289 1631 2346 Ἐριννύων.

898 2356 973 2407 Ap.
993 2355 1171 2393 Statium
1193 2352 1317 2391 Theb.
1332 2351 1415 2400 Vll,
1435 2353 1518 2393 477
1542 2352 1632 2388 Eu-

896 2415 1102 2451 menidum
1140 2412 1440 2464 antiquissima.
1504 2408 1634 2446 Aliter

898 2486 983 2523 sup.
1026 2471 1092 2519 III,
1134 2472 1218 2512 252
1266 2469 1316 2507 de
1359 2467 1633 2519 Harpyiarum

896 2528 1026 2582 una),
1069 2542 1139 2566 seu
1172 2527 1353 2578 Megaera
1389 2539 1461 2563 seu
1491 2525 1632 2562 Alecto

899 2589 1010 2640 (nam
1038 2587 1201 2624 Famem
1227 2586 1295 2623 vix
1316 2585 1417 2622 bene
1444 2582 1525 2620 huc
1557 2582 1632 2619 ad-

896 2652 1019 2684 vocat
1038 2644 1226 2691 Servius,
1253 2642 1420 2680 laudato
1450 2640 1539 2679 loco
1564 2641 1630 2679 lib.

897 2704 962 2750 ΙΙΙ,
987 2701 1113 2754 252),
1146 2708 1186 2739 et
1214 2706 1328 2738 vetat
1365 2699 1491 2750 epulis
1530 2699 1631 2748 s1·ui;

893 2760 974 2799 hoc
997 2761 1086 2811 plus
1106 2759 1310 2810 dignitatis
1335 2756 1479 2805 habet,
1510 2770 1630 2807 quam

894 2819 986 2868 suga
1009 2830 1225 2869 pomorum
1243 2823 1283 2854 et
1306 2829 1432 2866 aquae
1458 2815 1498 2853 in
1521 2815 1631 2852 Tan-

893 2876 986 2914 talo.
1048 2876 1237 2913 Atrocius
1267 2888 1353 2913 rem
1382 2872 1531 2912 extulit
1551 2872 1631 2909 Ae—

894 2933 1058 2986 schylus
1092 2933 1256 2972 Eumen.
1298 2932 1383 2974 254
1412 2945 1496 2982 sqq.
1555 2944 1631 2981 ge-
