1779 3420
127 196 230 245 236
522 191 1099 241 EXCURSUS
1173 191 1271 238 IX

451 371 1159 433 EXCURSUS
1231 371 1340 428 IX

666 466 828 509 Belli
893 473 1120 523 portae.

243 550 279 599 l,
312 552 576 592 291—296.
636 550 800 600 Ass-pera
838 557 923 586 tum
959 548 1105 598 positis
1136 549 1339 584 mitescent
1369 546 1535 584 saecula
1576 544 1662 582 bel-

126 609 191 646 lis.
259 608 375 647 Cana
407 609 532 646 Fides
548 639 558 656 ,
595 616 628 645 et
666 609 815 656 Vesta,
851 607 980 643 Remo
1010 619 1105 642 cum
1122 605 1259 656 finire
1296 605 1491 654 Quirinus
1507 633 1517 652 ,
1562 604 1662 640 lura

125 665 280 704 (labant
296 682 308 704 :
348 667 462 704 (lirae
480 666 597 717 ferro
639 673 676 702 et
705 664 962 715 conpagibus
995 665 1096 701 artis
1131 662 1382 700 Claudentm·
1419 662 1535 699 Belli
1561 675 1660 711 por-

126 732 205 762 lae.
271 726 402 763 Furor
430 726 565 775 inpius
609 726 715 761 inlus
756 724 891 760 Saeva
930 722 1069 759 sedens
1099 735 1220 772 super
1259 735 1402 769 arma,
1437 727 1474 756 et
1503 727 1662 756 centum

126 784 283 821 rinc-las
325 784 439 820 aenis
470 784 568 820 Post
607 790 766 832 tergum
800 781 939 828 nodis,
971 779 1127 831 fremet
1161 778 1348 816 horridas
1388 792 1452 815 ore
1482 785 1657 814 cruenlo.

126 840 481 892 Splendidissimus
524 840 638 878 locus
673 845 714 877 et
754 839 849 877 Iove
890 837 1141 877 vaticinante
1185 837 1340 888 dignus.
1408 835 1550 873 Fidem
1593 835 1661 883 ait,

125 899 335 951 religiones
365 898 517 951 patrias
549 904 590 936 et
620 897 880 936 concordiam
912 896 1072 934 abolitis
1105 895 1219 933 bellis
1259 908 1305 932 ac
1336 893 1549 932 discordiis
1580 906 1663 931 esse

125 964 379 1009 regnaturas.
452 957 613 996 Mutata
651 955 753 995 haec
791 956 832 993 in
863 969 1074 1008 personas,
1115 960 1155 992 et
1193 952 1355 1005 quidem
1406 952 1502 990 deos
1543 951 1662 990 deas-

126 1029 225 1067 que:
263 1017 433 1065 Palem,
483 1017 674 1063 Vestam,
716 1022 878 1065 patrem
933 1014 1161 1065 Quirinum.
1237 1012 1359 1050 Fides
1397 1026 1531 1059 cana,
1567 1010 1662 1062 quia

127 1074 223 1113 alias
250 1076 406 1125 prisca,
441 1075 628 1126 antiqua,
663 1072 785 1113 dicta.
852 1072 993 1120 Vesta,
1028 1071 1176 1123 quippe
1208 1070 1397 1108 Romanis
1428 1069 1562 1122 patria
1591 1081 1661 1106 ea-

125 1146 203 1184 que
238 1132 520 1184 antiquissima
557 1131 749 1184 religione
783 1131 893 1169 culta
927 1144 1019 1168 cum
1057 1130 1153 1182 ipsis
1190 1129 1430 1177 Penatibus,
1475 1128 1525 1166 cf.
1563 1126 1661 1166 Aen.

124 1191 183 1240 ΙΙ,
213 1193 322 1240 296,
363 1196 404 1228 et
432 1190 590 1243 imperii
620 1202 802 1243 praeses,
841 1189 884 1228 in
916 1189 1030 1227 cuius
1068 1187 1166 1226 aede
1197 1187 1296 1239 ignis
1327 1199 1439 1225 sacer
1469 1186 1661 1225 servaba-

124 1255 208 1290 tur.
271 1247 343 1302 (Ut
368 1249 576 1301 pudicitia
606 1262 679 1301 per
709 1262 797 1287 eam
829 1248 1083 1299 designetur,
1116 1247 1300 1284 Romano
1333 1244 1518 1296 equidem
1549 1257 1661 1283 more

125 1307 212 1346 fieri
252 1320 368 1360 posse
398 1321 482 1346 non
522 1305 734 1361 arbitror.)
797 1306 921 1356 Quod
963 1312 1099 1344 autem
1146 1305 1363 1355 Quirinum
1404 1317 1498 1340 eum
1524 1304 1661 1355 sralre

126 1367 255 1404 Remo
298 1380 410 1405 nunc
448 1368 540 1404 iura
570 1366 692 1415 dare,
736 1364 777 1404 h.
809 1379 841 1404 e.
881 1377 1073 1417 regnare,
1115 1362 1284 1415 imperio
1317 1362 1502 1400 Romano
1540 1374 1662 1414 prae-

125 1438 232 1474 esse,
270 1437 356 1463 rem
388 1425 612 1463 Romanam
644 1424 772 1472 tueri,
814 1424 894 1474 ait,
936 1423 979 1461 in
1018 1422 1081 1461 his
1112 1420 1374 1460 concordiam
1405 1419 1567 1471 quidem
1601 1420 1661 1458 ci-

125 1484 239 1522 vium
277 1483 395 1521 innui
436 1496 573 1536 posse,
604 1483 839 1521 Bnrmanno
871 1496 954 1520 non
986 1480 1242 1533 refragabor,
1273 1484 1319 1517 ut
1348 1480 1454 1517 sorte
1492 1492 1567 1531 pro
1601 1492 1660 1528 eo,

126 1541 237 1594 quod
273 1541 446 1592 diceres,
488 1543 574 1580 sore
605 1548 653 1581 ut
689 1541 907 1580 concordia
946 1546 986 1578 et
1027 1554 1108 1593 pax
1138 1539 1250 1576 bellis
1289 1537 1473 1576 civilibus
1504 1543 1544 1575 et
1575 1537 1660 1575 dis-

126 1600 276 1639 cordiis
297 1600 439 1653 sopitis
471 1601 605 1652 vigeat
626 1614 673 1638 ac
694 1600 861 1650 floreat,
897 1604 1015 1652 poeta
1037 1598 1257 1636 Romulum
1285 1602 1324 1634 et
1344 1597 1528 1644 Remum,
1560 1609 1661 1646 quos

126 1658 215 1697 dira
256 1658 458 1698 discordia
489 1659 763 1708 disiunxerat,
794 1659 944 1697 iterum
974 1663 1216 1709 regnaturos
1247 1668 1329 1692 esse
1361 1654 1522 1692 dixerit.
1570 1653 1659 1692 Meo

124 1724 262 1756 tamen
310 1730 431 1756 sensu
474 1718 533 1757 rei
574 1720 827 1769 sermonique
870 1722 1013 1768 poetae
1065 1713 1408 1753 accommodatius
1455 1718 1514 1750 est
1556 1711 1658 1750 hoc:

124 1776 331 1815 Bellorum
371 1775 551 1815 civilium
591 1790 699 1814 noxa
750 1775 957 1814 interdum
998 1788 1020 1811 a
1062 1773 1178 1811 Remi
1221 1771 1342 1809 caede
1384 1770 1658 1822 repetebatur,

126 1849 206 1886 qua
239 1840 327 1873 tota
359 1835 576 1887 posteritas
620 1835 759 1886 culpae
796 1840 838 1872 et
866 1832 1027 1886 piaculo
1072 1838 1159 1870 erat
1201 1830 1395 1881 obligata3
1435 1830 1515 1867 iam
1545 1829 1660 1867 bellis

126 1893 312 1932 civilibus
344 1893 530 1946 expiatus
563 1893 678 1931 Remi
709 1892 870 1944 sanguis
901 1891 1131 1939 videbatur,
1164 1896 1209 1928 ut
1237 1903 1276 1927 v.
1299 1902 1331 1926 c.
1361 1887 1507 1928 Horat.
1531 1887 1658 1940 Epod.

127 1954 175 2001 7,
224 1954 290 1995 17.
383 1952 525 2003 Itaque
577 1965 622 1989 ea
681 1957 824 2003 poetae
875 1962 986 1989 mens
1013 1965 1023 1988 ε
1091 1949 1336 2000 Temporum
1397 1946 1658 1998 antiquorum

125 2009 398 2062 integritatem
454 2016 493 2048 et
546 2011 767 2063 puritatem
814 2009 865 2047 iri
912 2007 1172 2055 restitutum,
1230 2005 1359 2057 qualis
1404 2005 1472 2042 illa
1522 2004 1657 2053 fuerit,

126 2074 342 2120 antequam
399 2069 604 2107 fraternus
662 2072 834 2119 sanguis
880 2069 922 2104 m
983 2075 1129 2104 terram
1179 2064 1352 2115 defluxit
1402 2063 1658 2115 primumque

125 2126 226 2165 illud
257 2126 521 2179 parricidium
551 2128 628 2166 fuit
659 2126 926 2167 commissum,
966 2125 1122 2163 Pacatis
1152 2123 1298 2161 iterum
1330 2121 1472 2159 animis
1503 2127 1544 2159 et
1575 2121 1658 2159 fra-—

125 2191 241 2223 terna
271 2185 490 2224 concordia
520 2185 691 2238 pristina
722 2199 807 2223 rem
838 2186 1062 2222 Romanam
1093 2181 1295 2220 moderari
1334 2186 1374 2218 et
1411 2180 1514 2218 tueri
1545 2179 1658 2230 quasi

125 2243 375 2282 videbuntur
406 2245 555 2282 Remus
585 2259 632 2282 ac
661 2244 869 2282 Romulus.
932 2243 986 2280 De
1020 2241 1195 2293 Agrippa
1226 2253 1319 2278 cum
1340 2238 1480 2278 Servio
1513 2244 1552 2275 et
1572 2237 1658 2275 aliis

126 2303 293 2354 cogitari
333 2317 416 2341 non
448 2316 582 2355 posse,
612 2309 722 2341 recte
753 2303 1009 2340 Burmannus
1042 2299 1213 2338 monuit.
1275 2297 1399 2346 Quod
1429 2310 1527 2335 vero
1559 2309 1658 2348 poe-

127 2366 190 2397 tae
231 2361 409 2400 animum
449 2362 502 2400 ad
538 2361 611 2399 has
651 2375 788 2399 rerum
830 2360 1021 2410 imagines
1062 2358 1304 2406 deduceret,
1335 2362 1380 2394 ut
1412 2355 1577 2403 Fidem,
1618 2360 1658 2392 et

132 2421 322 2468 [fes-lam,
362 2433 454 2458 cum
486 2421 615 2458 Remo
645 2434 690 2457 ac
722 2420 899 2457 Romulo
929 2422 1284 2464 commemoraret,
1318 2414 1438 2453 fuisse
1476 2413 1658 2464 suspicor

126 2476 247 2515 etiam
286 2477 386 2526 hoc,
427 2478 559 2528 quod,
606 2484 653 2516 ut
700 2491 750 2515 ex
792 2475 1067 2530 topographiis
1108 2476 1260 2512 Romae
1298 2472 1396 2511 disci
1428 2477 1580 2524 potest,
1617 2471 1658 2508 in

125 2535 308 2574 Palatino
339 2542 498 2585 monte,
531 2535 710 2586 adeoque
741 2536 847 2573 circa
877 2534 1100 2572 Palatinam
1132 2531 1311 2570 Caesaris
1341 2531 1520 2578 domum,
1551 2536 1658 2568 tem-

125 2594 192 2645 pla
229 2594 362 2642 Fidei,
406 2595 549 2633 Vestae
587 2608 634 2632 ac
677 2594 839 2632 Romuli
878 2592 1074 2643 Remique
1110 2596 1240 2628 erant.
1306 2588 1500 2627 Maiorem
1535 2588 1658 2639 igitur

126 2652 225 2690 haec
253 2652 388 2691 omnia
420 2653 657 2691 suavitatem
686 2653 835 2690 habere
871 2650 1067 2699 debuere,
1109 2649 1141 2686 si
1170 2650 1378 2686 Romanus
1413 2659 1459 2683 ea
1496 2645 1657 2696 legeret,

125 2711 192 2762 qui
222 2711 289 2749 illa
323 2712 472 2763 templa
502 2717 596 2749 ante
619 2709 790 2762 Augusti
817 2709 984 2747 domum
1010 2707 1142 2761 posita
1169 2705 1429 2744 meminisset.
1490 2703 1588 2741 Mox
1618 2718 1656 2742 v.

124 2772 222 2812 293.
244 2770 330 2811 294
362 2772 529 2808 Bellam
558 2768 625 2807 hic
652 2782 866 2821 personam
886 2766 950 2805 dei
975 2766 1145 2805 induere
1173 2771 1296 2817 puto,
1325 2769 1385 2800 est
1414 2761 1438 2803 ὁ
1463 2759 1656 2815 Πόλεμος.

124 2828 223 2866 Belli
255 2842 277 2866 a
308 2828 472 2867 Bellona
508 2834 549 2866 et
580 2827 711 2866 Marte
741 2839 925 2880 persona.
986 2823 1109 2877 Apud
1142 2823 1242 2861 Plin.
1280 2820 1454 2869 XXXV,
1490 2824 1566 2869 36,
1606 2823 1657 2863 16

125 2886 283 2940 Apelles
316 2888 432 2925 Belli
448 2888 674 2938 imaginem
697 2886 883 2923 restrictis,-
914 2884 973 2921 ad
999 2892 1115 2933 {erga
1142 2880 1331 2919 manibus
1349 2879 1494 2931 pinxit,
1527 2879 1657 2917 Alex—

124 2946 251 2985 andro
286 2948 328 2984 ιἰι
368 2961 487 2985 curm
525 2944 815 2997 triumphante.
880 2941 978 2981 Eam
1041 2955 1133 2979 cum
1170 2940 1296 2979 altera
1333 2938 1471 2978 tabula
1508 2937 1656 2991 Apellis
