1811 3388
298 205 704 261 AENEIDOS
742 203 884 253 LIB.
924 202 1019 264 VI,
1056 202 1345 253 516—528
1490 205 1588 253 927

72 337 264 389 Infelix
284 334 471 386 habuit
494 331 783 391 thalamUS,
821 326 1124 393 pressitque
1146 326 1409 374 iacentem

74 408 255 459 Dulcis
293 415 345 455 et
381 404 481 453 alta
518 401 698 468 quies,
748 396 1098 464 placidaeque
1130 394 1393 444 simillima
1419 395 1594 446 morti.

74 477 296 542 Egregia
317 476 522 523 interea
549 470 779 520 coniunx
802 483 946 516 arma
967 465 1149 514 omnia
1178 464 1330 514 tectis

78 552 334 607 Amovet,
374 551 427 593 et
450 540 625 590 fidum
650 537 802 604 capiti
825 535 1149 585 subduxerat
1172 550 1383 593 ensem;

77 620 220 666 Intra
244 622 382 663 tecta
404 620 557 660 vocat
576 607 910 669 Menelaum,
948 614 1001 655 et
1029 605 1213 653 limina
1242 602 1457 670 pandit3
1499 603 1600 654 525

83 686 295 735 Scilicet
316 683 372 732 id
394 697 651 746 magnum
673 693 890 745 sperans
911 675 1031 725 fore
1049 691 1247 724 munus
1274 673 1486 735 amanti,

79 759 145 806 Et
164 754 364 804 famam
390 749 645 815 exstingui
669 757 916 797 veterum
938 746 1009 794 sic
1031 761 1190 811 posse
1211 743 1497 793 malorum.

82 825 226 888 Quid
254 829 476 873 moror?
522 822 840 885 inrumpunt
870 816 1130 878 thalam03
1178 830 1361 864 comes
1389 810 1604 862 additur

867 903 975 935 una

152 965 267 1016 524.
304 965 534 1013 EMOVET
706 961 821 1012 528.
851 970 1080 1006 Anmrus

85 1112 279 1161 confectus
299 1114 441 1149 thiasis.
492 1111 675 1156 Ingeniose
697 1110 874 1154 profecto.
924 1108 1076 1141 Possunt
1096 1112 1212 1139 tamen
1238 1104 1308 1137 duo
1330 1102 1477 1137 moneri.
1523 1101 1604 1135 Pri-

85 1173 142 1194 mo
167 1174 280 1194 curae
298 1166 460 1207 spectant
484 1159 528 1192 ad
550 1158 661 1200 diem,
690 1157 748 1202 qui
773 1161 1035 1201 praecesserat,
1061 1165 1135 1186 cum
1156 1153 1200 1185 de
1222 1151 1377 1184 discessu
1395 1148 1606 1183 Achivorum

86 1209 243 1241 nondum
264 1209 434 1241 certiores
458 1212 577 1239 essent
605 1204 714 1245 facti,
757 1214 929 1249 quemque
957 1202 1045 1234 adeo
1065 1201 1157 1233 inter
1175 1198 1430 1232 sollicitudines
1461 1203 1496 1228 et
1514 1196 1606 1228 inter

86 1256 227 1288 labores
249 1255 336 1288 belli
356 1254 481 1288 solitos
503 1259 668 1295 exegerat
692 1251 917 1296 Deiphobus;
954 1256 1027 1281 tum
1056 1259 1162 1286 vero,
1188 1246 1335 1280 choreas
1357 1243 1531 1277 ducebant
1549 1244 1607 1275 fe-

86 1302 218 1335 minae:
246 1314 316 1335 non
343 1301 426 1334 item
444 1300 509 1333 viri
530 1300 635 1332 bellis
662 1298 818 1341 operati3
843 1308 945 1341 quam
972 1307 1094 1340 parum
1111 1294 1180 1327 hoc
1199 1292 1282 1326 viris
1311 1290 1529 1337 principibus
1548 1289 1608 1322 di·-

90 1361 194 1393 gnum
220 1354 451 1382 memorasset
480 1354 605 1391 poeta,
632 1346 661 1379 si
680 1347 889 1383 Hectorem,
923 1346 1097 1383 Aeneam,
1124 1341 1242 1385 eisque
1262 1339 1414 1380 similes,
1439 1344 1497 1370 aut
1517 1348 1608 1369 nunc

88 1395 335 1440 Deiphobum,
375 1395 503 1428 choros
522 1394 707 1426 ducentem
742 1390 978 1425 exhibuisset!
1015 1389 1081 1432 (Ad
1100 1388 1169 1420 hoc
1193 1386 1332 1431 quidem
1357 1396 1427 1418 non
1446 1383 1609 1417 offende-

89 1444 171 1482 rim3
197 1443 325 1476 chorus
352 1441 548 1487 principum
578 1440 830 1473 Thebanorum
859 1438 951 1482 apud
976 1436 1086 1481 Soph.
1117 1435 1235 1478 Antig.
1261 1434 1336 1468 148.
1361 1444 1437 1476 sqq.
1470 1431 1607 1463 Herm.:

90 1486 213 1534 „dud
239 1487 311 1533 γὰρ
349 1485 373 1522 οἱ
405 1484 667 1532 μεγαλώνυμος
699 1480 795 1530 ἦλθε
822 1485 943 1518 Νίκα·
970 1503 1014 1508 —
1035 1502 1082 1507 -
1114 1481 1220 1516 θεῶν
1258 1477 1298 1514 δὲ
1333 1477 1452 1518 ναούς
1483 1479 1610 1521 χοροῖς

89 1537 310 1581 παννυχίοις
334 1533 481 1574 πάντας
506 1531 742 1577 ἐπέλθωμεν·
769 1528 789 1566 ὁ
820 1529 952 1576 Θήβας
977 1526 1016 1563 δ’
1044 1526 1242 1572 ἐλελίχθων
1275 1524 1435 1570 Βάκχιος
1460 1521 1609 1568 ἅρχοι.“

97 1585 192 1627 lVr.)
288 1584 358 1617 529,
386 1583 606 1629 patriaeque
644 1580 777 1613 Zulich.
810 1591 875 1623 pro
906 1590 979 1610 var.
1013 1577 1092 1609 lect.
1140 1575 1392 1620 (fratrique
1427 1572 1610 1606 sinu'tlz'ma

91 1634 207 1664 Leto
240 1629 427 1673 Virgilium
457 1628 641 1672 scripsisse
673 1627 839 1672 opinatur
877 1624 1018 1657 Wakef.
1048 1624 1093 1656 ad
1120 1623 1262 1655 Lucret.
1302 1622 1370 1661 Ill,
1403 1619 1482 1655 917.
1513 1617 1609 1658 lVr.)

91 1677 278 1714 523—525
302 1677 435 1710 Locum
453 1675 545 1708 hunc
563 1686 720 1720 pugnare
742 1685 817 1706 cum
840 1684 947 1705 verss.
971 1671 1038 1705 567
1060 1682 1135 1714 sqq.
1153 1669 1215 1701 lib.
1243 1669 1274 1700 ΙΙ
1302 1667 1402 1700 multi
1423 1666 1488 1699 viri
1514 1663 1612 1697 docti

93 1724 344 1765 crediderunt,·
363 1722 498 1766 fuitque
519 1722 588 1754 hoc
611 1722 702 1754 inter
725 1731 882 1760 caussaS,
915 1730 976 1752 cur
1004 1718 1092 1750 istos
1112 1727 1229 1749 versus
1255 1714 1412 1747 sublatos
1440 1724 1517 1746 esse
1533 1710 1613 1744 vel-

92 1773 179 1805 lent.
230 1771 299 1804 Sed
317 1770 384 1803 fuit
405 1768 586 1814 Deiphobi
617 1762 740 1801 domus
767 1767 802 1798 in
830 1766 906 1809 ipsa
938 1776 1018 1798 arce
1048 1766 1094 1807 (v.
1121 1764 1203 1795 Exc.
1227 1763 1296 1793 ΧΠ
1311 1762 1337 1794 f.
1363 1761 1407 1794 ad
1429 1772 1459 1793 e.
1479 1759 1556 1800 lib.)
1579 1764 1615 1790 et

93 1818 210 1863 potuit
229 1817 364 1851 Helena
386 1816 519 1850 scelere
545 1816 582 1848 in
604 1815 763 1847 maritum
784 1813 969 1846 commisso
995 1821 1108 1844 tamen
1129 1809 1284 1842 latebras
1314 1819 1502 1852 quaerere,
1528 1816 1613 1850 quas

94 1866 208 1900 altero
232 1865 312 1897 loco
336 1863 542 1897 memoravit
561 1868 681 1907 poeta.
718 1864 779 1905 (At
800 1859 868 1893 vid.
889 1861 932 1900 Q.
949 1860 992 1892 V.
1011 1858 1173 1896 XXXX,
1190 1857 1223 1891 2.
1244 1856 1338 1896 Wr.)
1412 1855 1481 1888 524
1499 1857 1615 1886 Amo—

95 1921 156 1946 νει
176 1912 302 1944 Medic.
326 1923 402 1944 cnm
421 1910 557 1943 duobus
576 1908 696 1941 Heius.
718 1916 752 1941 et
769 1908 893 1951 fragm.
913 1905 1028 1939 Vatic.
1065 1905 1108 1938 cf.
1133 1916 1210 1948 sup.
1239 1902 1284 1935 ad
1310 1903 1392 1938 382.
1426 1897 1616 1945 (Revocavi

95 1960 164 1992 hoc
187 1971 227 1991 ex
255 1958 397 2003 optimis
423 1957 544 1996 libris;
588 1964 729 1988 amovet
760 1955 865 1987 etiam
886 1953 984 1997 Lips.
1013 1953 1074 1985 alt.
1123 1952 1167 1983 Et
1190 1961 1359 1983 amovere
1385 1949 1490 1981 tectis
1509 1957 1616 1990 quum

97 2005 301 2050 exquisitius
332 2005 463 2037 dictum
493 2003 558 2044 sit,
592 2003 698 2035 lectio
737 2009 875 2034 emovet
912 2011 977 2044 pro
1008 1999 1221 2042 glossemate
1260 1995 1446 2028 habenda:
1478 1998 1617 2027 amovet

97 2065 214 2094 arma,
238 2052 340 2084 tectis
378 2049 645 2083 emovendo.
703 2052 859 2081 Amovec
891 2046 1046 2078 restituit
1072 2045 1175 2077 etiam
1202 2042 1298 2075 lahn.
1343 2042 1437 2084 Wr.)
1486 2040 1618 2085 capitis

98 2100 226 2132 Medic.
249 2111 268 2131 a
288 2111 331 2131 m.
351 2110 418 2142 pr„
442 2097 505 2129 sed
526 2097 640 2141 capiti
661 2101 713 2127 est
732 2105 796 2139 pro
812 2099 914 2138 parte
937 2092 1038 2133 lecti,
1064 2092 1123 2123 ubi
1144 2095 1249 2134 caput
1268 2088 1439 2133 ponimus,
1466 2093 1505 2118 ut
1526 2088 1616 2118 Bur-

98 2158 212 2179 mann.
230 2152 386 2177 annotat.
436 2150 681 2176 summoverat
699 2142 790 2174 Ven.
872 2140 938 2174 525
963 2141 1069 2171 Inter
1093 2137 1252 2170 Parrhas.
1302 2144 1399 2167 tecta
1416 2141 1496 2179 post
1512 2132 1618 2165 tectis

100 2194 168 2228 523
197 2192 386 2236 displicent
402 2192 452 2223 10.
474 2189 694 2228 Schradero‚
730 2186 930 2220 coniicienti
951 2194 1074 2230 septa:
1099 2185 1210 2216 idem:
1238 2185 1398 2215 Emovet.
1457 2183 1505 2213 Ut
1524 2178 1559 2224 j.
1587 2191 1617 2211 c.

102 2239 342 2273 subduxerat.
439 2238 508 2271 527
536 2244 694 2268 veterem
719 2237 837 2277 Sprot.
896 2233 998 2265 Haud
1028 2231 1132 2263 dubie
1161 2228 1355 2273 elegantius
1383 2236 1489 2260 retus
1509 2225 1618 2272 fama

100 2287 279 2319 malorum
296 2296 361 2330 pro
381 2283 490 2329 sama
510 2291 675 2316 veterum
696 2281 872 2313 malorum
897 2279 1092 2316 diceretur3
1119 2284 1154 2310 et
1173 2285 1281 2309 vetus
1297 2287 1337 2307 ac
1350 2276 1535 2319 pristinus
1552 2284 1618 2317 pro

100 2332 213 2377 priori
236 2332 303 2365 iam
324 2331 413 2374 apud
438 2336 579 2375 poetam
601 2328 761 2360 vidimus.
811 2327 879 2360 Sed
900 2326 984 2358 felix
1004 2325 1127 2369 aliquis
1144 2323 1279 2356 librarii
1299 2321 1414 2363 lapsus
1430 2320 1619 2353 lectionem

101 2380 271 2412 librorum
303 2389 474 2411 consensu
503 2376 673 2408 firmatam
706 2374 920 2407 label'actare
947 2372 1085 2416 nequit,
1118 2379 1152 2404 et
1183 2371 1219 2402 in
1245 2368 1373 2402 talibus
1406 2367 1619 2400 lectionibus

103 2426 268 2459 ornandis
288 2426 396 2458 otium
424 2434 644 2463 consumere,
670 2419 845 2465 ingeniosi
861 2420 956 2452 lusus
977 2419 1116 2452 laudem
1136 2418 1267 2450 habere
1286 2421 1427 2461 potest,
1451 2426 1521 2447 non
1541 2420 1620 2445 stu-

103 2474 153 2506 dii
172 2480 268 2505 recte
289 2471 466 2505 collocati.
562 2470 630 2504 528
654 2471 725 2501 inr.
748 2467 931 2500 thalamos
950 2468 1050 2499 Rom.
1077 2478 1152 2498 cum
1180 2470 1280 2509 parte
1309 2463 1428 2496 Heins.
1453 2468 1488 2493 et
1507 2463 1621 2493 Burm-

105 2528 139 2554 et
159 2520 267 2554 Goth.
289 2531 372 2561 sec„
397 2529 498 2563 quam
520 2516 681 2562 equidem
708 2513 850 2558 Virgilii
879 2513 1086 2558 scripturam
1116 2523 1192 2545 esse
1222 2521 1360 2544 censeo.
1395 2521 1428 2543 v.
1455 2520 1530 2554 sup.
1561 2508 1622 2548 lv,

107 2642 189 2681 277
225 2652 281 2688 sq.
331 2637 481 2676 frustra
522 2634 603 2672 huc
650 2639 834 2671 vocatur.
895 2637 987 2670 rant
1017 2631 1147 2682 Intpp.
1173 2628 1318 2682 Odys&
1363 2628 1401 2677 ζ,
1433 2622 1623 2680 2”Υπνῳ

106 2697 162 2733 De
191 2696 332 2733 ceteris
368 2694 451 2732 vid.
488 2693 712 2731 Excursum
742 2691 840 2728 XI&
899 2689 968 2730 καὶ
990 2685 1156 2743 καμάτῳ
1181 2684 1394 2739 εἰρημένος.
1436 2684 1531 2722 Aliis
1561 2684 1624 2721 lo—

106 2768 265 2791 summa
296 2768 344 2790 ex
377 2767 467 2790 aree
489 2782 499 2800 ,
553 2750 605 2787 ad
647 2749 841 2788 Helenam
900 2748 955 2785 cis
991 2743 1157 2801 καμάτῳ
1191 2739 1413 2796 (Ξόδηκότες
1446 2738 1521 2794 η’ὄὲ
1556 2739 1624 2781 καὶ

106 2812 222 2850 refer.
899 2802 1017 2859 ὕπνῳ
1051 2804 1162 2842 Iliad.
1184 2820 1221 2853 κ,
1257 2805 1320 2844 18.
1357 2800 1625 2852 placidaeque

167 2871 315 2912 520—
333 2867 430 2908 530.
482 2865 705 2915 confeclnm
736 2867 840 2902 emis
899 2864 1111 2901 simillima
1140 2863 1270 2898 morti.
1305 2857 1435 2905 ὕπνος
1455 2879 1510 2886 --
1534 2851 1626 2907 Νή-

107 2939 323 2978 somnoque
359 2932 598 2976 gratatum.
664 2924 839 2975 Compa-
900 2937 1058 2976 γρετος,
1089 2916 1276 2972 ἥδιστος,
1314 2912 1483 2971 θανάτῳ
1512 2911 1626 2967 ἄγχι-
