1779 3420
64 229 167 277 774

389 226 444 274 P.
481 224 842 274 VIRGILII
887 223 1258 275 MARONIS

65 350 244 412 Adsit,
284 359 336 399 et
365 350 582 399 evinctis
607 350 824 400 adtollat
846 349 1059 398 brachia
1084 349 1286 416 palmis,

70 421 155 470 Sic
177 420 259 483 ait,
289 428 342 470 et
362 421 640 484 geminum
660 436 870 486 pugnae
892 421 1150 486 proponit
1169 420 1462 473 honorem:
1493 424 1595 473 365

67 491 270 541 Victori
290 490 527 539 velatum
550 507 679 540 auro
701 491 949 556 vittisque
972 491 1283 551 iuvencum3

66 564 267 611 Ensem
295 569 453 626 atque
473 560 736 624 insignem
758 560 966 624 galeam
989 561 1170 609 solatia
1195 562 1348 611 victO.

42 631 46 635 ’
66 634 178 681 Nec
199 647 374 691 mora3
415 630 670 679 continuo
694 632 846 678 vastis
872 646 994 678 cum
1021 630 1220 679 viribus
1244 629 1404 679 effert

71 702 180 750 Ora
204 704 395 761 Dares,
432 714 740 766 magnoque
764 701 937 748 virum
961 716 1016 749 se
1036 717 1318 749 murmure
1340 699 1503 750 tollit:

71 770 229 820 Solus
251 771 342 836 qui
364 769 614 819 Paridem
640 769 826 819 solitus
850 770 1184 820 contendere
1211 779 1410 832 contra,

139 869 253 915 370.
293 877 503 911 CONTRA
519 886 532 924 ;

165 1013 233 1048 365
254 1014 457 1060 praeponit
480 1013 615 1059 aliquot
639 1015 732 1059 apud
761 1016 958 1055 Burmann„
992 1015 1093 1048 male.

1493 776 1595 823 370

1190 1017 1259 1051 368
1286 1028 1365 1048 cum
1401 1027 1536 1048 erasum
1561 1015 1597 1048 in

9 1041 12 1045 ι
68 1060 218 1093 Dorvill.
268 1060 378 1105 affert
404 1062 540 1105 Hugen.
592 1062 698 1106 offert
725 1063 869 1095 Oudart.
917 1062 1010 1094 Vide
1035 1063 1141 1095 modo
1167 1075 1199 1096 v.
1220 1064 1299 1098 359.
1349 1062 1419 1095 Sed
1445 1075 1520 1103 ora,
1546 1076 1596 1104 se,

72 1107 189 1152 effert,
226 1107 348 1150 ingens
384 1107 450 1140 viri
488 1120 615 1153 eorpus
652 1109 775 1142 melius
802 1109 979 1148 declarat3
1012 1117 1048 1142 ut
1073 1122 1152 1142 mox
1187 1122 1225 1142 se
1258 1109 1367 1142 tollit.

69 1167 221 1187 munere
250 1163 274 1187 t.
307 1154 381 1187 bini
412 1155 520 1188 Goth.

1463 1110 1533 1144 369
1558 1122 1598 1142 se

617 1156 687 1192 370
713 1157 910 1189 extendere
934 1157 1106 1190 Montalb.
1157 1156 1368 1201 (Semicolon
1400 1155 1436 1188 in
1463 1167 1597 1190 comma

69 1201 221 1242 mutavi,
247 1213 291 1234 ne
324 1201 599 1248 interrumpatur
625 1216 664 1236 uc
689 1203 895 1236 debilitetur
921 1204 1059 1244 oratio,
1095 1205 1141 1237 ita
1167 1203 1384 1248 procedens:
1418 1205 1481 1248 qui
1504 1205 1596 1237 soli—

70 1257 156 1291 tus,
184 1250 345 1294 quique
381 1250 487 1282 idem.
537 1250 606 1283 Cic.
633 1251 731 1283 offic.
758 1252 784 1292 I,
810 1250 889 1285 Ξ4.;
926 1251 1085 1291 „Inventi
1120 1259 1235 1283 autem
1260 1250 1361 1282 multi
1386 1256 1486 1291 sunt,
1522 1251 1597 1294 qui

71 1306 143 1327 non
168 1295 274 1328 modo
300 1295 496 1340 pecuniam,
521 1297 584 1330 sed
609 1298 715 1330 vitam
743 1298 847 1330 etiarn
874 1298 1089 1342 profundere
1116 1309 1179 1342 pro
1206 1297 1319 1342 patria
1338 1297 1450 1341 parati
1471 1305 1597 1339 essent,

69 1341 213 1375 iidem
248 1342 384 1386 gloriae
419 1343 588 1377 iacturam
622 1357 666 1377 ne
702 1345 879 1377 minimam
913 1345 1051 1390 quidem
1078 1346 1193 1378 fucere
1218 1344 1385 1378 vellent.“
1423 1345 1485 1377 cfr.
1511 1346 1596 1378 Not.

70 1389 115 1423 ad
135 1391 213 1432 vn,
237 1391 295 1425 61.
324 1391 420 1435 Wr.)

69 1508 182 1556 loco,
214 1507 331 1545 etiam
354 1508 402 1546 ab
436 1508 648 1560 Apollonio
678 1510 744 1548 lib.
771 1511 804 1548 II

70 1580 130 1618 pr.
151 1572 190 1603 et
214 1566 417 1604 Theocrit.
443 1568 556 1619 Idy-ll,
579 1568 694 1605 XXII
717 1575 804 1606 tra-

72 1630 193 1664 ctato,
255 1624 466 1675 Virgilium
487 1626 604 1663 unice
623 1627 806 1676 sequitur

72 1683 225 1719 Statius
245 1681 370 1720 Theb.
395 1684 460 1731 VI,
482 1683 565 1725 249
587 1698 670 1734 sqq.
703 1685 805 1722 Poe-

72 1746 136 1777 tae
149 1739 331 1777 studium
349 1741 388 1777 in
409 1741 591 1779 oratione
610 1742 805 1780 varianda

73 1811 266 1848 cognosce
288 1798 408 1835 etiam
430 1799 470 1836 in
492 1799 574 1847 illo,
606 1800 715 1849 quod
743 1800 806 1837 di·-

73 1868 162 1893 cere
180 1856 313 1893 noluit
328 1856 500 1907 confecti
518 1872 656 1894 cursus
673 1867 709 1895 el
731 1859 806 1894 ‹lo-

72 1927 128 1950 lla
164 1922 346 1963 l)(³r(l('[(l.
417 1916 578 1951 (llll-'Iluro'
614 1930 807 1966 PTCCL‘SUIZS

74 1971 236 2022 proprie
259 1971 298 2008 in
330 1971 578 2021 discrimine,
622 1974 689 2024 qui
722 1973 806 2010 sine

72 2029 388 2080 perturbatione,
421 2031 623 2080 quomodo
643 2032 807 2083 pericu-

73 2087 112 2125 lo
141 2094 351 2136 occurrat,
393 2094 464 2125 aut
490 2088 650 2126 hostem
679 2090 805 2127 susti-

73 2150 187 2193 neat,
228 2145 350 2184 videt.
411 2147 535 2184 Debet
564 2147 686 2198 igitur
710 2162 806 2186 mox

75 2203 238 2241 omnino
278 2203 410 2241 dietus
450 2217 532 2242 esse
567 2219 640 2257 pro
675 2206 804 2253 fortis,

74 2267 119 2299 ut
148 2260 187 2299 h.
224 2261 250 2299 l.
295 2263 342 2299 es.
377 2262 465 2301 var.
496 2264 536 2301 L.
568 2263 670 2301 adsit
697 2264 729 2301 is
767 2269 806 2301 et

78 2326 189 2356 cestu
222 2319 390 2370 pugnet:
431 2327 472 2358 at
502 2335 621 2371 quam
644 2322 806 2359 ornate!

75 2378 409 2426 evracli-s·palmi-s·
442 2393 494 2416 sc.
517 2386 650 2428 ces-tu,
682 2381 806 2417 allol-

75 2434 156 2481 ι’(ιί,
187 2440 234 2470 ut
263 2431 411 2486 αἐίρειν
450 2451 538 2475 voe.
570 2451 707 2488 propr.
729 2437 807 2474 hac

77 2491 117 2527 in
164 2504 216 2528 re.
287 2492 473 2531 honorem
521 2508 559 2532 v.
601 2495 722 2533 modo
755 2495 806 2532 ad

79 2562 114 2585 v.
149 2550 243 2589 349.
276 2551 477 2599 vesanam,
514 2559 701 2590 ornatum
739 2551 804 2604 (cs.

77 2620 162 2656 sup.
195 2605 242 2642 ad
274 2620 310 2643 V.
349 2607 434 2659 72),
476 2624 573 2645 auro
604 2613 801 2661 valis-que,

77 2677 146 2700 seu
179 2663 278 2700 vitta
308 2664 471 2702 lamellis
501 2668 630 2703 aureis
661 2668 807 2704 distin-

78 2727 163 2769 cta3
197 2734 266 2758 seu
291 2728 336 2758 ut
369 2736 519 2760 cornua
543 2730 681 2761 aurata
705 2726 807 2774 sint,

78 2779 191 2816 vittis
212 2779 358 2816 cervici
385 2780 601 2831 impositis,
633 2782 716 2819 ritu
740 2796 807 2819 re-

79 2836 239 2885 ligioso,
293 2837 408 2874 etiam
456 2839 493 2874 in
538 2841 807 2877 monumentis

79 2894 218 2942 obvio,
269 2900 311 2931 ut
352 2895 389 2931 in
424 2910 519 2933 arcu
561 2897 650 2935 Titi.

78 2955 186 2990 Serv.
210 2959 247 2990 et
272 2953 338 2989 ins.
362 2953 429 3003 IX,
463 2957 557 2996 (327.

705 2899 806 2935 cons.

920 1511 1176 1550 368—377.
1221 1508 1380 1547 Homer.
1411 1509 1436 1547 l.
1458 1523 1491 1547 c.
1513 1508 1597 1550 664

864 1581 920 1617 sq.
981 1570 1076 1609 370.
1098 1567 1230 1614 Paris,
1262 1567 1382 1617 vulgo
1414 1581 1488 1618 pro
1517 1568 1597 1604 iin-

864 1625 981 1673 belli,
1022 1625 1166 1675 ignavo
1202 1631 1240 1662 et
1273 1625 1486 1663 mulieroso
1518 1624 1597 1662 ho-

865 1683 971 1720 mine
1002 1682 1142 1720 baberi
1177 1683 1340 1730 solitus,
1384 1696 1457 1720 nec
1487 1683 1597 1734 apud

865 1741 1086 1779 Homerum
1110 1741 1216 1778 omni
1236 1743 1384 1778 virtute
1407 1746 1527 1788 caret,
1551 1747 1597 1778 ut

866 1799 978 1836 iliad.
1001 1814 1022 1851 y
1047 1801 1087 1836 in
1110 1800 1324 1836 certamine
1348 1813 1436 1835 cum
1458 1798 1597 1836 Mene-

866 1857 943 1904 Iao,
978 1872 1013 1904 ν,
1047 1858 1129 1898 765
1162 1871 1244 1906 sqq.
1287 1860 1318 1903 λ,
1353 1857 1435 1897 580
1467 1863 1505 1894 et
1533 1857 1594 1905 al„

867 1929 888 1951 a
926 1916 1054 1966 poetis
1084 1921 1215 1952 tamen
1255 1920 1344 1965 post
1374 1915 1595 1952 Homerum

864 1973 995 2010 multo
1044 1973 1193 2010 maiore
1234 1973 1386 2009 virtute
1428 1972 1596 2022 insigni-

866 2036 931 2068 tus
958 2036 1036 2079 est,
1078 2031 1118 2068 in
1150 2030 1308 2081 praeliis
1338 2030 1463 2078 enim,
1507 2036 1596 2081 post

865 2088 1050 2126 Hectoris
1081 2090 1208 2126 satum
1245 2088 1376 2136 saetis,
1409 2088 1596 2138 frequens

865 2146 950 2184 eius
971 2152 1027 2182 est
1050 2146 1252 2184 memoria.
1305 2146 1595 2184 Certaminibus

866 2211 1000 2242 autem
1031 2205 1194 2242 inclitus
1214 2205 1344 2242 factus
1370 2210 1428 2241 est
1458 2204 1521 2241 vel
1545 2217 1595 2241 ex

866 2276 923 2309 eo,
947 2263 1070 2312 quod,
1088 2263 1190 2300 inter
1215 2269 1392 2313 pastores
1416 2262 1595 2299 nutritus

866 2334 955 2358 cum
991 2326 1110 2367 esset,
1146 2321 1359 2357 certamine
1386 2334 1404 2356 a
1440 2320 1595 2357 Priamo

864 2378 1052 2416 instituto
1074 2379 1231 2429 agnitus
1246 2385 1317 2425 est,
1341 2378 1436 2415 dum
1460 2380 1596 2415 omnia

866 2439 981 2483 tric-il,
1016 2435 1117 2476 κατὰ
1137 2432 1269 2475 πάντα
1294 2430 1426 2482 ἆθλα,
1460 2442 1505 2473 ut
1537 2441 1596 2473 est

865 2494 973 2544 apud
992 2494 1138 2544 llygin.
1164 2494 1239 2530 sab.
1262 2497 1328 2540 91,
1361 2499 1401 2530 et
1421 2493 1593 2534 sab.s273

867 2566 946 2601 pag.
980 2555 1074 2592 322.
1136 2551 1279 2589 Evenit
1311 2550 1387 2588 hoc
1415 2551 1453 2587 in
1490 2550 1595 2588 ludis

865 2609 1121 2656 funebribus,
1163 2622 1262 2658 quos
1295 2609 1326 2645 ei
1357 2614 1470 2658 pater
1498 2622 1595 2659 pro—

868 2667 1138 2703 nuntiaverat.
1218 2666 1426 2703 Probabile
1463 2666 1506 2703 [it.
1546 2666 1594 2703 ab

868 2725 1001 2773 aliquo
1031 2725 1198 2773 'l‘rngico
1232 2724 1407 2761 subulam
1438 2724 1493 2761 ita
1520 2737 1594 2761 ex-

868 2788 1050 2818 ornatam
1087 2783 1214 2819 fuisse.
1285 2782 1383 2819 Cum
1419 2796 1515 2819 vero
1552 2782 1595 2819 in

868 2839 974 2876 omni
1011 2840 1274 2877 certaminum
1303 2853 1444 2891 genere
1474 2840 1595 2877 vicis-

868 2902 944 2943 set,
982 2898 1098 2934 etiam
1132 2898 1307 2949 pugilatu
1338 2911 1429 2935 eum
1457 2897 1595 2934 vicisse

873 2968 1026 2993 necesse
1059 2962 1136 3005 est,
1173 2957 1292 2994 etiam
1316 2956 1496 3007 pugilatu
1520 2968 1593 2992 ex—
