1811 3388
440 196 801 247 ExcURsUs
837 199 862 248 1
898 203 987 249 AD
1024 203 1145 252 Lus.
1181 208 1251 256 vl
1460 220 1588 267 1003

94 322 174 361 hoc
202 328 410 374 uteretur,
453 332 502 363 ut
540 331 724 363 mortuos
766 328 989 367 consuleret
1023 336 1064 369 et
1106 331 1153 370 ab
1192 332 1238 370 iis
1275 347 1459 388 responsa
1490 343 1592 382 ferre,

93 380 322 430 videretur;
352 387 515 432 contra,
544 382 587 420 in
616 382 705 432 hac,
736 385 889 424 animae
907 393 1066 426 nostrae
1094 395 1238 428 natura
1262 405 1361 442 quae
1390 397 1452 446 sit,
1480 398 1593 450 igno..

92 438 260 488 ratione,
292 438 451 477 difficile
480 452 561 478 esse
591 440 749 490 debuit,
790 442 868 481 ista
900 446 1154 496 persuasione
1183 454 1223 486 et
1251 449 1393 489 fraude
1422 455 1594 495 animum

92 495 274 534 liberare.
333 497 522 536 Obtinuit
551 511 594 536 ea
623 498 702 537 iam
730 499 825 538 olim
852 501 892 539 in
926 502 1109 555 Oriente,
1153 512 1201 544 ut
1240 518 1261 544 e
1290 509 1412 547 sacris
1441 513 1595 552 vatibus

94 558 276 604 constat,
305 559 392 593 tum
421 554 464 593 in
494 556 683 606 Graecia,
712 556 847 607 Italia,
878 559 963 597 aliis
993 560 1100 600 locis.
1159 563 1263 602 Hinc
1291 573 1500 617 poetarum
1530 570 1596 608 in-

92 610 206 662 genia
235 613 443 651 materiam
474 619 514 651 et
544 620 732 653 ornatum
769 616 991 656 carminum
1020 618 1116 658 inde
1144 622 1361 672 petierunt.
1417 626 1497 664 Nec
1512 626 1597 665 Ho—

93 669 193 707 meri
221 669 343 708 modo
372 669 550 723 mythica
577 672 751 711 sollertia
785 673 828 712 in
859 673 921 713 his
951 689 992 714 se
1020 685 1269 731 exercuerat,
1299 682 1388 731 sed,
1423 685 1600 733 Νεκυίας

94 726 287 776 condere,
316 741 379 766 res
408 728 573 768 videtur
602 730 720 768 fuisse
749 732 952 771 veteribus
971 735 1100 786 poetis
1122 736 1304 788 pluribus
1330 740 1600 792 frequentata,

94 785 156 822 uti
199 784 318 836 plura
358 787 478 824 etiam
514 800 586 839 per
627 788 833 827 Graeciam
870 792 980 830 suere
1021 793 1320 846 Necromantia,
1373 799 1599 849 antiquiore

94 847 203 879 certe
233 855 353 894 aev03
385 857 476 881 nam
502 845 620 884 talem
651 847 973 898 superstitionem
1012 851 1151 889 melior
1180 853 1283 891 vitae
1323 855 1482 894 cultura
1514 862 1598 894 sta-

93 899 166 937 tim
192 899 333 938 tollere
361 901 512 941 debuit.
571 903 616 941 In
646 903 833 956 Minyade
864 912 904 943 et
932 907 975 945 in
1005 905 1182 957 Νόστοις
1208 923 1272 948 res
1303 911 1448 950 inseras
1479 913 1597 952 Orci-

94 969 172 1007 que
202 962 377 997 terrores
406 959 524 998 fuisse
553 966 768 1011 tractatos,
800 969 974 1003 testatur
1001 965 1214 1005 Pausanias
1243 968 1294 1017 X,
1324 972 1392 1018 28,
1425 977 1465 1008 et
1494 972 1598 1010 inter

94 1014 295 1053 Hesiodea
334 1015 476 1055 Thesei
503 1018 581 1056 suit
610 1032 702 1057 cum
741 1020 920 1059 Pirithoo
961 1022 1013 1060 ad
1051 1023 1199 1062 inferos
1231 1025 1461 1075 descensus,
1501 1028 1596 1067 ibid.

94 1072 165 1122 IX,
197 1074 265 1122 31,
303 1074 402 1113 alius
440 1075 624 1114 Herculis
662 1077 705 1114 in
743 1077 956 1117 Heracliis:
1009 1094 1089 1131 quo
1118 1082 1289 1131 factum,
1326 1090 1373 1121 ut
1411 1084 1477 1122 hic
1514 1086 1598 1138 ipse

95 1130 278 1168 Herculis
308 1131 520 1171 descensus
549 1134 668 1173 variis
691 1135 820 1173 modis
849 1144 1102 1177 narraretur:
1143 1141 1246 1179 conf.
1271 1140 1453 1193 Apollod.
1483 1142 1529 1192 ΙΙ,
1558 1143 1596 1193 5,

98 1191 152 1229 12
181 1193 220 1226 et
248 1190 372 1228 Notas
392 1204 478 1243 pag.
501 1191 584 1235 428
604 1206 687 1244 sqq.
745 1193 918 1233 Platonis
951 1195 1000 1232 de
1030 1196 1163 1235 inseris
1192 1197 1334 1249 mythi,
1365 1213 1464 1251 quos
1494 1213 1514 1237 e
1533 1206 1598 1238 te-

94 1244 183 1282 letis
211 1253 402 1300 repetunt·
431 1250 628 1299 nonnulli,
658 1264 739 1289 non
771 1251 930 1291 aliunde
960 1253 1064 1291 forte
1095 1261 1209 1293 erant
1237 1256 1366 1307 petiti,
1398 1270 1516 1307 quam
1547 1270 1598 1295 ex

94 1305 224 1355 poetis
256 1305 560 1357 antiquioribus
619 1308 699 1346 Nec
726 1309 986 1361 improbabile
1015 1317 1093 1361 est,
1135 1326 1155 1349 a
1185 1313 1358 1365 Tragicis
1387 1315 1596 1352 Romanis-

95 1375 173 1413 que
205 1362 246 1401 in
277 1363 445 1415 fabulis,
476 1377 575 1416 quae
606 1365 655 1403 de
685 1366 857 1405 Hercule
889 1368 1118 1420 Theseoque
1148 1377 1331 1421 agerent,
1373 1372 1516 1423 passim
1548 1372 1597 1410 de

94 1420 215 1459 rebus
242 1420 378 1459 inseris
406 1422 582 1462 intextas
611 1423 730 1462 fuisse
760 1426 1028 1475 narrationes,
1068 1441 1156 1465 cum
1189 1428 1418 1467 descensum
1450 1429 1501 1467 ad
1530 1430 1597 1467 in-

95 1478 199 1516 seros
229 1486 490 1530 exponerent.
548 1481 608 1518 Ita
639 1495 662 1519 a
690 1488 873 1522 veterum
902 1483 1120 1533 imitatore,
1152 1486 1321 1535 Seneca,
1354 1488 1502 1525 sactum
1532 1487 1598 1525 vi-

97 1535 165 1573 des
194 1535 236 1574 in
266 1537 438 1575 Hercule
468 1539 638 1577 furente.
697 1540 816 1578 Plura
846 1541 928 1579 eius
964 1542 1115 1592 generis
1151 1544 1368 1581 occurrisse
1406 1544 1597 1582 videntur

96 1593 137 1630 in
167 1592 323 1641 Theseo,
348 1595 572 1647 Euripidis,
611 1596 642 1634 si
674 1611 876 1650 compares
915 1598 1046 1638 schol.
1076 1599 1275 1652 Aristoph.
1306 1601 1356 1639 ad
1386 1602 1484 1639 Ran.
1514 1601 1597 1643 476

96 1657 137 1689 ct
168 1651 231 1701 aL,
264 1666 342 1703 qua
372 1653 456 1705 ipsa
486 1654 527 1692 in
556 1654 692 1692 sabula
725 1655 871 1694 Bacchi
910 1656 962 1694 ad
1001 1657 1148 1695 inferos
1190 1658 1400 1696 descensus
1430 1658 1598 1696 exhibe-

95 1714 176 1747 tur.
234 1709 385 1748 Rerum
414 1711 633 1750 inferarum
663 1713 850 1764 frequens
879 1728 1038 1765 quoque
1068 1715 1216 1753 mentio
1241 1716 1283 1753 in
1302 1716 1599 1754 evocationibus

95 1766 353 1817 umbrarum,
402 1768 462 1806 uti
502 1769 693 1819 Tiresiae,
732 1776 771 1808 et
806 1771 849 1808 in
890 1772 1067 1810 Manium
1109 1773 1443 1824 apparitionibuS,
1483 1780 1530 1811 ut
1558 1773 1599 1811 in

97 1824 300 1876 Euripidis
339 1825 524 1876 Hecuba,
566 1827 673 1865 unde
711 1827 834 1866 latine
872 1842 1109 1868 conversum
1141 1830 1189 1867 ab
1224 1831 1350 1868 Ennio
1390 1831 1438 1868 de
1468 1830 1599 1868 Ache-

95 1889 214 1920 ronte
243 1883 377 1921 locum
417 1884 595 1924 servavit
629 1885 764 1924 Cicero
805 1887 919 1926 Tusc.
956 1888 1035 1935 Qu.
1066 1888 1099 1936 I,
1144 1891 1207 1929 16.
1237 1888 1278 1926 in
1316 1889 1433 1926 Ennii
1460 1889 1597 1940 fragm.

98 1940 283 1978 column.
323 1954 362 1992 p.
406 1942 491 1983 242
519 1942 677 1980 Adsum
706 1951 825 1995 atque
859 1945 1028 1982 advenio
1057 1945 1282 1982 Acherunte
1316 1947 1385 1982 vix
1414 1948 1482 1983 via
1513 1947 1599 1983 alta

99 2005 220 2049 atque
250 1999 381 2035 ardua
396 2027 406 2046 ,
452 2001 539 2036 Per
565 2001 779 2048 speluncas
809 2003 942 2038 saxeis
978 2010 1147 2039 structas·
1186 2004 1357 2053 aspereis
1385 2003 1599 2052 pendenti-

98 2054 171 2093 bas
203 2057 465 2101 flffaxumeis,·
495 2055 565 2093 aba·
591 2057 728 2107 rigida
757 2067 909 2095 constat
939 2073 1075 2096 crassa
1107 2060 1242 2109 caligo
1275 2059 1473 2110 i12fi2r11m5
1510 2060 1599 2096 Un-

98 2112 148 2150 de
177 2114 340 2150 animae
372 2114 594 2150 excitantur
637 2114 801 2152 obscura
841 2115 982 2153 umbra
996 2146 1006 2164 ,
1048 2125 1182 2166 aperto
1223 2119 1319 2153 ostio
1348 2117 1438 2154 Ala·
1466 2116 1599 2153 Ache-

98 2172 239 2218 rantis,
259 2170 379 2221 salso
409 2172 607 2220 sanguine
636 2180 874 2210 mortuorum
904 2175 1114 2224 imagines.
1175 2173 1314 2221 Quid?
1348 2173 1457 2223 quod
1482 2173 1598 2210 etiam

99 2228 257 2279 pictura
287 2227 416 2278 attigit
444 2227 529 2265 illa:
560 2234 619 2266 est
649 2228 862 2281 descriptio
892 2231 1087 2268 tabulaea
1107 2231 1327 2282 Polygnoto
1355 2232 1482 2269 sactae
1505 2231 1599 2267 Del-

99 2283 189 2337 phis
221 2285 263 2323 in
293 2284 447 2323 leschae
485 2285 654 2336 pariete,
694 2286 735 2324 in
774 2301 851 2338 qua
881 2289 1026 2339 Necyia
1060 2287 1256 2326 exhibita:
1296 2288 1410 2327 Paus.
1438 2289 1489 2336 X,
1532 2290 1599 2336 28,

99 2342 168 2381 ubi
197 2355 316 2381 verus
347 2342 496 2394 Ulyssis
535 2343 585 2380 ad
626 2344 774 2382 inferos
810 2345 1018 2383 descensus
1056 2346 1114 2384 fit.
1175 2345 1260 2383 Alia
1295 2346 1424 2384 Niciae
1464 2345 1601 2383 tabula

100 2399 209 2451 apud
238 2400 410 2438 Plinium
440 2401 610 2450 XXXV,
644 2404 691 2442 11
725 2416 753 2440 s.
785 2405 851 2443 28.
909 2403 1056 2441 Fertur
1092 2403 1256 2441 tandem
1286 2403 1327 2440 in
1363 2403 1492 2441 teletis
1526 2402 1601 2440 ali-

101 2457 263 2508 quando
293 2470 431 2495 rerum
450 2458 668 2496 inferarum
697 2459 948 2498 adumbratio
981 2460 1197 2498 dramatica
1229 2462 1331 2499 sacta
1360 2474 1451 2502 esse,
1494 2461 1601 2498 Inter

100 2514 199 2552 haec
229 2515 508 2553 observatione
538 2516 700 2567 dignum
730 2517 850 2566 illud,
884 2532 903 2555 a
927 2531 1044 2568 quani
1073 2519 1206 2569 parvis
1235 2518 1357 2556 initiis
1379 2524 1600 2556 commenta

101 2572 199 2610 haec
230 2578 269 2610 et
298 2572 485 2623 figmenta
514 2574 563 2611 de
595 2574 822 2612 conditione
856 2575 1075 2613 animarum
1106 2582 1196 2627 post
1227 2581 1394 2613 mortem
1423 2576 1599 2628 profecta

102 2631 201 2668 sint:
235 2630 499 2668 condonanda
532 2632 670 2682 utique
699 2632 764 2670 illa
796 2632 1005 2684 cupiditati
1026 2633 1170 2670 mentis
1199 2632 1408 2682 humanae,
1440 2639 1477 2669 et
1501 2632 1599 2669 mira

102 2687 232 2737 aliqua
261 2687 510 2726 iucunditate
541 2702 581 2726 se
613 2689 952 2740 commendantia,
983 2703 1055 2727 nec
1085 2691 1259 2741 indigna,
1289 2691 1429 2741 quibus
1459 2690 1598 2726 immo—

102 2750 215 2782 retur
245 2744 445 2795 ingenium
478 2746 655 2785 erectius.
715 2747 834 2799 Apud
864 2747 1082 2785 Homerum
1112 2754 1170 2785 est
1206 2750 1394 2785 Tartarus
1416 2746 1598 2807 Titanum

102 2801 211 2838 sedes
242 2807 282 2838 et
311 2815 469 2853 carcer,
501 2817 627 2854 neque
663 2804 776 2843 aliter
807 2805 914 2856 apud
944 2805 1162 2843 Hesiodum
1193 2817 1254 2842 res
1286 2817 1324 2840 sc
1355 2803 1494 2850 habet,
1526 2802 1600 2838 nisu

101 2857 211 2908 quod
251 2858 452 2896 Uranidae
492 2861 531 2897 in
575 2861 712 2899 iisdem
753 2862 1021 2910 collocantm·;
1070 2862 1171 2900 cons.
1201 2862 1267 2899 ins.
1300 2860 1462 2896 Excurs.
1502 2858 1599 2896 V111.

101 2916 212 2954 Alius
252 2916 358 2967 apud
391 2916 610 2955 Homerum
641 2918 751 2957 locus
789 2925 847 2957 est
878 2919 1083 2971 Elysiunffi
1135 2917 1320 2955 heroibus
1361 2915 1600 2962 destinatus,
