1779 3420
130 234 234 284 924
456 232 511 280 P.
548 227 907 280 VIRGILII
944 227 1325 277 MARONIS

133 356 427 424 Supplicia3
463 366 515 406 et
535 356 676 405 notis
701 355 966 422 conpellat
986 353 1207 404 vocibus
1230 352 1399 404 ultro:

129 427 418 494 Deiphobe
440 427 793 493 armipotenS,
830 441 999 490 genus
1030 424 1134 474 alto
1168 442 1195 473 a
1228 427 1483 487 sanguine
1517 426 1660 472 Teu-

923 495 1011 557 cri,
1557 497 1660 545 500

133 567 264 629 Quis
285 576 394 617 tam
420 564 648 615 crudelis
671 565 870 630 optavit
890 581 1104 613 sumere
1129 569 1366 628 poenas?

132 637 232 687 Cui
257 646 464 685 tantum
490 635 556 684 de
583 643 635 683 te
661 634 840 684 licuit?
910 633 1043 683 Mihi
1068 632 1207 681 fama
1229 649 1478 698 suprema

130 710 303 757 Nocte
323 706 444 755 tulit
465 704 667 754 fessum
689 712 827 752 vasta
855 711 908 752 te
937 703 1099 752 caede
1122 701 1405 766 Pelasgum

130 776 485 826 Procubuisse
507 791 669 840 super
693 771 946 822 confusae
972 773 1153 837 stragis
1175 788 1437 822 acervum.

132 850 286 896 Tunc
311 854 527 910 egomet
544 843 813 893 tumulum
828 843 1078 893 Rhoeteo
1094 845 1145 892 in
1159 842 1314 891 litore
1332 843 1546 890 inanem
1558 843 1660 892 505

132 916 422 978 Constitui,
462 924 514 964 et
537 931 728 979 magna
746 915 916 963 Manis
941 923 1023 962 ter
1044 930 1176 962 voce
1199 916 1399 963 vocavi.

129 990 344 1036 Nomen
369 995 421 1035 et
442 1003 587 1035 arma
609 985 791 1033 locum
819 993 1055 1045 servant3
1094 993 1170 1047 te,
1211 983 1404 1045 amice,
1442 980 1660 1047 nequivi

132 1056 459 1122 Conspicere
477 1097 490 1120 ‚
530 1065 582 1105 et
602 1055 768 1121 patria
793 1054 1063 1103 decedens
1082 1070 1291 1120 ponere
1318 1061 1472 1102 terra.

1218 1172 1288 1206 500
1325 1184 1348 1204 a
1381 1171 1484 1203 deest
1510 1174 1660 1212 quatuor

226 1172 295 1210 499
324 1175 435 1208 notis.
466 1176 517 1207 lo.
550 1174 737 1207 Schrader.
769 1173 924 1206 malebat
951 1172 1122 1220 placidis.
1478 1216 1511 1248 ’d
1549 1217 1563 1247 I
1602 1216 1646 1250 18

1453 1228 1486 1249 vl
1516 1240 1522 1248 .
1566 1241 1574 1256 ‚
1650 1240 1658 1247 .

128 1220 271 1262 Heins.‚
297 1233 382 1254 uuus
412 1221 469 1255 ab.
522 1224 700 1254 Teucrum
724 1221 794 1254 duo
819 1221 919 1253 Leid.
974 1222 1113 1253 Teucro
1139 1224 1221 1251 tert.
1249 1232 1267 1251 a
1292 1231 1336 1251 m.
1363 1230 1417 1262 pr.

128 1269 197 1304 501
234 1271 379 1315 aptavit
413 1270 536 1312 fragm.
571 1269 685 1301 Vatic.
726 1281 745 1301 a
781 1281 825 1301 m.
858 1280 929 1300 sec.
1024 1267 1092 1301 503
1128 1265 1253 1309 fusam
1286 1265 1418 1299 zulich.
1455 1276 1475 1296 a
1510 1275 1553 1296 m.
1588 1273 1658 1294 sec.

129 1328 165 1348 v.
194 1316 239 1348 de
264 1316 375 1348 caede
400 1316 516 1359 vulgg.
543 1323 625 1348 ante
660 1314 750 1350 Pier.
802 1316 847 1348 de
879 1315 966 1347 sede
997 1314 1051 1347 ed.
1086 1314 1178 1347 Ven.
1227 1321 1377 1346 vastata
1414 1311 1525 1345 caede
1558 1308 1659 1341 Leid.

128 1361 199 1397 504
224 1362 419 1408 confossae
443 1364 533 1396 Gud.
583 1364 706 1396 caedis
732 1376 764 1395 a.
790 1369 940 1407 quatuor
964 1373 1019 1405 ap.
1045 1362 1159 1393 Burm.
1254 1361 1323 1395 505
1349 1361 1459 1392 IIunc
1483 1360 1580 1390 Serv.
1603 1368 1659 1400 ap.

127 1410 247 1442 Burni.
297 1409 432 1442 tibimet
458 1412 602 1443 Oudart.
649 1412 686 1443 in
716 1410 817 1442 deest
842 1411 942 1442 Rom.
977 1409 1100 1451 fragm.
1136 1406 1249 1441 Vatic.
1285 1413 1321 1439 et
1354 1406 1445 1438 binis
1477 1406 1660 1436 Burmann.

130 1459 182 1499 (et
208 1456 373 1489 omissum
398 1458 497 1490 malit
523 1457 662 1490 Iahnius
694 1457 739 1490 ad
772 1469 821 1489 vs.
856 1458 960 1495 509.;
995 1455 1059 1488 sed
1091 1455 1162 1487 vid.
1197 1456 1240 1496 Q.
1276 1455 1321 1488 V.
1353 1454 1511 1492 XXXII,
1544 1452 1578 1485 5.
1615 1469 1659 1474 —

128 1505 210 1538 506.
250 1506 377 1537 ,Manis
408 1505 444 1536 in
482 1505 608 1537 Medic.
644 1504 679 1536 in
714 1506 849 1537 DIane-s·
879 1510 1043 1535 mutatur.
1076 1504 1171 1546 Wr.)

128 1550 248 1584 Pierii.
305 1551 374 1583 Sed
415 1552 527 1585 altera
570 1551 658 1584 *atio
704 1550 923 1595 exquisitior.
981 1551 1026 1582 cf.
1071 1549 1134 1582 inf.
1178 1550 1254 1590 VII,
1301 1549 1336 1582 3.

1268 1502 1337 1536 507
1369 1501 1472 1533 locus
1498 1497 1659 1541 Longob.

1396 1555 1518 1580 servet
1557 1546 1658 1579 Rom.

129 1599 198 1632 508
223 1598 415 1631 discedens
440 1606 511 1632 tres
537 1600 652 1632 Burin.
678 1611 752 1633 oum
779 1599 889 1632 Goth.
913 1603 1016 1640 tert„
1039 1596 1212 1630 Moutalb.
1238 1595 1476 1629 descendens.

129 1694 327 1742 Quintum
368 1695 475 1744 XIII,
515 1695 599 1738 354
631 1709 688 1745 sq.
747 1694 864 1732 Adde

129 1752 281 1804 Dictyn
310 1752 375 1790 lib.
406 1753 452 1799 V,
480 1767 519 1803 P·
554 1756 647 1794 110.
690 1753 746 1791 Cs.
777 1754 863 1791 Ex—

130 1824 235 1848 curs.
257 1810 330 1847 Xll
352 1810 403 1847 ad
426 1811 494 1848 lib.
515 1810 560 1848 ΙΙ.

189 1868 272 1909 499
292 1882 375 1918 sqq.
416 1869 661 1919 Supplicia,
704 1867 776 1905 int.
813 1867 864 1905 il-

128 1926 214 1965 lum
235 1927 364 1978 ipsum
390 1921 743 1979 οἷκρωτηριασμὸν,
770 1926 864 1963 vul—

129 1998 239 2023 nera.
298 1986 368 2021 vix
388 1987 559 2035 agnovit
577 1994 612 2021 el
631 1985 861 2035 compellat,

129 2050 228 2081 noto
261 2043 454 2080 narrandi
492 2055 603 2080 more
634 2041 862 2091 Homerico,

129 2102 199 2151 qui
224 2114 272 2138 ex
294 2101 413 2152 prisci
441 2101 526 2139 aevi
554 2101 739 2151 neglectu
768 2114 863 2138 ora-

129 2160 248 2197 tionis
276 2159 484 2197 ducendus
515 2165 595 2197 est:
632 2173 729 2211 pro,
769 2173 862 2196 cum

129 2218 403 2269 compellaret.
452 2216 538 2270 (vix
560 2219 752 2269 agnovit,
777 2217 802 2256 i.
827 2230 859 2255 e.

128 2276 185 2314 ita
210 2276 423 2314 mutilatus
456 2282 571 2323 erat,
619 2283 667 2314 ut
708 2275 860 2313 Aeneas

129 2347 223 2372 eum
244 2334 314 2372 vix
345 2341 599 2385 agnosceret3
631 2348 704 2372 nec
723 2335 791 2372 vix
818 2333 859 2372 h.

128 2392 153 2430 l.
175 2392 431 2430 referendum
465 2392 516 2431 ad
541 2399 708 2444 tempus,
740 2393 860 2444 ll'r.)

128 2452 255 2499 nolis,
290 2465 439 2488 ornans
465 2450 695 2502 epithet0n5
726 2450 861 2501 quales

128 2514 341 2557 notorum,
373 2509 650 2558 familiarium,
683 2521 764 2545 esse
795 2523 862 2546 so-

128 2565 241 2615 lent3
281 2566 352 2604 ins.
392 2569 474 2608 688
503 2576 619 2605 notas
655 2568 795 2604 audire
826 2574 862 2603 ec

127 2624 287 2662 reddere
315 2639 451 2661 voc-es:
486 2625 734 2662 familiariter
761 2639 862 2661 con-

128 2681 325 2720 fabulari:
375 2688 422 2720 ut
461 2683 646 2731 faciunt,
689 2682 755 2733 qui
789 2682 861 2719 sibi

127 2742 214 2778 noti
234 2745 340 2778 sunt.
397 2754 542 2790 genus,
564 2739 694 2794 γένος,
718 2740 861 2777 oriun—

131 2798 228 2847 dus,
260 2804 308 2836 ut
329 2803 367 2835 et
393 2811 527 2849 supra.
598 2800 695 2840 501.
741 2806 862 2846 opta-

128 2859 210 2904 vit,
246 2870 296 2894 ex
331 2858 560 2909 προείλετο,
600 2861 722 2906 puto,
758 2854 797 2892 h.
829 2868 861 2893 e.

128 2915 271 2953 statuit
292 2944 301 2962 ‚
360 2914 524 2952 induxit
576 2913 617 2951 in
672 2912 861 2961 animum,

127 2987 246 3011 ausus
272 2979 341 3011 est.
403 2973 497 3014 503.
518 2971 613 3013 504.
647 2985 765 3022 quam
794 2984 863 3009 or-

922 1699 1014 1731 nate
1037 1723 1046 1741 ‚
1086 1706 1160 1744 pro
1183 1723 1194 1743 ‚
1233 1698 1274 1730 te
1312 1689 1545 1729 occubuisse
1580 1702 1658 1741 pu-

921 1751 1095 1803 gnando.

980 1809 1065 1851 505
1085 1831 1136 1835 —
1157 1808 1255 1850 508.
1300 1808 1403 1844 Sane
1443 1809 1657 1842 consenta-

923 1881 1042 1905 neum
1071 1865 1150 1904 hoc
1182 1866 1335 1904 Aeneae
1367 1863 1517 1916 pietati.
1576 1861 1658 1899 Nee

923 1932 1057 1963 tamen
1072 1924 1241 1962 ulterius
1260 1921 1562 1974 inquirendum7
1576 1933 1653 1958 un-

924 1983 973 2021 de
993 1983 1147 2021 Aeneae
1170 1988 1325 2033 tempus
1349 1986 1389 2019 et
1415 1980 1527 2018 locus
1557 1991 1657 2029 sup-

921 2048 1060 2093 petere
1086 2041 1137 2078 ad
1165 2039 1243 2078 hoc
1269 2037 1553 2090 cenotaphium
1577 2050 1655 2088 po-

921 2100 1066 2149 tuerit,
1089 2099 1121 2137 si
1143 2098 1209 2137 lib.
1229 2098 1277 2148 H,
1300 2097 1367 2135 fin.
1388 2103 1428 2134 et
1448 2095 1510 2144 111,
1526 2094 1655 2147 princ.

922 2159 1054 2196 animo
1095 2163 1268 2209 repetas,
1330 2154 1417 2208 (sed
1459 2167 1531 2192 cur
1572 2166 1655 2190 non

919 2217 1121 2269 potuerit,
1150 2229 1275 2266 quum
1297 2212 1527 2252 condendae
1551 2210 1655 2248 clas-

919 2277 969 2313 sis
990 2289 1105 2313 causa
1128 2272 1368 2311 commorari
1391 2285 1463 2324 per
1490 2267 1655 2319 aliquod

918 2340 1078 2385 tempus
1093 2332 1134 2370 in
1154 2331 1311 2370 Troade
1331 2330 1483 2369 Aeneas
1504 2327 1655 2366 debue-

918 2392 1004 2430 rit?
1041 2389 1154 2444 lVr.)
1226 2391 1322 2432 507.
1365 2390 1527 2427 Nomen
1565 2386 1653 2423 loco

919 2449 1093 2488 inditum
1116 2479 1126 2498 ‚
1177 2454 1218 2486 et
1258 2461 1376 2485 arma
1408 2446 1448 2484 in
1495 2443 1654 2483 tumulo

921 2507 1144 2546 constituta
1181 2512 1221 2544 et
1250 2505 1332 2543 fixa
1364 2518 1416 2542 ex
1454 2515 1565 2541 more
1598 2499 1653 2554 (v.

920 2580 1007 2618 sup.
1028 2565 1145 2617 233).
1205 2565 1339 2602 locam
1367 2570 1554 2610 servant,
1588 2560 1653 2597 in—

920 2624 1118 2675 signiunt,
1150 2626 1458 2660 monumentum
1487 2619 1653 2656 faciunt.

919 2682 1004 2719 Aut
1024 2681 1146 2732 igitur
1170 2680 1284 2730 fingit
1306 2685 1423 2730 poeta
1448 2682 1519 2714 aut
1539 2688 1653 2713 acce-

920 2745 1037 2792 perat
1077 2738 1119 2775 in
1160 2737 1342 2775 Rhoeteo
1393 2736 1526 2773 locum
1572 2746 1653 2771 esse

920 2792 1138 2848 Δηϊφὸβου
1178 2797 1287 2847 σῆμα
1328 2794 1495 2832 dietum.
1557 2794 1652 2834 507.

922 2864 958 2892 te
980 2860 1025 2891 ut
1045 2867 1130 2905 sup.
1151 2856 1235 2894 362
1262 2852 1310 2890 de
1344 2864 1524 2904 corpore.
1574 2865 1654 2901 po-

922 2927 1035 2960 nere,
1081 2911 1122 2949 h.
1164 2912 1189 2949 l.
1234 2911 1425 2959 humare,
1467 2908 1653 2947 condere.

924 2970 1059 3023 (iunge
1080 2976 1214 3008 tamen
1235 2984 1384 3021 ponere
1413 2976 1538 3015 terra;
1582 2979 1656 3004 ne-
