1811 3388
397 149 813 198 AENEIDOS
850 150 998 199 LIB.
1038 152 1125 213 VI,
1163 156 1456 209 365—382
1598 166 1698 213 905

186 275 381 324 Desine
416 273 521 322 fata
555 273 718 322 deum
751 271 892 322 flecti
927 291 1140 338 sperare
1179 280 1464 340 precando.

189 343 295 393 Sed
325 360 450 408 cape
476 342 612 391 dicta
631 359 872 407 memor,
908 343 1025 392 duri
1049 344 1231 393 solatia
1263 362 1421 399 casus

186 417 321 463 Nam
340 421 428 460 tua
452 411 693 474 finitimi,
733 412 894 478 longe
922 413 1137 479 lateque
1161 431 1261 480 per
1282 417 1443 466 urbes

184 481 444 545 Prodigiis
468 482 564 530 acti
590 482 935 546 coelestibus,
974 500 1086 532 ossa
1112 484 1350 549 piabunt,

183 554 250 600 Et
287 559 517 602 statuent
553 551 846 617 tumulum,
895 562 946 602 et
993 554 1203 603 tumulo
1249 555 1528 604 sollemnia
1576 558 1700 605 mit-

970 632 1108 680 tent;
1668 633 1699 677 Ο

183 693 589 757 Aeternumque
609 691 756 740 locus
777 691 1009 741 Palinuri
1035 709 1238 742 nomen
1267 693 1499 745 habebit.
1598 633 1662 679 38

183 760 274 808 His
300 760 449 809 dictis
470 778 624 810 curae
650 770 885 826 emotae,
923 762 1213 829 pulsusque
1234 781 1526 830 parumper

253 859 367 904 379.
403 867 656 914 PIABUNT3

274 970 344 1006 378
369 971 478 1003 Recte
499 970 664 1003 adversus
683 971 937 1013 Marklandum,
963 973 1020 1017 qni
1041 973 1083 1006 ad
1107 977 1196 1007 Stat.
1214 975 1247 1008 V
1265 973 1350 1008 silv.
1368 974 1402 1015 3,
1429 975 1495 1010 127
1511 974 1697 1007 absurdum

183 1027 261 1049 esse
280 1017 397 1049 aiebat
410 1018 592 1060 finitimos
613 1017 682 1050 dici
706 1018 815 1064 longe
833 1019 978 1064 lateque
997 1020 1205 1061 habitantes,
1230 1021 1343 1054 locum
1361 1028 1478 1054 tuetur
1501 1021 1553 1053 vir
1573 1022 1697 1054 doctus

182 1075 238 1108 ap.
263 1064 384 1101 Burm„
410 1063 533 1096 ordine
557 1065 742 1097 verborum
762 1066 812 1098 ita
838 1065 1015 1100 instituto:
1045 1068 1202 1110 finitimi
1224 1070 1298 1101 acti
1322 1069 1504 1113 prodigiis
1523 1069 1692 1101 coelesti-

183 1109 250 1142 bus
261 1110 369 1154 longe
383 1111 527 1155 lateque
544 1123 610 1153 per
624 1110 752 1151 urbes,
777 1112 895 1156 itaque
917 1113 1235 1157 interpunctionem
1248 1123 1328 1158 post
1344 1128 1414 1161 per
1433 1114 1540 1146 urbes
1560 1115 1695 1148 sustuli.

183 1156 445 1199 ffilarkhmdus,
483 1158 648 1190 cavillans
676 1158 763 1190 haec
794 1160 919 1201 verba,
954 1160 1046 1192 idem
1077 1173 1152 1193 esse
1184 1163 1249 1202 ait,
1285 1173 1324 1194 ac
1351 1161 1380 1193 si
1412 1161 1544 1193 diceret
1572 1168 1695 1205 poeta:

175 1204 331 1247 finitimi
347 1204 548 1248 longinqui.
597 1206 725 1237 Nonne
743 1212 857 1237 autem
873 1232 880 1245 ,
906 1208 934 1238 si
959 1207 1152 1240 orationem
1175 1208 1243 1248 ita,
1280 1215 1317 1240 ut
1336 1208 1420 1240 fecit
1438 1208 1591 1252 Heynius
1605 1235 1612 1249 ‚
1638 1209 1698 1241 in·-

183 1250 367 1292 stituimus‚
390 1251 497 1282 verba
521 1251 631 1296 longe
659 1251 805 1296 lateque
836 1255 909 1285 acti
940 1254 983 1286 ad
1010 1254 1101 1286 idem
1124 1254 1210 1287 illud
1223 1255 1379 1297 finitimi
1395 1255 1593 1299 pertinent?
1627 1257 1697 1288 Ec-

182 1297 266 1341 quid
288 1296 394 1339 igitur
416 1304 548 1330 mutata
568 1297 852 1342 interpunctione
869 1300 1093 1343 proficimus?
1129 1301 1242 1334 Sensit
1264 1301 1356 1333 idem
1377 1301 1527 1334 Iahnius.
1560 1303 1696 1346 Nempe

182 1343 494 1376 finitimorum
518 1355 642 1376 nomen
657 1371 665 1384 ‚
691 1345 748 1388 qui
774 1357 847 1378 eam
871 1358 965 1379 oram
986 1348 1180 1380 incolentes
1208 1348 1297 1380 istoc
1322 1348 1455 1381 scelere
1475 1360 1511 1380 se
1531 1348 1696 1393 inquina-

180 1396 323 1431 verant,
357 1403 462 1434 quum
489 1391 599 1433 pestis
632 1403 650 1423 a
681 1391 746 1424 diis
774 1392 926 1425 immissa
958 1402 1115 1438 serperet
1141 1407 1206 1439 per
1234 1395 1403 1438 reliquam
1432 1402 1569 1437 gentem
1591 1396 1696 1440 longe

181 1437 321 1481 lateque
345 1437 558 1469 habitantem
573 1464 581 1478 ,
607 1437 696 1470 hanc
719 1445 830 1471 totam
854 1439 1009 1473 includit.
1057 1441 1198 1474 Retinui
1216 1448 1329 1474 autem
1348 1442 1562 1486 Heynianam
1581 1443 1695 1475 inter-

180 1484 423 1528 punctionem,
447 1496 465 1516 a
486 1486 564 1517 cod.
585 1484 745 1517 Mediceo
767 1486 952 1525 firmatam3
985 1499 1063 1519 nam
1086 1488 1147 1521 illo
1171 1488 1248 1533 ipso
1275 1489 1431 1531 finitimi
1462 1501 1541 1521 usus
1572 1489 1695 1532 Virgi-

180 1531 247 1563 lius
269 1542 339 1562 non
359 1530 395 1562 id
415 1530 555 1563 videtur
576 1531 692 1564 dicere
710 1532 882 1573 voluisse,
907 1534 1036 1566 multi
1050 1547 1064 1566 5
1090 1535 1185 1568 loci
1201 1547 1214 1567 s
1241 1535 1322 1567 illos
1345 1547 1423 1568 ossa
1444 1535 1596 1568 Palinuri
1613 1537 1694 1581 pia—

185 1585 284 1609 turos
309 1589 396 1617 esse,
422 1578 484 1609 sed
504 1578 658 1610 futurum
680 1578 749 1611 hoc
769 1592 845 1611 esse
865 1580 899 1612 in
921 1581 1045 1614 vicinia
1069 1582 1140 1614 eius
1168 1580 1258 1622 loci,
1294 1582 1352 1614 ubi
1380 1582 1514 1614 occisus
1533 1583 1593 1615 ille
1614 1584 1692 1616 fue-

180 1631 252 1664 rat3
277 1635 375 1664 nam,
400 1630 438 1656 ut
458 1624 507 1656 ait
527 1625 678 1663 Servius,
704 1625 818 1658 lucum
841 1633 876 1659 et
900 1628 1138 1671 cenotaphion
1167 1629 1216 1660 ibi
1236 1629 1397 1661 Palinuro
1419 1629 1599 1662 dederunt.
1626 1630 1695 1662 Ce-

180 1678 291 1703 terum
317 1670 520 1711 semicolon,
546 1672 639 1715 quod
669 1678 744 1704 erat
772 1680 857 1716 post
884 1673 1053 1719 piabunt,
1091 1675 1124 1706 in
1158 1687 1289 1707 comma
1316 1675 1462 1715 mutavi;
1498 1688 1575 1709 nam
1607 1689 1695 1721 quae

180 1724 389 1762 sequuntur,
432 1718 640 1762 epexegesin
668 1720 853 1752 verborum
896 1732 979 1753 ossa
1008 1721 1163 1765 piabunt
1194 1721 1391 1754 continent:
1428 1729 1695 1756 statuentes

178 1764 347 1796 tumulum
368 1770 403 1796 et
429 1764 675 1797 mittentes
701 1766 896 1799 sollemnia.
936 1768 1032 1810 lVr.)
1080 1781 1147 1813 per
1177 1767 1299 1800 urbem
1334 1769 1438 1802 Witt.

179 1819 346 1844 statuent
368 1823 421 1855 pr.
439 1812 567 1844 Moret.
586 1823 651 1855 pro
670 1813 883 1846 Instituent.
933 1815 1070 1847 Solatia
1090 1815 1202 1858 Bigot.
1225 1827 1264 1847 ex
1286 1828 1316 1848 v.
1336 1817 1417 1851 377.

1532 1771 1602 1804 380
1626 1773 1696 1803 In-

1499 1817 1565 1851 381
1588 1818 1695 1850 Pali-

179 1870 312 1890 nurum
332 1871 460 1890 nomen
481 1864 563 1890 tert.
584 1859 729 1891 Mentel.
751 1872 769 1892 a
788 1872 830 1892 m.
852 1873 905 1904 pr.
933 1861 1092 1905 adeoque
1118 1860 1240 1894 calami
1262 1861 1368 1903 vitio,
1395 1862 1461 1895 etsi
1483 1864 1567 1896 satis
1586 1864 1693 1897 felici.

180 1905 222 1937 cf.
245 1906 359 1937 Burm.

179 2012 305 2036 unum
325 2004 384 2036 est
407 2005 568 2037 mortuo
589 2000 772 2037 solatium
786 2031 795 2049 ,
827 2002 908 2039 sal-

178 2062 258 2093 tem
278 2062 532 2095 transvectus
544 2056 813 2095 Acherontem
827 2073 906 2096 non

180 2113 334 2151 diutius
366 2127 500 2152 errare
523 2128 640 2166 cogar
674 2116 723 2152 ad
748 2116 908 2154 citerio-

181 2184 265 2209 rem
287 2171 368 2208 eius
392 2173 532 2222 ripam.
593 2175 635 2209 ιή
660 2182 794 2221 morte,
824 2174 849 2211 i.
873 2188 905 2212 e.

178 2226 346 2277 θανών,
377 2229 458 2267 vid.
488 2230 533 2268 V.
560 2231 600 2267 L.
624 2230 674 2267 ad
707 2231 778 2278 IV,
812 2233 906 2273 502.

184 2286 299 2338 lVr.)
361 2286 509 2325 Versus
539 2289 622 2329 370
657 2301 706 2324 ex
726 2288 836 2325 Iliad.
859 2299 906 2339 ψ,

177 2343 232 2385 75
263 2344 475 2382 subnatus:
524 2347 594 2385 καί
630 2361 695 2394 μοι
730 2343 799 2392 δός
831 2344 907 2398 τήν

176 2397 289 2453 χεῖρ’,
321 2397 590 2455 ὀλοφύρομαι,
622 2403 792 2440 Patrocli
814 2417 908 2441 um-

176 2459 261 2497 bra.

235 2576 320 2615 372
336 2575 496 2615 —383.
537 2587 696 2610 amnem
729 2589 907 2612 severum,

179 2629 237 2683 (h.
257 2644 289 2668 e.
314 2631 493 2678 tristem,
523 2630 789 2685 horrendum)
818 2635 906 2670 [2¹11-

177 2690 381 2725 menirlum
426 2689 543 2726 docte
591 2688 714 2738 dixit,
767 2690 906 2728 eodem

177 2745 297 2782 modo
335 2759 380 2782 ac
417 2746 447 2782 si
479 2746 645 2783 deorum
672 2747 905 2797 inferorum,

176 2803 435 2855 Proserpinae
456 2804 519 2841 vel
544 2804 733 2855 Hecatae,
765 2806 905 2857 appel-

176 2860 288 2897 lares.
369 2861 532 2898 Servius
582 2863 705 2900 male:
766 2863 904 2913 „circa

429 1905 499 1939 382
520 1914 663 1938 amotae
689 1905 823 1950 aliquot
846 1907 980 1949 Heins.,
1007 1908 1157 1940 sollenni
1178 1908 1359 1942 varietate.

968 2015 1085 2052 quem
1151 2002 1337 2040 habitant
1398 2004 1695 2054 Eumenides;“

967 2060 1077 2109 quod
1119 2067 1220 2098 esset
1258 2061 1529 2099 revocandum
1571 2062 1621 2099 ad
1656 2077 1693 2100 v.

966 2119 1064 2164 280,
1107 2117 1176 2154 ubi
1213 2118 1451 2156 Eumenides
1490 2119 1530 2156 in
1581 2120 1694 2158 aditu

966 2174 1074 2212 Orci.
1134 2174 1211 2212 Sed
1233 2175 1274 2213 id
1303 2176 1420 2213 nimis
1448 2176 1562 2227 longe
1587 2177 1694 2229 peti-

966 2237 1066 2269 tum.
1128 2235 1222 2274 377.
1253 2248 1353 2283 cape
1389 2248 1559 2282 memor,
1604 2241 1693 2272 tene

965 2290 1168 2327 memoria.
1229 2293 1324 2332 578.
1346 2292 1462 2328 Ναιη
1481 2298 1528 2328 ut
1546 2289 1621 2345 ya'9
1644 2293 1692 2330 ab

966 2346 1079 2383 initio
1118 2347 1334 2396 orationis,
1375 2363 1448 2400 pro
1480 2347 1544 2401 δή,
1587 2363 1692 2399 sane,

967 2404 1127 2442 seilicet.
1170 2406 1367 2443 sollennia
1394 2409 1559 2454 mittent,
1588 2407 1692 2460 πέμ-

966 2471 1095 2509 ψουσι
1117 2459 1224 2512 χοὰς,
1249 2460 1348 2516 ἱερὰ,
1381 2470 1420 2501 et
1443 2464 1595 2513 similia,
1626 2467 1692 2503 in-

966 2519 1085 2556 serias
1112 2521 1250 2558 serent.
1311 2521 1410 2559 Cum
1450 2536 1471 2559 a
1498 2523 1692 2573 barbaris,

965 2576 1147 2614 Lucanos
1179 2578 1328 2627 edunt,
1379 2579 1446 2630 qui
1490 2581 1615 2619 serius
1648 2594 1693 2618 ea

965 2634 1050 2672 loca
1084 2634 1361 2684 incoluerunt,
1402 2638 1553 2676 occisus
1594 2645 1693 2676 esset

965 2692 1200 2742 Palinurus,
1241 2700 1380 2746 postea
1414 2695 1441 2732 ii
1470 2696 1691 2747 pestilentia

964 2749 1216 2800 laborantes,
1260 2766 1280 2788 a
1313 2751 1387 2790 deo
1418 2754 1597 2791 consulto
1623 2767 1691 2791 re-

964 2821 1154 2858 sponsum
1182 2816 1444 2861 acceperunt,
1476 2810 1691 2863 placandos

963 2878 1045 2903 esse
1084 2866 1259 2905 Palinuri
1295 2867 1441 2906 Manes.
1503 2865 1600 2919 (vid.
1643 2868 1691 2906 de
