1811 3388
362 247 770 304 AENEmos
808 246 950 294 LIB.
990 244 1080 305 111,
1127 245 1424 294 277—285

129 384 382 448 Actiaque
412 376 581 428 Iliacis
610 372 946 424 celebramus
977 369 1131 419 litora
1166 367 1320 420 ludis,

1556 247 1656 293 483

1551 374 1652 420 280

128 458 388 504 Exercent
409 447 600 514 patrias
625 444 751 494 oleo
778 442 994 491 labente
1014 439 1301 506 palaestras

127 520 319 573 Nudati
350 518 492 568 socii.

564 518 714 566 Iuvat
747 512 973 563 evasisse
1005 519 1087 559 tot
1121 508 1269 559 urbis

129 589 421 655 Argolicas,
458 586 783 651 mediosque
806 581 987 646 fugam
1013 580 1249 630 tenuisse
1275 594 1375 645 per
1403 576 1583 628 hostis.

129 665 338 712 Interea
357 674 616 724 magnum
638 655 718 704 sol
745 651 1180 703 circumvolvitur
1204 665 1424 710 annum,

129 734 195 781 Et
218 729 442 796 glacialis
466 727 639 777 hiems
666 722 1008 791 aquilonibus
1030 728 1238 787 asperat
1261 717 1445 769 undas.

1553 720 1656 769 285

221 873 291 907 280
316 872 498 916 Acciaque
516 867 638 909 multi,
665 866 771 900 etiam
795 878 851 910 ap.
873 864 966 897 Pier.
1007 866 1195 907 Acteaque
1215 861 1298 894 duo.
1333 860 1534 904 Acteiaque
1552 859 1656 891 Voss.

130 918 364 953 celebrantur
395 929 453 950 un.
492 917 598 949 Voss.

130 967 198 1002 282
224 966 397 1000 Audaces
414 964 504 998 socii
525 964 651 1006 Puget.
704 958 830 1003 (urbes
852 958 981 992 Medic.
1021 956 1117 999 (Vr.)

131 1021 306 1047 auctorem
344 1012 389 1045 de
431 1009 604 1056 progenie
641 1007 788 1053 Augusti
819 1019 849 1039 c.
887 1006 942 1040 12.

132 1146 259 1182 mam;
290 1130 351 1169 uti
371 1130 477 1169 dona
499 1129 548 1168 de
580 1127 776 1176 victimis,
816 1124 867 1163 de

134 1191 324 1228 libatione
371 1195 412 1227 et
450 1187 617 1239 reliquis
659 1187 701 1224 in
741 1183 864 1222 sacris

134 1248 220 1287 fieri
252 1247 399 1297 solitis3
431 1246 528 1295 Alii,
571 1246 698 1293 votis,
743 1248 866 1282 voto-

134 1321 226 1345 rum
290 1303 651 1358 persolvendorum
717 1313 866 1339 caussa.

134 1365 234 1404 Nam
255 1365 313 1412 εἷς
331 1359 584 1416 εὐχαριστίαν
606 1359 782 1398 instituti
800 1358 868 1395 lu·-

136 1423 190 1471 di‚
216 1429 264 1461 ut
284 1422 383 1459 bene
404 1420 533 1459 cerda
551 1418 751 1467 observat,
774 1416 865 1454 ideo

137 1481 294 1519 subdit:
331 1482 445 1517 iuvat
474 1479 648 1515 evasisse
674 1485 727 1514 lo!
754 1475 868 1513 urbes

137 1545 211 1577 etc.
251 1537 319 1588 (ad
350 1551 407 1575 VS.
438 1535 535 1578 264.
564 1534 706 1586 respici
736 1532 868 1585 suspi-

136 1611 179 1635 ca
187 1603 254 1635 tur
270 1597 449 1644 ¹Ruaeus3
474 1593 544 1631 sed
560 1607 644 1631 vox
661 1595 869 1642 insperata

137 1669 194 1694 VS.
220 1656 316 1696 278.
337 1652 527 1700 ostendit,
553 1650 652 1688 haec
666 1649 870 1702 pertinere

138 1713 189 1751 ad
213 1711 391 1765 pericula
411 1710 611 1749 initinere
643 1709 711 1746 illo
739 1707 870 1746 evita-

138 1777 190 1810 ta.
226 1768 340 1823 lVr.)

195 1888 292 1928 280.
322 1884 487 1936 Proprie
506 1882 591 1921 ludi
622 1881 773 1920 Actiaci
804 1893 870 1918 ce-

139 1944 285 1983 lebrari
313 1942 474 1981 dicendi
502 1946 629 1979 erant.
690 1939 770 1977 Sed
796 1951 870 1976 ex-

140 2002 346 2054 quisitius,
378 1999 568 2052 quoniam
596 1999 709 2037 locus
735 1996 871 2035 homi-

140 2075 239 2100 num
260 2058 485 2111 frequentia
504 2056 697 2095 celebrari
722 2061 762 2093 et
788 2055 871 2107 ipse

142 2118 312 2166 dicitur,
360 2118 471 2155 littus
507 2115 698 2161 Actium,
750 2111 791 2151 11.
838 2124 871 2151 e.

142 2176 370 2222 Actiacum,
401 2171 661 2221 memoravit,
692 2177 731 2208 et
755 2170 872 2208 ludos

144 2235 292 2271 Iliacos
331 2232 505 2270 Troiano
558 2230 643 2268 ritu
698 2228 871 2266 habitos.

145 2290 247 2344 (Val.
283 2290 344 2331 Fl.
378 2289 407 2337 I,
436 2289 552 2330 423.;
600 2301 734 2324 securo
768 2286 873 2323 cele-

142 2349 319 2387 brantem
369 2348 489 2384 litora
542 2344 652 2383 ludo.
720 2341 871 2396 lVelz.)

144 2407 344 2446 Videntur
373 2410 508 2443 autem
538 2403 617 2440 iam
653 2401 873 2453 antiquitus

145 2465 231 2503 ludi
264 2463 317 2502 ad.
350 2463 511 2501 Actium
549 2460 738 2498 celebrati
779 2471 874 2507 esse,

144 2537 243 2575 quos
281 2527 401 2574 poeta
443 2518 652 2558 commode
692 2518 733 2556 in
787 2529 873 2555 rem

144 2595 255 2619 suam
276 2579 408 2619 vertit.
456 2579 487 2616 E
508 2575 759 2624 Callimacho,
779 2573 875 2626 περὶ

142 2634 353 2692 Ἀγώνων,
385 2634 681 2688 Harpocration
711 2639 751 2672 et
779 2633 874 2671 Sui-

148 2696 218 2733 das
240 2693 287 2735 τᾶ
307 2693 448 2735 ’Ἀκτια
473 2698 718 2742 memorant3
741 2690 810 2729 sed
829 2703 874 2728 ea

147 2752 228 2791 huc
246 2752 406 2791 trahere
423 2752 491 2791 vix
508 2751 646 2790 ausim.
706 2752 874 2787 Succes—

149 2823 232 2848 sere
255 2809 501 2848 celeberrimi
533 2808 621 2847 ludi
647 2807 799 2846 Actiaci
827 2807 875 2844 ab

148 2867 350 2919 Augusto,
380 2873 428 2904 ut
447 2867 643 2915 diximus,
675 2866 717 2904 in
741 2865 878 2904 victo-

148 2925 228 2963 riae
250 2925 432 2962 Actiacae
458 2925 688 2963 memoriam
710 2922 877 2961 institu-

151 2983 204 3021 ti:
256 2982 305 3019 de
347 2981 490 3032 quibus
535 2995 573 3019 v.
625 2980 876 3020 Wernsdorf.

694 915 761 949 281
805 914 967 945 lactente
1001 913 1121 956 Sprot.
1157 921 1177 942 a
1215 920 1270 952 pr.
1309 920 1354 941 m.
1403 910 1448 939 At
1480 918 1511 938 v.
1543 907 1657 939 Burm.

1212 956 1293 991 282.
1318 956 1389 990 283
1415 959 1535 986 extant
1565 952 1658 998 apud

1057 1003 1126 1039 284
1152 1003 1445 1036 circumvertitur
1466 999 1656 1033 Zulichem.

925 1124 1021 1162 Exc.
1045 1123 1100 1162 [X
1125 1121 1176 1160 ad
1198 1121 1315 1160 Saleii
1331 1120 1440 1158 Bassi
1464 1120 1594 1157 Carm.
1616 1118 1657 1156 in

925 1182 1054 1220 Pison.
1074 1182 1119 1220 T.
1141 1181 1205 1219 IV.
1227 1194 1266 1233 p.
1288 1179 1383 1221 395.

984 1242 1064 1281 281
1093 1261 1142 1267 —
1163 1241 1259 1280 283.
1302 1237 1533 1287 palaestras
1582 1248 1657 1287 pro

926 1297 1032 1336 ludis
1059 1296 1252 1349 gymnicis
1285 1294 1402 1333 dixit.
1469 1294 1566 1332 Oleo
1591 1294 1661 1330 la-

927 1356 1062 1405 beate,
1107 1353 1323 1406 exquisite,
1366 1351 1476 1403 quod
1512 1351 1658 1389 dilabi-

928 1420 1021 1463 tur,
1069 1412 1251 1460 diffluit,
1297 1409 1458 1463 corpori
1496 1409 1656 1448 illitum.

914 1472 1076 1525 sugam
1112 1472 1283 1509 tenuisse
1303 1499 1314 1518 ,
1361 1474 1410 1507 ut
1458 1467 1526 1505 inf.
1573 1469 1658 1511 686

927 1544 1086 1568 cursum
1101 1537 1241 1567 tenere.
1303 1527 1410 1565 Bene
1432 1527 1545 1564 Serv.
1580 1526 1658 1576 fe-

928 1590 1055 1626 liciter
1072 1588 1307 1638 navigasse.

985 1644 1082 1687 284.
1120 1645 1285 1683 Exierat
1315 1656 1444 1681 annus
1477 1655 1499 1679 a
1539 1641 1658 1679 Troia

929 1710 1048 1756 capta
1079 1708 1262 1754 quartus.
1303 1700 1395 1740 Vid.
1429 1701 1526 1738 Exc.
1558 1699 1590 1737 H
1611 1700 1659 1736 de

929 1763 1048 1800 annis
1070 1762 1261 1799 Ert‘orum
1284 1760 1447 1797 Aeneae
1472 1758 1531 1796 acl
1558 1772 1596 1795 α.
1619 1759 1659 1798 2.

931 1844 984 1849 -
1001 1820 1073 1858 Sol
1091 1817 1475 1857 circumvolviturm.
1494 1829 1660 1864 annum,

931 1879 988 1927 εἷς
1017 1877 1083 1916 vel
1108 1873 1234 1927 και-οὶ,
1266 1875 1322 1914 sic
1351 1880 1401 1913 ut
1426 1886 1555 1912 annus
1587 1873 1660 1910 ab-

928 1936 1137 1985 solvatur,
1191 1939 1354 1986 peracto
1395 1946 1530 1971 annuo
1568 1931 1661 1969 solis

929 2008 1061 2033 cursu.
1123 1991 1258 2046 (Nulla
1287 1990 1354 2030 hic
1388 1990 1560 2043 ellipsis:
1602 1990 1664 2026 sol

928 2052 1255 2097 circumvolvitur
1269 2063 1423 2087 annum
1437 2078 1447 2097 ,
1481 2048 1506 2086 i.
1525 2061 1557 2086 e.
1579 2046 1660 2084 cir-

930 2108 1228 2149 cumvolvendo
1263 2120 1303 2145 se
1340 2106 1485 2154 efficit,
1526 2105 1662 2156 explet

931 2181 1093 2206 annum.
1118 2168 1236 2214 IVr.)
1269 2178 1466 2215 magnum
1488 2177 1656 2209 annum,

932 2226 1061 2277 simpl.
1099 2224 1151 2262 ad
1198 2229 1387 2262 ornatum
1405 2251 1416 2270 ,
1471 2220 1660 2272 quoniam

932 2284 1082 2322 multos
1122 2282 1205 2319 dies
1239 2283 1348 2318 intra
1383 2292 1423 2317 se
1457 2278 1662 2327 continet5

932 2347 981 2380 ut
1008 2341 1086 2379 iam
1117 2339 1213 2377 alias
1251 2342 1449 2376 notatum.
1495 2337 1542 2375 cf.
1573 2349 1660 2387 sup.

933 2399 971 2448 I,
1014 2401 1112 2440 269.
1164 2395 1321 2450 (‚,quasi
1350 2394 1506 2447 longius
1541 2394 1661 2432 solito

932 2463 1090 2508 tempus
1111 2455 1204 2493 anni
1225 2454 1348 2493 fuerit
1365 2452 1572 2492 exsulibus
1585 2465 1662 2504 pa-

931 2515 1032 2553 triae
1062 2519 1102 2552 et
1138 2513 1245 2552 omni
1281 2512 1419 2565 pelago
1458 2511 1661 2550 iactatis.“

930 2573 1041 2611 Haec
1061 2571 1215 2611 Wakes.
1237 2571 1287 2608 ad
1306 2571 1464 2608 Lucret.
1486 2569 1515 2618 I,
1541 2570 1662 2611 1028.

932 2632 1112 2670 Praestat
1130 2628 1274 2682 Heynii
1294 2627 1521 2680 explicatio.
1549 2627 1619 2666 bV
1613 2624 1661 2678 r.)

934 2688 997 2727 Ad
1017 2702 1139 2728 vanas
1160 2686 1336 2739 argutias
1350 2685 1454 2724 circa
1468 2685 1572 2723 hanc
1584 2697 1662 2723 vo—

934 2761 1019 2786 cem
1051 2746 1253 2784 delabitur
1299 2744 1514 2792 Catroeus,
1565 2741 1663 2780 dum

935 2805 987 2843 ad
1007 2817 1157 2843 annum
1177 2802 1457 2842 intercalarem
1469 2799 1583 2840 lustri
1596 2811 1663 2837 re-

934 2864 1037 2913 fert;
1064 2860 1240 2900 Macrob.
1261 2861 1344 2898 Sat.
1363 2859 1392 2908 I,
1418 2858 1481 2908 14,
1510 2860 1575 2896 So.
1600 2858 1662 2894 Sc.

934 2921 981 2971 Il,
1003 2924 1067 2962 11.
1099 2920 1149 2958 ad
1179 2931 1330 2957 annum
1352 2917 1522 2955 solarem
1551 2928 1663 2953 com-

935 2984 1071 3030 parate
1101 2991 1192 3015 cum
1218 2989 1324 3014 anno
1354 2974 1496 3013 lunari.
1540 2986 1663 3023 aspe-

1270 3041 1387 3087 31*
