<?xml version="1.0" encoding="UTF-8"?>
<!DOCTYPE html PUBLIC "-//W3C//DTD XHTML 1.0 Transitional//EN"
    "http://www.w3.org/TR/xhtml1/DTD/xhtml1-transitional.dtd">
<html xmlns="http://www.w3.org/1999/xhtml" xml:lang="en" lang="en">
 <head>
  <title>
</title>
<meta http-equiv="Content-Type" content="text/html;charset=utf-8" />
  <meta name='ocr-system' content='tesseract 3.04.00' />
  <meta name='ocr-capabilities' content='ocr_page ocr_carea ocr_par ocr_line ocrx_word'/>
</head>
<body>
  <div class='ocr_page' id='page_1' title='image "./publiusvirgilius02virguoft/publiusvirgilius02virguoft_0596.png"; bbox 0 0 1779 3420; ppageno 0'>
   <div class='ocr_carea' id='block_1_1' title="bbox 117 207 1370 263">
    <p class='ocr_par' dir='ltr' id='par_1_1' title="bbox 117 207 1370 263">
     <span class='ocr_line' id='line_1_1' title="bbox 117 207 1370 263; baseline -0.006 0"><span class='ocrx_word' id='word_1_1' title='bbox 117 213 217 263; x_wconf 77' lang='lat'>688</span> <span class='ocrx_word' id='word_1_2' title='bbox 387 207 1370 260; x_wconf 84' lang='lat' dir='ltr'>EXCURSUSXV.XVI</span> 
     </span>
    </p>
   </div>
   <div class='ocr_carea' id='block_1_2' title="bbox 112 335 1645 1913">
    <p class='ocr_par' dir='ltr' id='par_1_2' title="bbox 112 335 1645 1913">
     <span class='ocr_line' id='line_1_2' title="bbox 115 335 1643 393; baseline -0.005 -13"><span class='ocrx_word' id='word_1_3' title='bbox 115 356 203 381; x_wconf 84' lang='lat' dir='ltr'>ram</span> <span class='ocrx_word' id='word_1_4' title='bbox 233 347 273 380; x_wconf 85' lang='lat' dir='ltr'>et</span> <span class='ocrx_word' id='word_1_5' title='bbox 303 347 446 393; x_wconf 90' lang='lat' dir='ltr'>poetae</span> <span class='ocrx_word' id='word_1_6' title='bbox 479 339 711 389; x_wconf 84' lang='lat' dir='ltr'>consilium,</span> <span class='ocrx_word' id='word_1_7' title='bbox 753 339 822 391; x_wconf 88' lang='lat' dir='ltr'>qui</span> <span class='ocrx_word' id='word_1_8' title='bbox 857 350 1069 390; x_wconf 83' lang='lat' dir='ltr'>congerere</span> <span class='ocrx_word' id='word_1_9' title='bbox 1097 337 1138 375; x_wconf 91' lang='lat' dir='ltr'>in</span> <span class='ocrx_word' id='word_1_10' title='bbox 1171 350 1301 375; x_wconf 89' lang='lat' dir='ltr'>unum</span> <span class='ocrx_word' id='word_1_11' title='bbox 1331 335 1466 375; x_wconf 80' lang='lat' dir='ltr'>voluit</span> <span class='ocrx_word' id='word_1_12' title='bbox 1497 336 1643 386; x_wconf 85' lang='lat' dir='ltr'>omnia,</span> 
     </span>
     <span class='ocr_line' id='line_1_3' title="bbox 117 394 1644 452; baseline -0.005 -14"><span class='ocrx_word' id='word_1_13' title='bbox 117 413 219 452; x_wconf 80' lang='lat' dir='ltr'>quae</span> <span class='ocrx_word' id='word_1_14' title='bbox 250 400 364 438; x_wconf 91' lang='lat' dir='ltr'>nobis</span> <span class='ocrx_word' id='word_1_15' title='bbox 398 399 447 438; x_wconf 88' lang='lat' dir='ltr'>de</span> <span class='ocrx_word' id='word_1_16' title='bbox 477 398 661 436; x_wconf 81' lang='lat' dir='ltr'>Troianis</span> <span class='ocrx_word' id='word_1_17' title='bbox 683 397 743 436; x_wconf 88' lang='lat' dir='ltr'>rei</span> <span class='ocrx_word' id='word_1_18' title='bbox 776 397 933 449; x_wconf 88' lang='lat' dir='ltr'>locique</span> <span class='ocrx_word' id='word_1_19' title='bbox 962 395 1108 447; x_wconf 84' lang='lat' dir='ltr'>ignaris</span> <span class='ocrx_word' id='word_1_20' title='bbox 1136 395 1177 433; x_wconf 90' lang='lat' dir='ltr'>in</span> <span class='ocrx_word' id='word_1_21' title='bbox 1210 395 1363 433; x_wconf 85' lang='lat' dir='ltr'>Aetnae</span> <span class='ocrx_word' id='word_1_22' title='bbox 1395 394 1540 433; x_wconf 85' lang='lat' dir='ltr'>vicinia</span> <span class='ocrx_word' id='word_1_23' title='bbox 1566 408 1644 432; x_wconf 89' lang='lat' dir='ltr'>no-</span> 
     </span>
     <span class='ocr_line' id='line_1_4' title="bbox 116 452 1644 510; baseline -0.005 -13"><span class='ocrx_word' id='word_1_24' title='bbox 116 466 221 497; x_wconf 88' lang='lat' dir='ltr'>ctem</span> <span class='ocrx_word' id='word_1_25' title='bbox 253 458 500 510; x_wconf 75' lang='lat' dir='ltr'>exigentibus</span> <span class='ocrx_word' id='word_1_26' title='bbox 535 456 850 495; x_wconf 88' lang='lat' dir='ltr'>sollicitudinem</span> <span class='ocrx_word' id='word_1_27' title='bbox 892 456 1025 493; x_wconf 80' lang='lat' dir='ltr'>facere</span> <span class='ocrx_word' id='word_1_28' title='bbox 1065 454 1230 506; x_wconf 83' lang='lat' dir='ltr'>possint.</span> <span class='ocrx_word' id='word_1_29' title='bbox 1293 453 1378 492; x_wconf 87' lang='lat' dir='ltr'>Etsi</span> <span class='ocrx_word' id='word_1_30' title='bbox 1406 453 1508 490; x_wconf 88' lang='lat' dir='ltr'>illud</span> <span class='ocrx_word' id='word_1_31' title='bbox 1545 452 1644 491; x_wconf 84' lang='lat' dir='ltr'>mihi</span> 
     </span>
     <span class='ocr_line' id='line_1_5' title="bbox 116 511 1645 569; baseline -0.004 -14"><span class='ocrx_word' id='word_1_32' title='bbox 116 517 281 569; x_wconf 90' lang='lat' dir='ltr'>quidem</span> <span class='ocrx_word' id='word_1_33' title='bbox 317 516 410 554; x_wconf 85' lang='lat' dir='ltr'>satis</span> <span class='ocrx_word' id='word_1_34' title='bbox 447 528 639 568; x_wconf 88' lang='lat' dir='ltr'>apparere</span> <span class='ocrx_word' id='word_1_35' title='bbox 686 514 870 562; x_wconf 80' lang='lat' dir='ltr'>videtur,</span> <span class='ocrx_word' id='word_1_36' title='bbox 919 517 1079 564; x_wconf 78' lang='lat' dir='ltr'>poetam</span> <span class='ocrx_word' id='word_1_37' title='bbox 1118 512 1209 563; x_wconf 85' lang='lat' dir='ltr'>plus</span> <span class='ocrx_word' id='word_1_38' title='bbox 1248 513 1289 550; x_wconf 89' lang='lat' dir='ltr'>in</span> <span class='ocrx_word' id='word_1_39' title='bbox 1322 511 1540 550; x_wconf 80' lang='lat' dir='ltr'>verborum</span> <span class='ocrx_word' id='word_1_40' title='bbox 1575 525 1645 549; x_wconf 90' lang='lat' dir='ltr'>or-</span> 
     </span>
     <span class='ocr_line' id='line_1_6' title="bbox 115 569 1643 625; baseline -0.005 -11"><span class='ocrx_word' id='word_1_41' title='bbox 115 582 216 614; x_wconf 86' lang='lat' dir='ltr'>natu</span> <span class='ocrx_word' id='word_1_42' title='bbox 259 575 461 613; x_wconf 80' lang='lat' dir='ltr'>laborasse</span> <span class='ocrx_word' id='word_1_43' title='bbox 497 587 616 625; x_wconf 82' lang='lat' dir='ltr'>quam</span> <span class='ocrx_word' id='word_1_44' title='bbox 645 572 686 610; x_wconf 90' lang='lat' dir='ltr'>in</span> <span class='ocrx_word' id='word_1_45' title='bbox 727 571 895 623; x_wconf 78' lang='lat' dir='ltr'>physica</span> <span class='ocrx_word' id='word_1_46' title='bbox 937 570 1172 608; x_wconf 75' lang='lat' dir='ltr'>subtilitate.</span> <span class='ocrx_word' id='word_1_47' title='bbox 1241 570 1303 608; x_wconf 81' lang='lat' dir='ltr'>Ita</span> <span class='ocrx_word' id='word_1_48' title='bbox 1339 570 1481 607; x_wconf 85' lang='lat' dir='ltr'>miscet</span> <span class='ocrx_word' id='word_1_49' title='bbox 1514 569 1643 621; x_wconf 82' lang='lat' dir='ltr'>plura,</span> 
     </span>
     <span class='ocr_line' id='line_1_7' title="bbox 117 627 1642 680; baseline -0.005 -8"><span class='ocrx_word' id='word_1_50' title='bbox 117 634 169 672; x_wconf 79' lang='lat' dir='ltr'>ad</span> <span class='ocrx_word' id='word_1_51' title='bbox 202 633 361 671; x_wconf 87' lang='lat' dir='ltr'>diversa</span> <span class='ocrx_word' id='word_1_52' title='bbox 394 646 530 670; x_wconf 85' lang='lat' dir='ltr'>rerum</span> <span class='ocrx_word' id='word_1_53' title='bbox 569 636 770 669; x_wconf 80' lang='lat' dir='ltr'>momenta</span> <span class='ocrx_word' id='word_1_54' title='bbox 810 635 851 668; x_wconf 88' lang='lat' dir='ltr'>et</span> <span class='ocrx_word' id='word_1_55' title='bbox 880 629 986 666; x_wconf 73' lang='lat' dir='ltr'>vices</span> <span class='ocrx_word' id='word_1_56' title='bbox 1023 627 1245 680; x_wconf 70' lang='lat' dir='ltr'>spectantia</span> <span class='ocrx_word' id='word_1_57' title='bbox 1283 641 1362 666; x_wconf 80' lang='lat' dir='ltr'>vss‚</span> <span class='ocrx_word' id='word_1_58' title='bbox 1397 629 1493 669; x_wconf 79' lang='lat'>572.</span> <span class='ocrx_word' id='word_1_59' title='bbox 1527 630 1565 668; x_wconf 80' lang='lat'>3.</span> <span class='ocrx_word' id='word_1_60' title='bbox 1604 627 1642 668; x_wconf 80' lang='lat'>4.</span> 
     </span>
     <span class='ocr_line' id='line_1_8' title="bbox 116 685 1644 733; baseline -0.006 -2"><span class='ocrx_word' id='word_1_61' title='bbox 116 692 265 731; x_wconf 85' lang='lat' dir='ltr'>Saltem</span> <span class='ocrx_word' id='word_1_62' title='bbox 298 691 488 729; x_wconf 87' lang='lat' dir='ltr'>ultimum</span> <span class='ocrx_word' id='word_1_63' title='bbox 527 702 689 727; x_wconf 85' lang='lat' dir='ltr'>versum</span> <span class='ocrx_word' id='word_1_64' title='bbox 716 686 948 726; x_wconf 77' lang='lat' dir='ltr'>redundare</span> <span class='ocrx_word' id='word_1_65' title='bbox 979 687 1121 723; x_wconf 81' lang='lat' dir='ltr'>sentio.</span> <span class='ocrx_word' id='word_1_66' title='bbox 1183 685 1459 733; x_wconf 82' lang='lat' dir='ltr'>Quamobrem</span> <span class='ocrx_word' id='word_1_67' title='bbox 1487 685 1644 723; x_wconf 86' lang='lat' dir='ltr'>mireris</span> 
     </span>
     <span class='ocr_line' id='line_1_9' title="bbox 115 743 1643 800; baseline -0.005 -11"><span class='ocrx_word' id='word_1_68' title='bbox 115 752 246 800; x_wconf 84' lang='lat' dir='ltr'>forte,</span> <span class='ocrx_word' id='word_1_69' title='bbox 300 752 471 787; x_wconf 83' lang='lat' dir='ltr'>Senecae</span> <span class='ocrx_word' id='word_1_70' title='bbox 512 748 643 786; x_wconf 88' lang='lat' dir='ltr'>visum</span> <span class='ocrx_word' id='word_1_71' title='bbox 685 760 766 783; x_wconf 89' lang='lat' dir='ltr'>esse</span> <span class='ocrx_word' id='word_1_72' title='bbox 812 744 1020 795; x_wconf 76' lang='lat' dir='ltr'>Virgilium</span> <span class='ocrx_word' id='word_1_73' title='bbox 1061 752 1346 793; x_wconf 65' lang='lat' dir='ltr'>argumentum</span> <span class='ocrx_word' id='word_1_74' title='bbox 1387 743 1464 781; x_wconf 80' lang='lat' dir='ltr'>hoc</span> <span class='ocrx_word' id='word_1_75' title='bbox 1493 744 1643 795; x_wconf 76' lang='lat' dir='ltr'>imple-</span> 
     </span>
     <span class='ocr_line' id='line_1_10' title="bbox 116 801 1643 861; baseline -0.005 -14"><span class='ocrx_word' id='word_1_76' title='bbox 116 811 220 849; x_wconf 65' lang='lat' dir='ltr'>risse</span> <span class='ocrx_word' id='word_1_77' title='bbox 251 808 369 861; x_wconf 78' lang='lat' dir='ltr'>Epist.</span> <span class='ocrx_word' id='word_1_78' title='bbox 399 806 582 844; x_wconf 82' lang='lat' dir='ltr'>LXXIX.</span> <span class='ocrx_word' id='word_1_79' title='bbox 644 806 831 842; x_wconf 86' lang='lat' dir='ltr'>Ceterum</span> <span class='ocrx_word' id='word_1_80' title='bbox 866 802 1051 853; x_wconf 78' lang='lat' dir='ltr'>Virgilius</span> <span class='ocrx_word' id='word_1_81' title='bbox 1085 801 1280 840; x_wconf 83' lang='lat' dir='ltr'>historiae</span> <span class='ocrx_word' id='word_1_82' title='bbox 1324 801 1444 839; x_wconf 72' lang='lat' dir='ltr'>iidem</span> <span class='ocrx_word' id='word_1_83' title='bbox 1478 801 1643 854; x_wconf 87' lang='lat' dir='ltr'>insuper</span> 
     </span>
     <span class='ocr_line' id='line_1_11' title="bbox 119 859 1643 915; baseline -0.005 -9"><span class='ocrx_word' id='word_1_84' title='bbox 119 867 283 915; x_wconf 83' lang='lat' dir='ltr'>habuit3</span> <span class='ocrx_word' id='word_1_85' title='bbox 315 871 421 904; x_wconf 86' lang='lat' dir='ltr'>recte</span> <span class='ocrx_word' id='word_1_86' title='bbox 456 871 590 902; x_wconf 73' lang='lat' dir='ltr'>tamen</span> <span class='ocrx_word' id='word_1_87' title='bbox 622 869 670 901; x_wconf 86' lang='lat' dir='ltr'>ut</span> <span class='ocrx_word' id='word_1_88' title='bbox 700 869 841 915; x_wconf 75' lang='lat' dir='ltr'>poeta3</span> <span class='ocrx_word' id='word_1_89' title='bbox 880 875 971 898; x_wconf 85' lang='lat' dir='ltr'>nain</span> <span class='ocrx_word' id='word_1_90' title='bbox 1000 860 1093 898; x_wconf 85' lang='lat' dir='ltr'>belli</span> <span class='ocrx_word' id='word_1_91' title='bbox 1125 860 1289 898; x_wconf 79' lang='lat' dir='ltr'>Troiani</span> <span class='ocrx_word' id='word_1_92' title='bbox 1329 866 1367 897; x_wconf 86' lang='lat' dir='ltr'>et</span> <span class='ocrx_word' id='word_1_93' title='bbox 1405 859 1528 912; x_wconf 88' lang='lat' dir='ltr'>ipsius</span> <span class='ocrx_word' id='word_1_94' title='bbox 1554 860 1643 899; x_wconf 92' lang='lat' dir='ltr'>Ho-</span> 
     </span>
     <span class='ocr_line' id='line_1_12' title="bbox 115 918 1642 976; baseline -0.006 -11"><span class='ocrx_word' id='word_1_95' title='bbox 115 926 214 965; x_wconf 85' lang='lat' dir='ltr'>meri</span> <span class='ocrx_word' id='word_1_96' title='bbox 249 931 430 976; x_wconf 83' lang='lat' dir='ltr'>tempore</span> <span class='ocrx_word' id='word_1_97' title='bbox 458 923 587 961; x_wconf 80' lang='lat' dir='ltr'>Aetna</span> <span class='ocrx_word' id='word_1_98' title='bbox 618 922 801 959; x_wconf 84' lang='lat' dir='ltr'>nonduin</span> <span class='ocrx_word' id='word_1_99' title='bbox 842 919 1043 957; x_wconf 85' lang='lat' dir='ltr'>intestinis</span> <span class='ocrx_word' id='word_1_100' title='bbox 1069 919 1266 956; x_wconf 86' lang='lat' dir='ltr'>incendiis</span> <span class='ocrx_word' id='word_1_101' title='bbox 1303 919 1488 956; x_wconf 84' lang='lat' dir='ltr'>saeviisse</span> <span class='ocrx_word' id='word_1_102' title='bbox 1524 918 1642 957; x_wconf 88' lang='lat' dir='ltr'>vide-</span> 
     </span>
     <span class='ocr_line' id='line_1_13' title="bbox 115 976 1643 1033; baseline -0.005 -11"><span class='ocrx_word' id='word_1_103' title='bbox 115 990 208 1033; x_wconf 79' lang='lat' dir='ltr'>tur3</span> <span class='ocrx_word' id='word_1_104' title='bbox 259 983 400 1020; x_wconf 89' lang='lat' dir='ltr'>saltem</span> <span class='ocrx_word' id='word_1_105' title='bbox 437 981 503 1019; x_wconf 90' lang='lat' dir='ltr'>ille</span> <span class='ocrx_word' id='word_1_106' title='bbox 533 995 553 1018; x_wconf 87' lang='lat' dir='ltr'>a</span> <span class='ocrx_word' id='word_1_107' title='bbox 591 980 685 1018; x_wconf 84' lang='lat' dir='ltr'>satis</span> <span class='ocrx_word' id='word_1_108' title='bbox 722 980 852 1018; x_wconf 80' lang='lat' dir='ltr'>multo</span> <span class='ocrx_word' id='word_1_109' title='bbox 895 985 1074 1029; x_wconf 86' lang='lat' dir='ltr'>tempore</span> <span class='ocrx_word' id='word_1_110' title='bbox 1119 990 1287 1015; x_wconf 81' lang='lat' dir='ltr'>cessasse</span> <span class='ocrx_word' id='word_1_111' title='bbox 1329 977 1461 1015; x_wconf 87' lang='lat' dir='ltr'>videri</span> <span class='ocrx_word' id='word_1_112' title='bbox 1502 976 1643 1027; x_wconf 81' lang='lat' dir='ltr'>debet;</span> 
     </span>
     <span class='ocr_line' id='line_1_14' title="bbox 117 1035 1643 1095; baseline -0.004 -16"><span class='ocrx_word' id='word_1_113' title='bbox 117 1041 252 1095; x_wconf 85' lang='lat' dir='ltr'>(erant</span> <span class='ocrx_word' id='word_1_114' title='bbox 282 1041 384 1079; x_wconf 86' lang='lat' dir='ltr'>sorte</span> <span class='ocrx_word' id='word_1_115' title='bbox 416 1048 533 1077; x_wconf 72' lang='lat' dir='ltr'>(mlta</span> <span class='ocrx_word' id='word_1_116' title='bbox 569 1039 786 1090; x_wconf 38' lang='lat' dir='ltr'>(girelopwn</span> <span class='ocrx_word' id='word_1_117' title='bbox 819 1036 1059 1087; x_wconf 81' lang='lat' dir='ltr'>antiquioris</span> <span class='ocrx_word' id='word_1_118' title='bbox 1091 1036 1264 1074; x_wconf 87' lang='lat' dir='ltr'>incendii</span> <span class='ocrx_word' id='word_1_119' title='bbox 1297 1041 1548 1085; x_wconf 70' lang='lat' dir='ltr'>argumenta:</span> <span class='ocrx_word' id='word_1_120' title='bbox 1593 1035 1643 1073; x_wconf 87' lang='lat' dir='ltr'>de</span> 
     </span>
     <span class='ocr_line' id='line_1_15' title="bbox 116 1093 1643 1191; baseline -0.004 -53"><span class='ocrx_word' id='word_1_121' title='bbox 116 1100 259 1152; x_wconf 89' lang='lat' dir='ltr'>quibus</span> <span class='ocrx_word' id='word_1_122' title='bbox 291 1100 340 1138; x_wconf 87' lang='lat' dir='ltr'>cf.</span> <span class='ocrx_word' id='word_1_123' title='bbox 374 1098 581 1136; x_wconf 74' lang='lat' dir='ltr'>D’Orville</span> <span class='ocrx_word' id='word_1_124' title='bbox 613 1096 745 1134; x_wconf 79' lang='lat' dir='ltr'>Sicilia</span> <span class='ocrx_word' id='word_1_125' title='bbox 778 1097 821 1135; x_wconf 90' lang='lat' dir='ltr'>T.</span> <span class='ocrx_word' id='word_1_126' title='bbox 855 1096 881 1144; x_wconf 86' lang='lat'>1,</span> <span class='ocrx_word' id='word_1_127' title='bbox 922 1109 960 1147; x_wconf 86' lang='lat' dir='ltr'>p.</span> <span class='ocrx_word' id='word_1_128' title='bbox 992 1093 1114 1191; x_wconf 30' lang='lat'>247?</span> <span class='ocrx_word' id='word_1_129' title='bbox 1161 1094 1308 1145; x_wconf 81' lang='lat' dir='ltr'>alioqui</span> <span class='ocrx_word' id='word_1_130' title='bbox 1335 1094 1534 1132; x_wconf 86' lang='lat' dir='ltr'>Homerus</span> <span class='ocrx_word' id='word_1_131' title='bbox 1565 1093 1643 1132; x_wconf 88' lang='lat' dir='ltr'>hoc</span> 
     </span>
     <span class='ocr_line' id='line_1_16' title="bbox 115 1151 1642 1210; baseline -0.004 -13"><span class='ocrx_word' id='word_1_132' title='bbox 115 1164 279 1197; x_wconf 86' lang='lat' dir='ltr'>naturae</span> <span class='ocrx_word' id='word_1_133' title='bbox 300 1163 506 1210; x_wconf 85' lang='lat' dir='ltr'>portento,</span> <span class='ocrx_word' id='word_1_134' title='bbox 539 1156 587 1194; x_wconf 87' lang='lat' dir='ltr'>ad</span> <span class='ocrx_word' id='word_1_135' title='bbox 623 1156 822 1208; x_wconf 86' lang='lat' dir='ltr'>poeticum</span> <span class='ocrx_word' id='word_1_136' title='bbox 856 1159 1043 1192; x_wconf 87' lang='lat' dir='ltr'>ornatum</span> <span class='ocrx_word' id='word_1_137' title='bbox 1097 1167 1159 1190; x_wconf 80' lang='lat' dir='ltr'>ain</span> <span class='ocrx_word' id='word_1_138' title='bbox 1181 1153 1498 1201; x_wconf 82' lang='lat' dir='ltr'>accommodato,</span> <span class='ocrx_word' id='word_1_139' title='bbox 1530 1151 1642 1191; x_wconf 82' lang='lat' dir='ltr'>haud</span> 
     </span>
     <span class='ocr_line' id='line_1_17' title="bbox 116 1209 1641 1265; baseline -0.005 -10"><span class='ocrx_word' id='word_1_140' title='bbox 116 1216 235 1255; x_wconf 85' lang='lat' dir='ltr'>dubie</span> <span class='ocrx_word' id='word_1_141' title='bbox 275 1222 375 1254; x_wconf 87' lang='lat' dir='ltr'>esset</span> <span class='ocrx_word' id='word_1_142' title='bbox 416 1229 534 1264; x_wconf 84' lang='lat' dir='ltr'>usus3</span> <span class='ocrx_word' id='word_1_143' title='bbox 579 1214 619 1252; x_wconf 91' lang='lat' dir='ltr'>id</span> <span class='ocrx_word' id='word_1_144' title='bbox 660 1213 769 1264; x_wconf 87' lang='lat' dir='ltr'>quod</span> <span class='ocrx_word' id='word_1_145' title='bbox 811 1213 941 1265; x_wconf 85' lang='lat' dir='ltr'>primo</span> <span class='ocrx_word' id='word_1_146' title='bbox 983 1211 1071 1249; x_wconf 88' lang='lat' dir='ltr'>loco</span> <span class='ocrx_word' id='word_1_147' title='bbox 1104 1212 1301 1249; x_wconf 83' lang='lat' dir='ltr'>Pindarus</span> <span class='ocrx_word' id='word_1_148' title='bbox 1338 1212 1432 1250; x_wconf 88' lang='lat' dir='ltr'>secit</span> <span class='ocrx_word' id='word_1_149' title='bbox 1462 1209 1579 1262; x_wconf 78' lang='lat' dir='ltr'>Pyih.</span> <span class='ocrx_word' id='word_1_150' title='bbox 1611 1211 1641 1261; x_wconf 86' lang='lat' dir='ltr'>I,</span> 
     </span>
     <span class='ocr_line' id='line_1_18' title="bbox 115 1269 1640 1324; baseline -0.005 -10"><span class='ocrx_word' id='word_1_151' title='bbox 115 1276 227 1314; x_wconf 80' lang='lat' dir='ltr'>cuius</span> <span class='ocrx_word' id='word_1_152' title='bbox 260 1281 390 1313; x_wconf 89' lang='lat' dir='ltr'>aetate</span> <span class='ocrx_word' id='word_1_153' title='bbox 423 1274 484 1312; x_wconf 89' lang='lat' dir='ltr'>OI.</span> <span class='ocrx_word' id='word_1_154' title='bbox 517 1272 677 1321; x_wconf 83' lang='lat' dir='ltr'>LXXV,</span> <span class='ocrx_word' id='word_1_155' title='bbox 720 1271 747 1312; x_wconf 70' lang='grc'>4</span> <span class='ocrx_word' id='word_1_156' title='bbox 787 1270 941 1324; x_wconf 83' lang='lat' dir='ltr'>(paucis</span> <span class='ocrx_word' id='word_1_157' title='bbox 983 1270 1096 1307; x_wconf 88' lang='lat' dir='ltr'>annis</span> <span class='ocrx_word' id='word_1_158' title='bbox 1129 1276 1219 1308; x_wconf 87' lang='lat' dir='ltr'>ante</span> <span class='ocrx_word' id='word_1_159' title='bbox 1250 1270 1461 1308; x_wconf 75' lang='lat' dir='ltr'>victoriam</span> <span class='ocrx_word' id='word_1_160' title='bbox 1494 1269 1640 1307; x_wconf 83' lang='lat' dir='ltr'>Hiero-</span> 
     </span>
     <span class='ocr_line' id='line_1_19' title="bbox 114 1328 1642 1387; baseline -0.005 -15"><span class='ocrx_word' id='word_1_161' title='bbox 114 1334 175 1372; x_wconf 86' lang='lat' dir='ltr'>nis</span> <span class='ocrx_word' id='word_1_162' title='bbox 206 1331 433 1387; x_wconf 74' lang='lat' dir='ltr'>Pythicam)</span> <span class='ocrx_word' id='word_1_163' title='bbox 476 1332 646 1369; x_wconf 85' lang='lat' dir='ltr'>alterum</span> <span class='ocrx_word' id='word_1_164' title='bbox 689 1329 838 1368; x_wconf 88' lang='lat' dir='ltr'>Aetnae</span> <span class='ocrx_word' id='word_1_165' title='bbox 876 1328 1107 1368; x_wconf 84' lang='lat' dir='ltr'>incendium</span> <span class='ocrx_word' id='word_1_166' title='bbox 1145 1328 1387 1379; x_wconf 75' lang='lat' dir='ltr'>contigerat3</span> <span class='ocrx_word' id='word_1_167' title='bbox 1416 1328 1582 1366; x_wconf 87' lang='lat' dir='ltr'>tertium</span> <span class='ocrx_word' id='word_1_168' title='bbox 1612 1329 1642 1365; x_wconf 95' lang='lat' dir='ltr'>L</span> 
     </span>
     <span class='ocr_line' id='line_1_20' title="bbox 114 1386 1641 1445; baseline -0.004 -14"><span class='ocrx_word' id='word_1_169' title='bbox 114 1392 228 1430; x_wconf 84' lang='lat' dir='ltr'>annis</span> <span class='ocrx_word' id='word_1_170' title='bbox 268 1398 380 1445; x_wconf 85' lang='lat' dir='ltr'>post,</span> <span class='ocrx_word' id='word_1_171' title='bbox 421 1391 482 1428; x_wconf 90' lang='lat' dir='ltr'>Ol.</span> <span class='ocrx_word' id='word_1_172' title='bbox 514 1389 782 1438; x_wconf 87' lang='lat' dir='ltr'>LXXXVIII,</span> <span class='ocrx_word' id='word_1_173' title='bbox 829 1392 867 1430; x_wconf 78' lang='grc'>2.</span> <span class='ocrx_word' id='word_1_174' title='bbox 899 1402 938 1426; x_wconf 83' lang='lat' dir='ltr'>v.</span> <span class='ocrx_word' id='word_1_175' title='bbox 970 1386 1155 1438; x_wconf 78' lang='lat' dir='ltr'>Thucyd.</span> <span class='ocrx_word' id='word_1_176' title='bbox 1187 1387 1252 1436; x_wconf 82' lang='lat' dir='ltr'>III,</span> <span class='ocrx_word' id='word_1_177' title='bbox 1284 1386 1322 1427; x_wconf 86' lang='lat'>5.</span> <span class='ocrx_word' id='word_1_178' title='bbox 1383 1386 1437 1425; x_wconf 92' lang='lat' dir='ltr'>At</span> <span class='ocrx_word' id='word_1_179' title='bbox 1466 1386 1641 1439; x_wconf 88' lang='lat' dir='ltr'>primum</span> 
     </span>
     <span class='ocr_line' id='line_1_21' title="bbox 112 1445 1640 1501; baseline -0.005 -11"><span class='ocrx_word' id='word_1_180' title='bbox 112 1450 345 1490; x_wconf 83' lang='lat' dir='ltr'>incendium</span> <span class='ocrx_word' id='word_1_181' title='bbox 377 1449 446 1501; x_wconf 86' lang='lat' dir='ltr'>(ab</span> <span class='ocrx_word' id='word_1_182' title='bbox 479 1462 524 1487; x_wconf 89' lang='lat' dir='ltr'>eo</span> <span class='ocrx_word' id='word_1_183' title='bbox 557 1462 610 1486; x_wconf 74' lang='lat' dir='ltr'>so.</span> <span class='ocrx_word' id='word_1_184' title='bbox 641 1454 836 1500; x_wconf 84' lang='lat' dir='ltr'>tempore,</span> <span class='ocrx_word' id='word_1_185' title='bbox 877 1460 956 1497; x_wconf 90' lang='lat' dir='ltr'>quo</span> <span class='ocrx_word' id='word_1_186' title='bbox 991 1446 1132 1484; x_wconf 78' lang='lat' dir='ltr'>Graeci</span> <span class='ocrx_word' id='word_1_187' title='bbox 1162 1447 1203 1483; x_wconf 88' lang='lat' dir='ltr'>in</span> <span class='ocrx_word' id='word_1_188' title='bbox 1235 1445 1404 1484; x_wconf 85' lang='lat' dir='ltr'>insulam</span> <span class='ocrx_word' id='word_1_189' title='bbox 1435 1445 1640 1497; x_wconf 81' lang='lat' dir='ltr'>immigra-</span> 
     </span>
     <span class='ocr_line' id='line_1_22' title="bbox 112 1503 1641 1563; baseline -0.004 -15"><span class='ocrx_word' id='word_1_190' title='bbox 112 1508 272 1563; x_wconf 84' lang='lat' dir='ltr'>verant)</span> <span class='ocrx_word' id='word_1_191' title='bbox 314 1508 507 1560; x_wconf 63' lang='lat' dir='ltr'>&gt;temporis</span> <span class='ocrx_word' id='word_1_192' title='bbox 541 1513 636 1545; x_wconf 89' lang='lat' dir='ltr'>nota</span> <span class='ocrx_word' id='word_1_193' title='bbox 675 1505 922 1545; x_wconf 85' lang='lat' dir='ltr'>destituitur.</span> <span class='ocrx_word' id='word_1_194' title='bbox 984 1505 1042 1543; x_wconf 88' lang='lat' dir='ltr'>Cs.</span> <span class='ocrx_word' id='word_1_195' title='bbox 1083 1503 1133 1542; x_wconf 85' lang='lat' dir='ltr'>de</span> <span class='ocrx_word' id='word_1_196' title='bbox 1172 1503 1235 1542; x_wconf 91' lang='lat' dir='ltr'>his</span> <span class='ocrx_word' id='word_1_197' title='bbox 1275 1504 1391 1542; x_wconf 88' lang='lat' dir='ltr'>docte</span> <span class='ocrx_word' id='word_1_198' title='bbox 1424 1504 1641 1556; x_wconf 85' lang='lat' dir='ltr'>disputan—</span> 
     </span>
     <span class='ocr_line' id='line_1_23' title="bbox 112 1562 1640 1614; baseline -0.005 -8"><span class='ocrx_word' id='word_1_199' title='bbox 112 1574 193 1607; x_wconf 85' lang='lat' dir='ltr'>tem</span> <span class='ocrx_word' id='word_1_200' title='bbox 225 1567 477 1606; x_wconf 74' lang='lat' dir='ltr'>Wernsdors.</span> <span class='ocrx_word' id='word_1_201' title='bbox 519 1567 632 1604; x_wconf 87' lang='lat' dir='ltr'>Toni.</span> <span class='ocrx_word' id='word_1_202' title='bbox 663 1566 715 1604; x_wconf 91' lang='lat' dir='ltr'>IV</span> <span class='ocrx_word' id='word_1_203' title='bbox 756 1565 797 1603; x_wconf 91' lang='lat' dir='ltr'>P.</span> <span class='ocrx_word' id='word_1_204' title='bbox 829 1564 881 1602; x_wconf 85' lang='lat' dir='ltr'>M.</span> <span class='ocrx_word' id='word_1_205' title='bbox 923 1576 960 1614; x_wconf 89' lang='lat' dir='ltr'>p.</span> <span class='ocrx_word' id='word_1_206' title='bbox 993 1564 1089 1605; x_wconf 84' lang='lat'>378.</span> <span class='ocrx_word' id='word_1_207' title='bbox 1175 1563 1221 1601; x_wconf 88' lang='lat' dir='ltr'>In</span> <span class='ocrx_word' id='word_1_208' title='bbox 1253 1562 1534 1614; x_wconf 82' lang='lat' dir='ltr'>Argonauticis</span> <span class='ocrx_word' id='word_1_209' title='bbox 1566 1575 1640 1600; x_wconf 88' lang='lat' dir='ltr'>ex-</span> 
     </span>
     <span class='ocr_line' id='line_1_24' title="bbox 112 1620 1639 1679; baseline -0.005 -14"><span class='ocrx_word' id='word_1_210' title='bbox 112 1627 341 1679; x_wconf 85' lang='lat' dir='ltr'>spectabam</span> <span class='ocrx_word' id='word_1_211' title='bbox 389 1626 541 1664; x_wconf 88' lang='lat' dir='ltr'>Aetnae</span> <span class='ocrx_word' id='word_1_212' title='bbox 581 1624 839 1662; x_wconf 86' lang='lat' dir='ltr'>mentionem.</span> <span class='ocrx_word' id='word_1_213' title='bbox 907 1621 1096 1660; x_wconf 89' lang='lat' dir='ltr'>Planctae</span> <span class='ocrx_word' id='word_1_214' title='bbox 1140 1620 1191 1658; x_wconf 86' lang='lat' dir='ltr'>ad</span> <span class='ocrx_word' id='word_1_215' title='bbox 1234 1621 1448 1659; x_wconf 84' lang='lat' dir='ltr'>Vulcanias</span> <span class='ocrx_word' id='word_1_216' title='bbox 1488 1620 1639 1659; x_wconf 89' lang='lat' dir='ltr'>insulas</span> 
     </span>
     <span class='ocr_line' id='line_1_25' title="bbox 113 1678 1638 1735; baseline -0.005 -12"><span class='ocrx_word' id='word_1_217' title='bbox 113 1685 292 1723; x_wconf 84' lang='lat' dir='ltr'>alludere</span> <span class='ocrx_word' id='word_1_218' title='bbox 322 1685 428 1723; x_wconf 87' lang='lat' dir='ltr'>sorte</span> <span class='ocrx_word' id='word_1_219' title='bbox 460 1689 639 1735; x_wconf 85' lang='lat' dir='ltr'>possunt.</span> <span class='ocrx_word' id='word_1_220' title='bbox 700 1682 745 1720; x_wconf 87' lang='lat' dir='ltr'>In</span> <span class='ocrx_word' id='word_1_221' title='bbox 772 1695 854 1719; x_wconf 90' lang='lat' dir='ltr'>uno</span> <span class='ocrx_word' id='word_1_222' title='bbox 887 1686 1050 1718; x_wconf 81' lang='lat' dir='ltr'>auctore</span> <span class='ocrx_word' id='word_1_223' title='bbox 1084 1678 1357 1730; x_wconf 83' lang='lat' dir='ltr'>Orpliicorum</span> <span class='ocrx_word' id='word_1_224' title='bbox 1379 1678 1638 1730; x_wconf 82' lang='lat' dir='ltr'>Argonautic.</span> 
     </span>
     <span class='ocr_line' id='line_1_26' title="bbox 113 1737 1639 1785; baseline -0.007 -2"><span class='ocrx_word' id='word_1_225' title='bbox 113 1757 152 1783; x_wconf 81' lang='lat' dir='ltr'>v.</span> <span class='ocrx_word' id='word_1_226' title='bbox 187 1742 296 1785; x_wconf 80' lang='lat'>1249</span> <span class='ocrx_word' id='word_1_227' title='bbox 328 1747 575 1782; x_wconf 79' lang='lat' dir='ltr'>memoratur</span> <span class='ocrx_word' id='word_1_228' title='bbox 614 1742 774 1779; x_wconf 82' lang='lat' dir='ltr'>flamma</span> <span class='ocrx_word' id='word_1_229' title='bbox 805 1740 983 1778; x_wconf 85' lang='lat' dir='ltr'>Aetnaea</span> <span class='ocrx_word' id='word_1_230' title='bbox 1014 1737 1215 1776; x_wconf 78' lang='lat' dir='ltr'>Enceladi.</span> <span class='ocrx_word' id='word_1_231' title='bbox 1270 1738 1315 1775; x_wconf 89' lang='lat' dir='ltr'>In</span> <span class='ocrx_word' id='word_1_232' title='bbox 1362 1738 1504 1775; x_wconf 82' lang='lat' dir='ltr'>ceteris</span> <span class='ocrx_word' id='word_1_233' title='bbox 1546 1750 1639 1775; x_wconf 78' lang='lat' dir='ltr'>sane</span> 
     </span>
     <span class='ocr_line' id='line_1_27' title="bbox 113 1796 1640 1852; baseline -0.005 -12"><span class='ocrx_word' id='word_1_234' title='bbox 113 1807 256 1840; x_wconf 82' lang='lat' dir='ltr'>auctor</span> <span class='ocrx_word' id='word_1_235' title='bbox 296 1802 361 1839; x_wconf 90' lang='lat' dir='ltr'>ille</span> <span class='ocrx_word' id='word_1_236' title='bbox 403 1800 612 1852; x_wconf 77' lang='lat' dir='ltr'>diligenter</span> <span class='ocrx_word' id='word_1_237' title='bbox 653 1798 828 1838; x_wconf 80' lang='lat' dir='ltr'>servavit</span> <span class='ocrx_word' id='word_1_238' title='bbox 867 1798 1050 1835; x_wconf 90' lang='lat' dir='ltr'>locorum</span> <span class='ocrx_word' id='word_1_239' title='bbox 1083 1802 1249 1834; x_wconf 88' lang='lat' dir='ltr'>naturas</span> <span class='ocrx_word' id='word_1_240' title='bbox 1280 1802 1321 1834; x_wconf 86' lang='lat' dir='ltr'>et</span> <span class='ocrx_word' id='word_1_241' title='bbox 1360 1796 1586 1834; x_wconf 87' lang='lat' dir='ltr'>notationes</span> <span class='ocrx_word' id='word_1_242' title='bbox 1620 1809 1640 1833; x_wconf 92' lang='lat' dir='ltr'>e</span> 
     </span>
     <span class='ocr_line' id='line_1_28' title="bbox 112 1854 1639 1913; baseline -0.004 -15"><span class='ocrx_word' id='word_1_243' title='bbox 112 1860 233 1913; x_wconf 88' lang='lat' dir='ltr'>prisci</span> <span class='ocrx_word' id='word_1_244' title='bbox 265 1859 351 1898; x_wconf 75' lang='lat' dir='ltr'>aevi</span> <span class='ocrx_word' id='word_1_245' title='bbox 381 1859 628 1911; x_wconf 81' lang='lat' dir='ltr'>ignoratione</span> <span class='ocrx_word' id='word_1_246' title='bbox 659 1864 696 1895; x_wconf 89' lang='lat' dir='ltr'>et</span> <span class='ocrx_word' id='word_1_247' title='bbox 728 1869 875 1895; x_wconf 84' lang='lat' dir='ltr'>errore.</span> <span class='ocrx_word' id='word_1_248' title='bbox 936 1854 1169 1893; x_wconf 79' lang='lat' dir='ltr'>Proximum</span> <span class='ocrx_word' id='word_1_249' title='bbox 1199 1854 1250 1892; x_wconf 85' lang='lat' dir='ltr'>ad</span> <span class='ocrx_word' id='word_1_250' title='bbox 1281 1854 1435 1904; x_wconf 75' lang='lat' dir='ltr'>Virgilii</span> <span class='ocrx_word' id='word_1_251' title='bbox 1468 1860 1639 1892; x_wconf 87' lang='lat' dir='ltr'>aetatem</span> 
     </span>
    </p>
   </div>
   <div class='ocr_carea' id='block_1_3' title="bbox 113 1912 1637 1966">
    <p class='ocr_par' dir='ltr' id='par_1_3' title="bbox 113 1912 1637 1966">
     <span class='ocr_line' id='line_1_29' title="bbox 113 1912 1637 1966; baseline -0.003 -9"><span class='ocrx_word' id='word_1_252' title='bbox 113 1918 343 1957; x_wconf 86' lang='lat' dir='ltr'>incendium</span> <span class='ocrx_word' id='word_1_253' title='bbox 364 1918 585 1957; x_wconf 83' lang='lat' dir='ltr'>Aetnaeum</span> <span class='ocrx_word' id='word_1_254' title='bbox 612 1917 689 1956; x_wconf 91' lang='lat' dir='ltr'>suit</span> <span class='ocrx_word' id='word_1_255' title='bbox 711 1916 758 1955; x_wconf 89' lang='lat' dir='ltr'>U.</span> <span class='ocrx_word' id='word_1_256' title='bbox 787 1916 827 1953; x_wconf 92' lang='lat' dir='ltr'>C.</span> <span class='ocrx_word' id='word_1_257' title='bbox 847 1916 931 1956; x_wconf 88' lang='grc'>718</span> <span class='ocrx_word' id='word_1_258' title='bbox 960 1912 1067 1966; x_wconf 82' lang='lat' dir='ltr'>apud</span> <span class='ocrx_word' id='word_1_259' title='bbox 1087 1912 1259 1966; x_wconf 85' lang='lat' dir='ltr'>Appian.</span> <span class='ocrx_word' id='word_1_260' title='bbox 1279 1913 1322 1951; x_wconf 89' lang='lat' dir='ltr'>B.</span> <span class='ocrx_word' id='word_1_261' title='bbox 1345 1914 1386 1951; x_wconf 90' lang='lat' dir='ltr'>C.</span> <span class='ocrx_word' id='word_1_262' title='bbox 1407 1913 1454 1963; x_wconf 86' lang='lat' dir='ltr'>V,</span> <span class='ocrx_word' id='word_1_263' title='bbox 1489 1927 1521 1951; x_wconf 86' lang='lat' dir='ltr'>e.</span> <span class='ocrx_word' id='word_1_264' title='bbox 1545 1915 1637 1955; x_wconf 87' lang='lat'>117.</span> 
     </span>
    </p>
   </div>
   <div class='ocr_carea' id='block_1_4' title="bbox 455 2268 1289 2330">
    <p class='ocr_par' dir='ltr' id='par_1_4' title="bbox 455 2268 1289 2330">
     <span class='ocr_line' id='line_1_30' title="bbox 455 2268 1289 2330; baseline -0.01 1"><span class='ocrx_word' id='word_1_265' title='bbox 455 2270 1034 2330; x_wconf 88' lang='lat' dir='ltr'>EXCURSUS</span> <span class='ocrx_word' id='word_1_266' title='bbox 1119 2268 1289 2325; x_wconf 89' lang='lat' dir='ltr'>XVI</span> 
     </span>
    </p>
   </div>
   <div class='ocr_carea' id='block_1_5' title="bbox 306 2389 1444 2444">
    <p class='ocr_par' dir='ltr' id='par_1_5' title="bbox 306 2389 1444 2444">
     <span class='ocr_line' id='line_1_31' title="bbox 306 2389 1444 2444; baseline -0.007 -12"><span class='ocrx_word' id='word_1_267' title='bbox 306 2389 506 2432; x_wconf 81' lang='lat' dir='ltr'>Foeda</span> <span class='ocrx_word' id='word_1_268' title='bbox 539 2389 874 2432; x_wconf 74' lang='lat' dir='ltr'>adsensum</span> <span class='ocrx_word' id='word_1_269' title='bbox 905 2393 1138 2444; x_wconf 76' lang='lat' dir='ltr'>apoeta</span> <span class='ocrx_word' id='word_1_270' title='bbox 1168 2390 1444 2427; x_wconf 81' lang='lat' dir='ltr'>narrata.</span> 
     </span>
    </p>
   </div>
   <div class='ocr_carea' id='block_1_6' title="bbox 105 2503 1636 3023">
    <p class='ocr_par' dir='ltr' id='par_1_6' title="bbox 105 2503 1636 3023">
     <span class='ocr_line' id='line_1_32' title="bbox 227 2503 1635 2557; baseline -0.006 -14"><span class='ocrx_word' id='word_1_271' title='bbox 227 2505 291 2555; x_wconf 88' lang='lat' dir='ltr'>III,</span> <span class='ocrx_word' id='word_1_272' title='bbox 325 2509 406 2548; x_wconf 80' lang='lat'>623</span> <span class='ocrx_word' id='word_1_273' title='bbox 445 2520 527 2557; x_wconf 87' lang='lat' dir='ltr'>sqq.</span> <span class='ocrx_word' id='word_1_274' title='bbox 576 2505 620 2543; x_wconf 89' lang='lat' dir='ltr'><em>V</em></span> <span class='ocrx_word' id='word_1_275' title='bbox 620 2506 680 2543; x_wconf 61' lang='lat' dir='ltr'>ida·</span> <span class='ocrx_word' id='word_1_276' title='bbox 720 2511 900 2555; x_wconf 73' lang='lat' dir='ltr'>egomet,</span> <span class='ocrx_word' id='word_1_277' title='bbox 943 2503 1023 2541; x_wconf 82' lang='lat' dir='ltr'>duo</span> <span class='ocrx_word' id='word_1_278' title='bbox 1066 2503 1114 2540; x_wconf 77' lang='lat' dir='ltr'>cle</span> <span class='ocrx_word' id='word_1_279' title='bbox 1143 2514 1306 2539; x_wconf 81' lang='lat' dir='ltr'>numero</span> <span class='ocrx_word' id='word_1_280' title='bbox 1345 2513 1439 2537; x_wconf 82' lang='lat' dir='ltr'>cum</span> <span class='ocrx_word' id='word_1_281' title='bbox 1469 2512 1635 2549; x_wconf 80' lang='lat' dir='ltr'>corpora</span> 
     </span>
     <span class='ocr_line' id='line_1_33' title="bbox 110 2557 1635 2614; baseline -0.007 -12"><span class='ocrx_word' id='word_1_282' title='bbox 110 2572 240 2602; x_wconf 80' lang='lat' dir='ltr'>nostro</span> <span class='ocrx_word' id='word_1_283' title='bbox 271 2585 327 2593; x_wconf 90' lang='lat'><em>-</em></span> <span class='ocrx_word' id='word_1_284' title='bbox 358 2566 579 2614; x_wconf 76' lang='lat' dir='ltr'>Frangeret</span> <span class='ocrx_word' id='word_1_285' title='bbox 609 2563 667 2600; x_wconf 75' lang='lat' dir='ltr'>acl</span> <span class='ocrx_word' id='word_1_286' title='bbox 695 2576 843 2600; x_wconf 78' lang='lat' dir='ltr'>saxum</span> <span class='ocrx_word' id='word_1_287' title='bbox 853 2591 864 2610; x_wconf 83' lang='lat'>‚</span> <span class='ocrx_word' id='word_1_288' title='bbox 895 2563 1085 2613; x_wconf 78' lang='lat' dir='ltr'>sanieque</span> <span class='ocrx_word' id='word_1_289' title='bbox 1117 2572 1305 2609; x_wconf 74' lang='lat' dir='ltr'>exspersa</span> <span class='ocrx_word' id='word_1_290' title='bbox 1335 2564 1522 2595; x_wconf 78' lang='lat' dir='ltr'>natarent</span> <span class='ocrx_word' id='word_1_291' title='bbox 1554 2557 1635 2593; x_wconf 84' lang='lat' dir='ltr'>Li-</span> 
     </span>
     <span class='ocr_line' id='line_1_34' title="bbox 109 2613 1635 2669; baseline -0.007 -9"><span class='ocrx_word' id='word_1_292' title='bbox 109 2625 222 2659; x_wconf 74' lang='lat' dir='ltr'>mina</span> <span class='ocrx_word' id='word_1_293' title='bbox 239 2637 254 2669; x_wconf 86' lang='lat'><em>;</em></span> <span class='ocrx_word' id='word_1_294' title='bbox 286 2622 374 2659; x_wconf 61' lang='lat' dir='ltr'>vicli</span> <span class='ocrx_word' id='word_1_295' title='bbox 404 2630 489 2659; x_wconf 81' lang='lat' dir='ltr'>atro</span> <span class='ocrx_word' id='word_1_296' title='bbox 523 2635 615 2658; x_wconf 73' lang='lat' dir='ltr'>cum</span> <span class='ocrx_word' id='word_1_297' title='bbox 646 2619 822 2658; x_wconf 77' lang='lat' dir='ltr'>membra</span> <span class='ocrx_word' id='word_1_298' title='bbox 842 2619 1024 2669; x_wconf 71' lang='lat' dir='ltr'>fluentia</span> <span class='ocrx_word' id='word_1_299' title='bbox 1055 2616 1148 2654; x_wconf 80' lang='lat' dir='ltr'>tabo</span> <span class='ocrx_word' id='word_1_300' title='bbox 1181 2615 1399 2654; x_wconf 64' lang='lat' dir='ltr'>fisanderet</span> <span class='ocrx_word' id='word_1_301' title='bbox 1439 2621 1475 2651; x_wconf 79' lang='lat' dir='ltr'>et</span> <span class='ocrx_word' id='word_1_302' title='bbox 1507 2613 1635 2663; x_wconf 69' lang='lat' dir='ltr'>tepidi</span> 
     </span>
     <span class='ocr_line' id='line_1_35' title="bbox 109 2672 1633 2725; baseline -0.006 -8"><span class='ocrx_word' id='word_1_303' title='bbox 109 2687 313 2718; x_wconf 77' lang='lat' dir='ltr'>tremerent</span> <span class='ocrx_word' id='word_1_304' title='bbox 341 2678 413 2716; x_wconf 77' lang='lat' dir='ltr'>sub</span> <span class='ocrx_word' id='word_1_305' title='bbox 452 2678 632 2716; x_wconf 68' lang='lat' dir='ltr'>dentibus</span> <span class='ocrx_word' id='word_1_306' title='bbox 672 2686 797 2715; x_wconf 74' lang='lat' dir='ltr'>artus.</span> <span class='ocrx_word' id='word_1_307' title='bbox 861 2675 971 2713; x_wconf 89' lang='lat' dir='ltr'>Haec</span> <span class='ocrx_word' id='word_1_308' title='bbox 1001 2681 1041 2713; x_wconf 87' lang='lat' dir='ltr'>et</span> <span class='ocrx_word' id='word_1_309' title='bbox 1071 2686 1172 2725; x_wconf 88' lang='lat' dir='ltr'>quae</span> <span class='ocrx_word' id='word_1_310' title='bbox 1213 2673 1281 2711; x_wconf 86' lang='lat' dir='ltr'>ins.</span> <span class='ocrx_word' id='word_1_311' title='bbox 1314 2675 1398 2716; x_wconf 79' lang='lat'>632</span> <span class='ocrx_word' id='word_1_312' title='bbox 1428 2672 1633 2723; x_wconf 81' lang='lat' dir='ltr'>leguntur,</span> 
     </span>
     <span class='ocr_line' id='line_1_36' title="bbox 108 2729 1634 2790; baseline -0.007 -14"><span class='ocrx_word' id='word_1_313' title='bbox 108 2739 313 2790; x_wconf 74' lang='lat' dir='ltr'>iacuitque</span> <span class='ocrx_word' id='word_1_314' title='bbox 348 2752 423 2788; x_wconf 78' lang='lat' dir='ltr'>per</span> <span class='ocrx_word' id='word_1_315' title='bbox 465 2745 625 2774; x_wconf 72' lang='lat' dir='ltr'>antrum,</span> <span class='ocrx_word' id='word_1_316' title='bbox 664 2737 888 2773; x_wconf 71' lang='lat' dir='ltr'>Jmmensus</span> <span class='ocrx_word' id='word_1_317' title='bbox 903 2763 913 2782; x_wconf 89' lang='lat'><em>‚</em></span> <span class='ocrx_word' id='word_1_318' title='bbox 969 2734 1124 2771; x_wconf 82' lang='lat' dir='ltr'>saniem</span> <span class='ocrx_word' id='word_1_319' title='bbox 1164 2740 1349 2769; x_wconf 77' lang='lat' dir='ltr'>eructans</span> <span class='ocrx_word' id='word_1_320' title='bbox 1390 2743 1441 2767; x_wconf 83' lang='lat' dir='ltr'>ac</span> <span class='ocrx_word' id='word_1_321' title='bbox 1469 2729 1634 2781; x_wconf 50' lang='lat' dir='ltr'>frustra</span> 
     </span>
     <span class='ocr_line' id='line_1_37' title="bbox 108 2787 1634 2842; baseline -0.006 -8"><span class='ocrx_word' id='word_1_322' title='bbox 108 2804 268 2834; x_wconf 79' lang='lat' dir='ltr'>cruento</span> <span class='ocrx_word' id='word_1_323' title='bbox 303 2797 388 2833; x_wconf 84' lang='lat' dir='ltr'>Per</span> <span class='ocrx_word' id='word_1_324' title='bbox 426 2808 610 2832; x_wconf 75' lang='lat' dir='ltr'>somnum</span> <span class='ocrx_word' id='word_1_325' title='bbox 649 2793 868 2830; x_wconf 83' lang='lat' dir='ltr'>commixta</span> <span class='ocrx_word' id='word_1_326' title='bbox 898 2805 1027 2829; x_wconf 82' lang='lat' dir='ltr'>mero:</span> <span class='ocrx_word' id='word_1_327' title='bbox 1066 2795 1159 2842; x_wconf 76' lang='lat' dir='ltr'>pos‘t</span> <span class='ocrx_word' id='word_1_328' title='bbox 1198 2790 1295 2827; x_wconf 88' lang='lat' dir='ltr'>alios</span> <span class='ocrx_word' id='word_1_329' title='bbox 1335 2787 1505 2837; x_wconf 86' lang='lat' dir='ltr'>Homio,</span> <span class='ocrx_word' id='word_1_330' title='bbox 1537 2788 1634 2826; x_wconf 92' lang='lat' dir='ltr'>Viro</span> 
     </span>
     <span class='ocr_line' id='line_1_38' title="bbox 107 2845 1634 2905; baseline -0.006 -13"><span class='ocrx_word' id='word_1_331' title='bbox 107 2854 183 2902; x_wconf 91' lang='lat' dir='ltr'>Ill.‚</span> <span class='ocrx_word' id='word_1_332' title='bbox 216 2859 312 2892; x_wconf 87' lang='lat' dir='ltr'>sunt</span> <span class='ocrx_word' id='word_1_333' title='bbox 341 2851 653 2905; x_wconf 82' lang='lat' dir='ltr'>reprehensione</span> <span class='ocrx_word' id='word_1_334' title='bbox 693 2851 809 2902; x_wconf 84' lang='lat' dir='ltr'>digna</span> <span class='ocrx_word' id='word_1_335' title='bbox 838 2849 944 2898; x_wconf 76' lang='lat' dir='ltr'>visa,</span> <span class='ocrx_word' id='word_1_336' title='bbox 984 2847 1094 2899; x_wconf 86' lang='lat' dir='ltr'>quod</span> <span class='ocrx_word' id='word_1_337' title='bbox 1138 2861 1219 2886; x_wconf 86' lang='lat' dir='ltr'>non</span> <span class='ocrx_word' id='word_1_338' title='bbox 1259 2845 1381 2886; x_wconf 84' lang='lat' dir='ltr'>modo</span> <span class='ocrx_word' id='word_1_339' title='bbox 1420 2846 1634 2885; x_wconf 84' lang='lat' dir='ltr'>horrorem</span> 
     </span>
     <span class='ocr_line' id='line_1_39' title="bbox 105 2903 1636 2951; baseline -0.007 -1"><span class='ocrx_word' id='word_1_340' title='bbox 105 2912 179 2951; x_wconf 87' lang='lat' dir='ltr'>sed</span> <span class='ocrx_word' id='word_1_341' title='bbox 210 2918 250 2950; x_wconf 89' lang='lat' dir='ltr'>et</span> <span class='ocrx_word' id='word_1_342' title='bbox 281 2925 470 2950; x_wconf 86' lang='lat' dir='ltr'>nauseam</span> <span class='ocrx_word' id='word_1_343' title='bbox 501 2909 694 2948; x_wconf 83' lang='lat' dir='ltr'>foeditate</span> <span class='ocrx_word' id='word_1_344' title='bbox 724 2922 795 2948; x_wconf 90' lang='lat' dir='ltr'>sua</span> <span class='ocrx_word' id='word_1_345' title='bbox 825 2912 865 2944; x_wconf 88' lang='lat' dir='ltr'>et</span> <span class='ocrx_word' id='word_1_346' title='bbox 892 2905 1185 2946; x_wconf 83' lang='lat' dir='ltr'>aversationem</span> <span class='ocrx_word' id='word_1_347' title='bbox 1215 2907 1404 2945; x_wconf 82' lang='lat' dir='ltr'>facerent.</span> <span class='ocrx_word' id='word_1_348' title='bbox 1463 2903 1636 2942; x_wconf 83' lang='lat' dir='ltr'>Faciunt</span> 
     </span>
     <span class='ocr_line' id='line_1_40' title="bbox 107 2962 1634 3023; baseline -0.007 -13"><span class='ocrx_word' id='word_1_349' title='bbox 107 2971 248 3023; x_wconf 80' lang='lat' dir='ltr'>utique</span> <span class='ocrx_word' id='word_1_350' title='bbox 286 2975 426 3009; x_wconf 86' lang='lat' dir='ltr'>nostro</span> <span class='ocrx_word' id='word_1_351' title='bbox 467 2981 606 3020; x_wconf 79' lang='lat' dir='ltr'>sensu3</span> <span class='ocrx_word' id='word_1_352' title='bbox 645 2981 719 3007; x_wconf 85' lang='lat' dir='ltr'>nec</span> <span class='ocrx_word' id='word_1_353' title='bbox 751 2971 882 3006; x_wconf 85' lang='lat' dir='ltr'>essent</span> <span class='ocrx_word' id='word_1_354' title='bbox 913 2978 979 3016; x_wconf 86' lang='lat' dir='ltr'>ea,</span> <span class='ocrx_word' id='word_1_355' title='bbox 1020 2965 1052 3004; x_wconf 90' lang='lat' dir='ltr'>si</span> <span class='ocrx_word' id='word_1_356' title='bbox 1091 2970 1235 3004; x_wconf 80' lang='lat' dir='ltr'>nostro</span> <span class='ocrx_word' id='word_1_357' title='bbox 1267 2977 1366 3004; x_wconf 88' lang='lat' dir='ltr'>aevo</span> <span class='ocrx_word' id='word_1_358' title='bbox 1408 2962 1634 3002; x_wconf 87' lang='lat' dir='ltr'>scriberen-</span> 
     </span>
    </p>
   </div>
  </div>
 </body>
</html>
