1811 3388
509 202 626 250 AD
698 192 1140 243 LIBRUM
1211 188 1302 233 lll
1558 189 1654 232 567

153 336 257 388 gatio
291 332 367 372 dici
395 329 546 380 nequit.
615 323 783 363 Tradita
824 321 924 358 haec
953 316 1177 355 accuratius
1205 315 1369 351 suerunt
1397 310 1507 348 haud
1541 309 1658 347 dubie

153 409 175 432 a
206 391 430 436 veteribus,
471 385 532 424 uti
566 396 616 421 ex
647 382 785 432 Dictye
817 377 954 428 colligo
986 375 1052 412 lib.
1087 373 1139 421 V,
1171 374 1219 420 8,
1257 370 1326 408 ubi
1353 370 1394 406 in
1426 367 1659 420 paciscendo

153 464 244 489 cum
275 448 480 487 Antenore
511 441 668 492 Ulysses
704 442 842 488 urget,
882 444 1036 483 tempas
1066 432 1124 468 acl
1162 428 1444 478 navigandum
1474 426 1660 462 idoneam,

150 504 467 559 praetervolare,
502 506 541 537 et
563 499 607 546 V,
646 500 693 539 16
724 501 885 545 argente
905 490 1068 539 nangis]
1095 497 1267 536 [empore
1283 514 1293 533 ,
1329 490 1366 521 et
1397 496 1428 520 c.
1454 484 1503 522 17
1526 495 1585 533 pr.
1605 502 1660 509 —-

155 565 278 611 veriti,
311 576 358 599 ne
374 574 449 611 per
477 570 657 604 moram,
692 556 910 591 intervenia
927 548 1094 593 hiemis,
1130 557 1234 597 quae
1261 539 1505 593 ingruebat,·
1522 553 1550 576 a
1580 552 1658 575 na-

154 621 333 672 vigando
357 616 665 655 excluderentur.

268 677 322 714 At
344 675 516 721 Aeneas,
550 684 619 722 qui
641 673 753 720 capta
775 665 893 704 Troia
919 675 959 700 se
980 661 1021 698 in
1046 664 1223 697 montem
1249 657 1359 695 Idam
1384 667 1475 692 cum
1497 652 1578 690 suis
1594 664 1660 689 re-

156 740 334 787 ceperat,
378 733 426 770 ab
459 729 624 769 australi
658 731 770 779 parte
808 734 948 762 versus
985 716 1242 756 Antandrum
1284 711 1509 760 descendit,
1545 716 1585 747 et
1622 710 1661 746 in

154 793 274 832 huius
295 790 404 829 urbis
424 794 548 840 portu
573 786 732 823 classem
762 781 868 819 facit.
928 778 974 816 In
1010 775 1131 813 classe
1152 771 1331 811 facienda
1358 777 1396 808 et·
1426 766 1663 807 instruenda

154 851 279 889 hiems
316 847 584 893 consumitur,
623 843 691 880 lib.
723 840 768 889 II,
801 839 847 888 5,
880 840 904 878 6
943 836 1185 883 classemque
1221 829 1292 867 suh
1330 830 1420 879 ipsa
1453 824 1663 864 Antandro

156 917 193 946 et
222 907 427 957 Phrygiae
461 904 648 940 molimur
674 895 870 936 montibus
900 894 1017 932 Idae.
1081 887 1308 927 Secundum
1334 884 1511 936 Dionysii
1537 881 1662 920 Halic.

156 966 186 1015 I,
229 968 282 1006 63
316 962 506 1009 calculos,
538 959 615 997 iam
641 953 871 1006 autuinni*)
904 951 1023 989 huius
1053 947 1146 985 anni
1176 945 1288 984 initio
1320 941 1484 981 Troiani
1506 939 1662 978 Helles—-

154 1028 323 1076 pontum
357 1019 563 1058 traiiciunt
598 1022 637 1053 et
679 1015 723 1052 in
762 1009 931 1049 Thracia
965 1007 1135 1045 hiemem
1164 1003 1350 1054 exigunt,
1392 999 1445 1037 ad
1474 997 1664 1036 historiae

156 1080 369 1120 veritatem
405 1076 516 1115 haud
555 1073 675 1112 dubie
717 1069 902 1123 propius,
949 1064 1018 1103 sed
1049 1062 1155 1100 hanc
1191 1061 1370 1099 deserere
1402 1062 1508 1095 recte
1533 1054 1665 1107 potuit

155 1144 286 1191 poeta.
345 1135 405 1173 Ab
433 1132 610 1172 omnium
634 1136 860 1168 ceterorum
881 1124 960 1162 fide
988 1120 1163 1168 recedit,
1204 1116 1312 1169 quod
1343 1115 1394 1153 ad
1416 1113 1516 1152 Aen.
1542 1112 1605 1160 111,
1638 1112 1663 1151 8

159 1196 321 1233 Servius
346 1207 395 1231 ex
411 1189 653 1241 Palaephato
680 1186 766 1239 (qui
785 1183 919 1222 iunior
939 1181 1024 1228 ille,
1060 1179 1251 1230 Τρωϊκῶν
1274 1179 1415 1212 auctor
1449 1183 1529 1208 esse
1548 1168 1664 1207 vide-

156 1260 238 1302 tur,
268 1266 307 1290 v.
332 1251 383 1288 ad
404 1250 469 1287 lib.
489 1248 520 1286 II
547 1248 642 1285 Exc.
664 1245 680 1282 I
702 1258 739 1296 p.
768 1244 851 1284 362
872 1237 1022 1293 [886]),
1056 1239 1192 1283 notat,
1234 1240 1351 1283 capto
1383 1230 1461 1268 llio
1485 1229 1666 1266 Aeneam

150 1318 245 1362 post
265 1310 474 1346 triennium
499 1306 730 1354 navigasse.

272 1366 453 1404 Antenor
472 1364 623 1402 interea
647 1366 686 1397 et
707 1359 788 1410 ipse
807 1355 1023 1394 discessum
1043 1355 1170 1402 parat,
1203 1353 1243 1384 et
1269 1346 1343 1383 iter
1364 1342 1536 1395 quidem,
1558 1338 1666 1390 quod

159 1432 199 1463 et
217 1424 367 1462 Aeneas
388 1424 517 1461 facere
546 1420 798 1464 decreverat,
831 1424 969 1452 versus
999 1408 1151 1446 Italiam
1181 1403 1364 1443 instituit.
1426 1400 1465 1438 Si
1486 1410 1666 1448 quaeraS,

160 1481 361 1534 quomodo
385 1481 427 1518 in
446 1479 524 1516 hoc
552 1475 759 1515 consilium
779 1477 948 1520 uterque
974 1465 1160 1504 devenire
1187 1460 1378 1514 potuerit,
1411 1455 1668 1507 cogitandum

160 1546 238 1589 est,
268 1539 335 1576 illo
355 1544 534 1589 tempore
563 1542 691 1573 terras
716 1532 898 1580 Europae
931 1521 1201 1563 occidentales
1230 1516 1392 1557 Graecis
1410 1512 1668 1561 Troianisque

159 1598 280 1636 fuisse
298 1596 438 1634 eodem
463 1594 574 1642 loco,
606 1597 725 1641 atque
745 1583 959 1637 Europaeis
980 1588 1072 1619 ante
1090 1579 1189 1617 haec
1222 1577 1302 1615 duo
1327 1572 1481 1612 saecula
1499 1577 1538 1608 et
1559 1567 1669 1619 quod

161 1655 364 1702 excurrit,
401 1651 634 1691 Americam.
692 1644 895 1684 Tenebant
928 1645 1063 1678 autem
1093 1635 1235 1675 Graeci
1267 1641 1356 1671 tum
1390 1629 1519 1668 omnia
1550 1625 1669 1664 maris

160 1712 301 1763 Aegaei
332 1712 489 1759 littora,
547 1714 595 1745 ut
636 1704 735 1743 adeo
773 1702 849 1740 msi
885 1700 927 1737 in
964 1696 1076 1735 Ionio
1119 1698 1305 1744 receptus
1350 1693 1451 1726 esset
1485 1682 1669 1723 Troianis

160 1770 306 1809 nullus.

277 1841 310 1865 a.
343 1825 384 1862 C.
415 1823 461 1862 N.
687 1833 709 1856 a
739 1815 858 1855 Troia
888 1818 1002 1865 capta
1224 1807 1359 1845 Error.
1392 1802 1544 1840 Aeneae

315 1884 426 1924 1183
795 1887 827 1910 a.
863 1875 898 1913 1.
1350 1874 1383 1898 a.
1414 1863 1441 1900 2

161 1955 257 1994 Aen.
282 1952 347 2001 III,
380 1953 404 1991 8
432 1950 476 1989 V
475 1951 517 1986 ix
533 1949 672 1998 prima
694 1947 893 1992 inceperat
918 1945 1050 1976 aestas
1076 1956 1128 1963 --
1147 1935 1289 1970 Litora
1310 1943 1402 1967 eam
1414 1928 1578 1978 patriae
1603 1925 1667 1960 la—

163 2015 338 2050 crimans
360 2016 578 2059 portusque
608 2005 800 2053 relinquo,
842 1999 896 2035 Ec
928 2007 1094 2044 campos
1130 1990 1200 2029 aba·
1238 1989 1359 2026 Troia
1380 1985 1487 2036 ficit.
1552 1983 1673 2020 Feror

164 2070 278 2108 exsul
299 2069 340 2104 in
363 2066 505 2103 altum.

277 2124 453 2163 Primum
485 2118 645 2171 quidem
675 2127 835 2154 cursum
859 2111 897 2148 in
922 2107 1131 2147 Thraciam
1154 2103 1305 2142 tenuit:
1346 2099 1410 2147 111,
1446 2100 1496 2138 13
1521 2108 1672 2145 sqq.—

165 2186 219 2226 68
251 2185 369 2220 Terra
385 2179 529 2230 procul
547 2177 670 2214 vastis
694 2173 837 2210 colitur
853 2167 1065 2206 fflavorlia
1097 2162 1269 2211 campis.
1340 2157 1512 2194 Thraces
1536 2158 1667 2189 arant.

165 2240 304 2279 condit
326 2237 390 2275 hic
415 2237 456 2274 in
475 2233 643 2273 littorali
663 2232 774 2282 plaga
796 2226 936 2266 urbem
950 2254 959 2272 ,
988 2220 1228 2260 Aeneadas:
1268 2230 1308 2255 v.
1334 2217 1451 2256 16—
1467 2212 1530 2258 18,
1562 2206 1673 2258 quod

167 2299 216 2336 de
238 2297 350 2335 Aeno
374 2293 567 2332 Thraciae
592 2290 643 2329 ad
667 2287 790 2327 Hebri
816 2283 913 2323 ostia
944 2277 1217 2331 accipiendum
1247 2285 1349 2320 esse,
1383 2271 1563 2308 Excursu
1585 2266 1599 2303 Ι
1622 2264 1673 2301 ad

164 2356 205 2394 h.
227 2356 252 2394 l.
282 2353 467 2391 vidimus.

278 2410 448 2450 Parabat
467 2408 617 2446 Aeneas
638 2401 802 2445 Veneri,
838 2396 943 2446 lovi,
974 2393 1137 2443 aliisque
1164 2390 1238 2428 diis
1261 2398 1440 2432 sacrum,
1472 2394 1551 2432 quo
1583 2392 1673 2417 cum

168 2471 219 2508 ad
238 2483 345 2508 aram
366 2465 576 2506 velandam
604 2460 765 2501 frondes
789 2471 838 2494 ex
864 2453 1049 2507 proximo
1074 2448 1250 2500 virgulto
1283 2447 1461 2496 peteret,
1493 2436 1672 2490 prodigio

168 2527 366 2579 sanguinis
398 2538 448 2562 ex
479 2522 609 2575 ruptis
639 2518 757 2558 ramis
785 2512 947 2553 fluentis
978 2520 1152 2558 moxque
1184 2503 1351 2543 umbrae
1372 2495 1559 2548 Polydori
1586 2507 1673 2532 mo—

168 2587 278 2633 nitu,
306 2582 455 2622 inferiis
489 2581 523 2618 ei
558 2577 693 2626 factis,
740 2581 848 2612 terra
882 2567 1073 2614 excessit,
1126 2561 1236 2615 quod
1266 2573 1346 2599 non
1378 2556 1451 2595 nisi
1479 2565 1572 2593 vere
1613 2564 1673 2588 se-

171 2649 316 2693 quente
348 2641 509 2679 sactum.

265 2789 292 2830 Ἴ
319 2788 461 2830 DionyS.
487 2783 624 2828 quidem
648 2780 699 2826 τῷ
726 2777 809 2822 ἑξῆς
838 2774 933 2816 ἔτει,
964 2767 1099 2814 πρώτῳ
1127 2762 1167 2800 δὲ
1195 2761 1287 2808 μετὰ
1317 2758 1386 2803 τὴν
1417 2753 1573 2808 ἅλῳσιν,
1614 2750 1673 2803 scd

174 2836 280 2867 utitur
304 2833 364 2865 ille
389 2843 478 2865 anno
504 2829 619 2862 Attico
645 2838 756 2867 novo,
798 2824 856 2868 qui
882 2834 900 2854 a
925 2816 1126 2853 novilunio,
1171 2810 1264 2856 qnod
1302 2820 1321 2840 a
1359 2804 1520 2854 solstitio.
1545 2805 1672 2850 aest-ivo

174 2880 365 2925 proximum
390 2885 458 2917 est,
501 2875 636 2908 initium
672 2873 780 2906 habet
814 2878 849 2902 et
881 2879 955 2901 cum
981 2863 1078 2898 anuis
1105 2861 1192 2894 adeo
1219 2852 1430 2900 Olympicis‚
1465 2859 1522 2893 qui
1548 2852 1581 2877 et
1608 2854 1672 2887 ipsi

174 2927 254 2960 inde
280 2925 506 2964 ducebantur,
529 2919 719 2963 conspirat.
