1779 3420
129 198 230 247 564
537 193 1243 243 EXCURSUSI

128 331 238 365 runt.
299 322 414 372 Quae
449 321 492 360 in
523 323 758 360 memoriam
787 321 967 360 beneficii
1001 321 1122 361 huius
1153 321 1326 361 Romani
1354 321 1398 360 in
1425 320 1654 361 Acarnanes

128 382 395 430 contulerint,
426 379 505 418 iam
537 380 588 418 ad
614 381 678 430 ΙΙΙ,
709 383 792 423 500
823 380 971 419 notavi.

242 441 309 478 Fit
338 438 501 477 tandem
531 438 724 476 traiectus
755 437 807 476 ad
836 439 986 476 ltaliae
1018 437 1144 476 littus.
1202 437 1318 476 Dicat
1340 436 1495 488 aliquiS,
1527 450 1655 488 quor-

128 513 217 539 sum
251 498 402 537 Aeneas
431 502 514 534 tam
543 496 663 548 longo
698 507 836 534 errore
865 508 937 547 per
967 508 1078 534 mare
1115 495 1276 533 Ionium
1308 508 1435 545 usque
1464 493 1517 532 ad
1544 495 1654 534 sinus

127 556 326 596 Adriatici
357 568 469 604 oraS,
512 553 622 592 unde
661 567 758 592 mox
797 553 935 591 Italiae
964 549 1090 591 littus=
1121 566 1168 590 ac
1206 559 1294 591 tota
1326 552 1458 590 Sicilia
1487 552 1655 604 legenda

127 616 250 655 classe
280 614 382 663 suit,
412 612 496 651 sive
526 626 549 649 a
581 611 743 663 Virgilio
773 610 857 649 sive
888 611 937 649 ab
969 610 1263 661 antiquioribus
1292 610 1421 662 poetis
1455 609 1653 649 deductus

127 680 206 723 est,
238 687 330 712 cum
361 685 384 708 a
401 671 520 708 Creta
549 669 672 708 breve
703 682 749 706 ac
777 674 936 707 rectum
964 668 1043 706 iter
1073 681 1213 706 versus
1242 668 1397 706 Italiam
1427 673 1467 706 et
1492 669 1653 707 Latium

127 732 258 770 esset?
317 729 398 768 Sed
428 734 468 765 et
499 733 590 765 tota
616 726 835 777 antiquitas
864 726 924 764 ita
959 724 1206 774 tradiderat,
1245 731 1284 762 et
1321 725 1553 777 quicunque
1583 726 1652 765 illo

125 797 308 842 tempore
336 800 388 825 ex
415 784 594 834 Graecia,
623 785 754 822 multo
785 784 907 835 magis
937 796 990 822 ex
1018 782 1130 834 Asia,
1159 783 1362 823 solventes
1389 783 1548 822 Italiam
1577 784 1653 822 ad-

125 849 185 887 ire
214 846 310 886 dicti
340 849 457 893 sunt,
499 856 612 880 oram
643 842 727 881 eius
759 842 915 881 Orienti
945 841 1157 881 obversam
1186 846 1462 891 accesserunt,
1505 841 1652 894 quippe

127 918 230 958 quae
260 910 351 942 tum
382 900 545 941 Graecis
575 900 660 938 sola
689 906 778 939 erat
807 906 907 938 nota
938 905 979 938 et
1007 900 1282 951 frequentata3
1312 913 1404 938 cum
1433 900 1653 938 remotiora

126 976 267 1002 versus
298 959 559 999 Occidentem
600 958 707 997 inter
737 964 866 997 terras
896 964 1056 996 tantum
1088 972 1171 996 non
1200 958 1422 1009 incognitas
1452 964 1541 996 tum
1570 956 1649 995 ha-

125 1022 331 1060 berentur.
391 1018 528 1068 Itaque
565 1022 682 1069 poeta
721 1016 874 1068 egregie
907 1016 1084 1055 fabulam
1116 1030 1231 1054 suam
1268 1015 1518 1067 antiquitatis
1556 1014 1651 1054 fidei

126 1085 408 1130 attemperasse
439 1074 570 1114 videri
608 1074 748 1124 debet,
791 1088 904 1122 cum,
946 1074 1086 1112 audito
1117 1087 1189 1126 per
1219 1087 1405 1112 somnum
1436 1087 1458 1111 a
1487 1074 1651 1112 Penati—

124 1138 200 1176 bus
230 1135 387 1174 Italiam
417 1146 498 1171 esse
529 1132 746 1184 petendam
778 1130 834 1185 (v.
854 1132 918 1182 111,
953 1135 1033 1174 163
1053 1134 1169 1183 sqq),
1201 1131 1253 1170 ad
1282 1132 1482 1170 inferioris
1512 1132 1650 1170 Italiae

124 1200 280 1249 partem
320 1191 565 1230 exteriorem
603 1189 756 1228 Aeneas
796 1204 960 1229 cursum
998 1190 1155 1241 dirigit,
1197 1203 1271 1228 nec
1309 1190 1385 1228 nisi
1416 1190 1465 1228 ab
1494 1188 1649 1228 Heleno

124 1259 218 1292 vate
249 1251 415 1290 edoctus
444 1254 576 1287 mente
599 1248 765 1287 tandem
797 1248 1034 1300 assequitur,
1066 1248 1120 1286 ad
1146 1248 1358 1286 interiores
1389 1246 1526 1286 Italiae
1557 1261 1649 1286 oras

124 1325 164 1350 se
193 1325 214 1349 a
240 1309 331 1348 satis
366 1307 472 1347 duci.
505 1305 561 1360 (v.
581 1306 646 1356 ΙΙΙ,
679 1309 760 1348 381
788 1304 893 1360 sqq.)
926 1308 974 1344 cf.
1005 1320 1092 1358 sup.
1121 1306 1218 1344 Exc.
1251 1306 1328 1345 XV
1360 1305 1412 1344 ad
1437 1305 1504 1344 lib.
1534 1305 1582 1344 Il.

239 1369 424 1406 Ceterum
463 1366 584 1403 etiam
622 1365 664 1403 in
701 1363 780 1402 hac
818 1378 1004 1403 errorum
1033 1365 1189 1402 Aeneae
1217 1370 1333 1416 parte
1371 1364 1498 1402 multa
1528 1364 1650 1402 fabu-

124 1428 207 1466 losa
229 1440 251 1464 a
275 1425 436 1463 Graecis
457 1424 646 1475 adspersa
675 1422 798 1461 fuisse
822 1422 1073 1474 intelligitur,
1106 1423 1253 1474 quippe
1283 1421 1428 1473 quibus
1459 1420 1537 1460 hoc
1563 1427 1650 1460 erat

123 1485 396 1538 propositum,
436 1488 484 1520 ut
520 1481 697 1520 fabulam
727 1480 953 1519 multorum
983 1480 1140 1532 ingenio
1172 1493 1372 1532 operaque
1402 1479 1541 1518 tritam
1569 1493 1648 1518 ‘va—

124 1543 278 1582 riarent
309 1548 350 1580 et
380 1546 596 1590 ornarent3
644 1551 718 1577 nec
748 1544 1029 1590 argumentum
1060 1539 1108 1576 ab
1140 1551 1186 1576 eo
1218 1538 1382 1576 consilio
1412 1536 1647 1577 abhorrens.

124 1602 176 1639 Et
204 1601 381 1653 primum
411 1597 574 1649 quidem
610 1597 862 1635 narrationes
892 1597 1059 1635 suerunt
1087 1596 1223 1634 variae
1255 1596 1304 1634 de
1334 1609 1505 1634 occursu
1525 1595 1646 1634 modo

132 1660 288 1710 Ulyssis
301 1656 336 1711 *)
377 1656 498 1695 modo
529 1653 813 1708 Diomeclis**)
855 1654 897 1692 in
936 1654 1017 1693 hoc
1046 1654 1181 1692 ltaliae
1212 1654 1367 1703 littore,
1408 1653 1478 1691 sed
1507 1653 1646 1691 brevi-

124 1716 220 1755 tatis
250 1715 386 1753 studio
424 1715 513 1752 loca
550 1718 711 1751 tantum
749 1711 1028 1751 indicabimus.
1103 1712 1165 1750 Ex
1202 1711 1478 1762 antiquissimo
1510 1717 1645 1750 autem

124 1775 333 1826 scriptore,
365 1772 434 1823 qui
464 1771 713 1809 sacerdotum
741 1771 995 1821 Argivarum
1023 1784 1251 1819 recensum,
1298 1766 1539 1823 συναγωγήν
1563 1772 1646 1809 τῶν

125 1832 285 1885 ἷερειῶν
327 1829 371 1871 ἐν
398 1827 560 1884 ’Ἀργει,
602 1829 838 1879 scripserat,
876 1828 1040 1879 Dionys.
1079 1828 1110 1878 I,
1152 1831 1206 1869 72
1236 1833 1435 1866 memorat
1471 1827 1645 1865 Aeneam

124 1889 259 1928 statim
298 1901 349 1926 ex
378 1886 559 1925 Molossis
599 1900 690 1924 cum
718 1886 857 1937 Ulysse
894 1885 936 1924 in
975 1886 1129 1923 Italiam
1167 1885 1379 1923 traiecisse.
1438 1885 1645 1936 Singulare

123 1948 241 1999 plane
281 1951 341 1983 est
376 1945 487 1997 quod
527 1944 661 1996 Dictys
699 1943 766 1982 lib.
806 1944 840 1983 V
879 1949 982 1982 extr.
1024 1946 1092 1982 lla
1126 1951 1315 1992 coactu-3,
1358 1942 1509 1994 inquit,
1550 1957 1644 1981 cum

124 2007 234 2044 omni
259 2004 503 2055 patrimonio
535 2016 563 2040 a
604 2003 725 2039 Troia
752 2003 927 2052 navigat
955 2001 1142 2050 Aeneas,
1187 2002 1418 2053 devenitque
1447 2001 1507 2038 ad
1533 2015 1644 2039 mare

122 2063 403 2110 Adriaticum,
437 2060 586 2098 multas
618 2061 775 2097 interim
801 2068 940 2110 gentes
971 2059 1202 2097 barbaricas
1226 2067 1542 2110 praetervectus:
1575 2057 1645 2095 ubi

123 2135 216 2159 cum
242 2120 330 2168 liis,
376 2121 448 2172 qui
476 2132 610 2156 secum
638 2119 962 2168 navigaverant,
1011 2119 1215 2155 civilatem
1245 2117 1406 2164 condit,
1452 2117 1642 2167 appella-

123 2188 208 2217 tam
242 2178 455 2229 Corcyram
494 2176 748 2214 Melaenam.
823 2175 901 2212 Sed
944 2175 993 2213 de
1033 2175 1162 2213 insula
1194 2174 1272 2212 hac
1308 2174 1418 2212 sinus
1447 2173 1642 2212 Adriatici

123 2235 350 2275 accuratius
382 2233 673 2287 dispiciendum
705 2231 756 2270 ad
784 2232 970 2284 Apollon.
1001 2232 1094 2284 Arg.
1126 2232 1191 2281 IV,
1224 2233 1308 2274 566
1340 2245 1395 2282 sq.

237 2293 424 2331 Traieetu
463 2291 515 2329 ad
544 2291 680 2329 Italiae
715 2290 829 2328 littus
869 2291 975 2328 circa
1017 2290 1344 2342 promontorium
1375 2289 1641 2327 Sallentinum

123 2351 189 2389 vel
218 2350 425 2402 Iapygium
464 2350 569 2387 sacto
611 2348 831 2386 secundum
862 2349 1073 2399 Virgilium
1103 2348 1170 2397 III,
1212 2349 1296 2390 530
1335 2361 1433 2398 sqq,
1473 2349 1641 2384 Portum

131 2410 297 2447 Veneris
328 2407 381 2445 ad
410 2408 594 2445 Castrum
623 2406 828 2445 Minervae
857 2407 1032 2445 subeunt
1062 2405 1225 2444 Troiani
1265 2411 1306 2443 et
1334 2404 1486 2443 Palladi
1515 2404 1640 2442 Iuno-

215 2553 243 2596 ’)
266 2554 317 2586 Ex
340 2553 389 2585 M.
415 2552 558 2585 Octavio
584 2552 718 2586 Victor.
743 2553 839 2597 Orig.
865 2552 907 2586 G.
932 2553 975 2585 R.
1002 2564 1031 2585 c.
1059 2552 1113 2586 12.
1148 2549 1327 2594 Lycophr.
1354 2562 1384 2582 v.
1414 2549 1503 2584 1242
1528 2561 1579 2594 sq.
1605 2557 1639 2583 et

123 2600 169 2634 al.
194 2600 285 2633 adde
309 2599 420 2643 Ryck.
444 2599 487 2630 de
512 2598 612 2643 prim.
639 2600 716 2632 Ital.
740 2599 808 2632 iuc-
835 2612 870 2644 p.
895 2598 977 2633 449.
1001 2599 1026 2631 f.
1071 2597 1238 2630 Schottus
1264 2596 1309 2629 ad
1342 2596 1502 2629 Proclum
1533 2609 1567 2641 p.
1592 2598 1639 2632 22

123 2648 159 2680 in
188 2646 282 2680 calce
307 2647 408 2679 Obss.
432 2645 525 2678 hum.
551 2652 586 2677 et
609 2645 656 2678 al.

216 2704 259 2748 *Ἴ
284 2704 394 2737 Solin.
420 2716 448 2736 c.
475 2704 507 2737 2.
532 2705 626 2735 Serv.
652 2703 696 2735 ad
719 2706 805 2737 Aen.
826 2704 884 2744 ΙΙΙ,
908 2702 977 2738 407
1003 2708 1039 2735 et
1063 2702 1109 2736 al.
1134 2700 1312 2734 Plutarch.
1336 2701 1402 2741 Qu.
1426 2700 1586 2735 Rom.T.
1606 2701 1638 2732 ΙΙ

124 2755 215 2796 Opp.
239 2762 275 2795 p.
299 2752 369 2785 266
394 2749 430 2790 C,
468 2748 527 2781 ubi
555 2752 690 2781 Aeneas
725 2762 799 2783 cum
836 2762 933 2783 sacra
966 2750 1120 2789 faceret,
1158 2746 1338 2781 Diomedis
1365 2758 1508 2779 occursu
1534 2752 1639 2791 caput

123 2797 273 2838 velavit,
306 2796 463 2840 morique
499 2795 649 2827 sollenni
686 2797 743 2840 (dc
769 2808 837 2840 quo
873 2797 917 2829 cf.
943 2799 1027 2829 Aen.
1054 2797 1097 2836 ΙΙ,
1132 2795 1212 2830 403.
1239 2802 1273 2827 et
1298 2793 1396 2835 Not.)
1423 2805 1576 2826 caussam
1602 2799 1639 2825 et

123 2845 293 2889 originem
316 2843 412 2876 fecit.
460 2846 572 2886 Super
596 2842 752 2875 Palladio
777 2855 797 2875 a
831 2843 1000 2875 Diomede
1026 2846 1162 2875 Aeneae
1188 2840 1329 2874 reddito
1355 2840 1462 2873 multa
1497 2852 1539 2872 ex
1571 2851 1637 2872 an-

122 2891 332 2937 tiquioribus
356 2888 559 2922 fabulantur
584 2889 734 2922 seriores
760 2890 905 2923 Graeci:
940 2890 1088 2924 Malelas
1112 2900 1148 2934 p.
1173 2889 1254 2925 207.
1279 2888 1428 2921 cedron.
1449 2887 1570 2931 Comp.
1592 2888 1635 2920 H.

124 2953 157 2984 p.
185 2939 262 2974 135.
286 2938 329 2970 cf.
355 2949 430 2981 sup.
455 2936 596 2972 Excurs.
622 2937 675 2969 IX
699 2937 745 2970 ad
768 2936 832 2970 lib.
857 2938 901 2971 ΙΙ.
