1779 3420
134 252 237 299 330

467 248 521 296 P.
554 246 909 296 VIRGILII
946 242 1323 294 MARONIS

131 373 275 424 Bella
294 372 502 438 forent,
543 372 672 422 nulli
698 381 807 421 tota
826 378 1173 419 morerentur
1198 370 1250 418 in
1273 370 1426 435 urbe,

134 445 220 495 Sic
273 447 503 494 Martem
557 443 919 504 indomitum,

1390 440 1457 490 ad
1526 450 1663 490 tecta

1561 516 1662 564 440

994 443 1318 508 Danaosque

928 512 1132 560 ruentis

133 586 448 647 CernimUS,
488 583 879 647 obsessumque
911 590 1023 631 acta
1041 581 1312 631 testudine
1335 581 1517 634 limen.

129 658 367 705 Haerent
388 654 678 721 parietibus
703 652 871 701 scalae
888 693 901 716 ,
939 661 1233 720 postesque
1255 652 1354 702 sub
1380 653 1524 718 ipsos

129 726 386 777 Nituntur
405 724 679 790 gradibus,
720 723 1034 790 clipeosque
1060 722 1124 772 ad
1150 723 1255 773 tela
1277 723 1498 772 sinistris

129 797 364 846 Protecti
390 795 671 856 obiiciunt,
709 803 965 860 prensant
986 792 1188 858 fastigia
1215 794 1422 845 dextris,

223 913 293 950 440
318 915 389 947 Hic
408 915 462 947 M.
484 920 557 946 tres
575 912 696 946 Heins.
716 924 793 945 cum
812 911 946 945 Zulich.
979 924 998 945 a
1020 925 1063 945 m.
1097 924 1167 946 sec.
1217 912 1330 955 Male,
1352 919 1452 957 puto.
1497 914 1547 946 ad
1565 912 1661 946 bella

127 962 210 997 Exc.
248 962 412 994 Cortiana
441 961 547 994 Saxii.
597 974 666 1006 que
701 971 772 992 non
808 959 899 992 male
943 960 1047 993 abest
1086 972 1106 993 a
1146 960 1255 993 Goth.
1296 967 1378 993 tert.

1475 960 1542 995 441
1581 960 1660 993 alta

127 1010 320 1053 Hamburg.
352 1021 404 1054 pr.
440 1008 555 1052 Bigot.
587 1014 623 1040 et
650 1006 785 1041 Zulich.
836 1007 1042 1040 Parrhasius
1069 1007 1104 1039 in
1138 1019 1246 1051 marg.
1273 1007 1464 1052 scripserat
1492 1016 1579 1042 atra
1609 1008 1658 1050 (f.

127 1068 193 1102 pro
217 1065 323 1097 arta,
349 1053 445 1087 utin
468 1055 554 1089 Silio
578 1067 658 1088 mox
690 1055 867 1088 laudando
897 1054 1056 1087 nonnulli
1084 1054 1243 1099 legunt),
1278 1067 1483 1099 perperam3
1519 1055 1581 1087 sed
1612 1060 1660 1096 et,

127 1112 213 1137 acta
234 1101 474 1148 superscripto
488 1129 497 1144 ‚
524 1112 610 1136 atra
631 1103 755 1146 fragm.
775 1102 891 1136 Vatic.
946 1103 1108 1135 Testado
1126 1102 1271 1147 proprie
1295 1104 1359 1148 agi
1377 1102 1526 1144 dicitur,
1553 1101 1658 1134 etiam

126 1163 201 1184 cum
222 1158 398 1183 scutorum
416 1158 480 1184 est.
532 1151 661 1183 Eadem
680 1149 830 1182 varietas
852 1162 908 1193 ap.
932 1149 1054 1182 Silium
1080 1151 1104 1191 l,
1125 1151 1194 1184 365
1244 1150 1442 1183 condensis
1471 1158 1577 1182 actae
1599 1157 1657 1181 te—

125 1199 289 1231 studinis
307 1199 430 1230 armis.
481 1197 640 1241 (—442.
662 1198 817 1243 postisq.
843 1196 989 1237 Medic.;
1018 1197 1089 1229 vid.
1114 1197 1301 1230 VVunderl.
1325 1196 1479 1229 Praefat.
1511 1209 1545 1240 p.
1576 1197 1656 1229 XII.

132 1246 226 1289 lVr.)
324 1244 393 1280 443
419 1257 462 1278 ac
482 1246 559 1278 tela
576 1245 670 1277 Med.
692 1245 783 1277 Gud.
804 1256 879 1277 cum
898 1244 975 1277 aliis
995 1244 1089 1289 apud
1112 1243 1234 1277 Heius.
1267 1252 1301 1277 et
1330 1244 1443 1283 Pier.;
1479 1243 1518 1276 it.
1549 1243 1656 1276 Goth.

124 1305 200 1337 pr.‚
239 1292 334 1336 quod
354 1304 500 1337 pravum
522 1299 587 1325 est.
638 1291 752 1325 Etiam
782 1292 817 1324 in
853 1292 1028 1325 Servianis
1062 1292 1217 1324 occurrit
1245 1304 1321 1325 cum
1351 1291 1463 1324 altera
1490 1291 1657 1324 lectione.

125 1340 176 1373 ad
205 1347 305 1372 tecta
334 1339 495 1372 nonnulli
522 1339 697 1378 Pieriani.
733 1352 808 1373 cum
840 1340 965 1383 fragm.
998 1340 1114 1373 Vatic.
1150 1338 1392 1383 superscripto
1430 1347 1537 1371 tecta.
1589 1351 1658 1383 que

123 1386 226 1420 abest
245 1393 329 1430 post
347 1387 484 1433 clipeos
511 1387 547 1419 in
577 1394 657 1420 tert.
688 1388 815 1420 Moret.
865 1387 1064 1433 clipeisque
1095 1387 1253 1430 Hugen.;
1296 1386 1386 1418 unde
1412 1385 1534 1418 Heius.
1565 1384 1655 1418 coni.

124 1434 321 1479 clipeisque
342 1434 391 1466 ad
410 1435 487 1467 tela
505 1436 682 1468 sinistras
698 1436 741 1468 P.
761 1448 792 1468 o.
888 1431 959 1468 444
980 1442 1159 1480 pressant
1188 1434 1277 1474 duo,
1313 1440 1349 1466 et
1374 1442 1539 1479 pensant
1565 1432 1655 1466 alter

123 1482 263 1525 Menag.
277 1508 284 1522 ,
311 1481 415 1514 solita
435 1482 669 1515 aberratione.
721 1481 907 1528 dextrisf.
923 1490 1110 1528 prensant
1128 1488 1201 1514 tres
1223 1493 1280 1527 ap.
1303 1482 1418 1514 Burm.

124 1589 176 1627 ad
200 1589 347 1627 Priami
370 1589 536 1628 domum
557 1591 681 1638 saeta,
716 1589 860 1627 domus
918 1590 1075 1627 stadiae
1110 1596 1320 1628 scutorum
1364 1587 1477 1626 haud
1514 1587 1655 1638 dubie,

123 1649 421 1699 expugnatione
461 1655 502 1686 et
544 1649 692 1687 Priami
726 1648 859 1686 caede.

126 1706 207 1743 Ceu
241 1708 357 1744 nulla
381 1708 500 1757 prius
540 1708 745 1754 lamenta,
788 1722 859 1744 neo

122 1765 205 1801 atri
220 1766 466 1801 fiscinas-sent
486 1764 628 1802 imbres
640 1765 792 1803 Statius
808 1765 858 1803 111

123 1820 248 1860 Theb.
271 1825 365 1871 122,
390 1829 580 1860 monente
610 1824 857 1862 Burmanno.

124 1878 263 1932 (Vides
300 1880 501 1932 duplicem
531 1895 688 1934 pugnae
717 1882 860 1920 Troia-

122 1952 271 1976 norum
304 1938 444 1976 faciem
474 1940 517 1977 in
552 1940 621 1990 iis,
662 1953 764 1991 quae
794 1953 859 1977 se—

121 2002 326 2047 quuntur,
367 1997 611 2048 exhibitam,
660 2012 752 2036 cuni
794 1999 859 2036 alii

121 2054 172 2092 ad
197 2055 355 2093 culmen
373 2056 532 2094 aedium
557 2063 597 2094 et
615 2056 763 2095 turrim
784 2057 858 2094 de—

120 2113 386 2163 fendendam,
407 2129 499 2166 pars
521 2114 572 2152 ad
593 2115 697 2153 sores
716 2121 859 2153 tutan-

122 2171 193 2208 das
222 2172 328 2210 vires
360 2178 401 2210 et
435 2173 600 2211 consilia
628 2174 857 2211 convertis-

120 2235 221 2267 sent.
299 2229 435 2268 Altera
491 2245 624 2283 pugna
688 2230 773 2274 458
801 2254 856 2260 —

120 2286 237 2337 468„
269 2289 393 2327 altera
416 2288 675 2332 479—495.
702 2290 856 2328 deseri-

120 2351 200 2396 pta.
240 2346 391 2400 chlz.)

176 2401 273 2443 441.
304 2404 426 2443 Haud
452 2406 565 2443 facile
592 2412 653 2443 est
681 2406 854 2458 speeiem

119 2459 302 2499 locorum
337 2464 512 2514 assequi,
545 2465 702 2514 qualem
734 2472 853 2516 poeta

119 2519 229 2569 apud
271 2521 449 2558 animum
505 2535 623 2559 suum
675 2522 852 2562 finxerit.

120 2576 221 2614 Puta
252 2577 303 2615 ad
336 2579 464 2629 ipsum
508 2579 668 2617 aedium
707 2581 852 2619 Priami

120 2634 275 2673 aditum
295 2636 435 2685 fuisse,
468 2649 488 2673 e
517 2651 628 2675 more
654 2645 850 2688 veterum,

119 2695 257 2730 turrim
279 2694 486 2743 eductam,
519 2709 637 2745 quam
662 2694 746 2737 460
775 2712 850 2735 no—

118 2751 266 2799 minat,
299 2752 420 2802 inque
448 2766 492 2789 ea
519 2753 644 2803 ipsam
676 2761 849 2806 portam,

119 2823 198 2859 qua
241 2809 467 2848 intraretur
510 2810 672 2859 donius3
726 2813 850 2850 turris

118 2866 216 2904 hacc
238 2875 514 2919 oppugnatur,
547 2875 587 2906 et
620 2884 639 2906 a
671 2869 851 2908 Troianis

118 2925 289 2977 desuper
325 2933 617 2978 propugnatur.
684 2926 850 2966 Aditum

117 2984 290 3035 appellat
312 2998 420 3023 nunc
455 2986 589 3022 limen.
656 2986 761 3023 Acta
792 2995 850 3024 te-

918 1651 1200 1702 συνασπισμῷ.
1260 1647 1378 1685 nimis
1412 1648 1518 1685 enim
1556 1646 1653 1683 alie-

916 1719 991 1743 nae
1014 1708 1149 1744 forent
1173 1706 1221 1744 ab
1241 1705 1308 1742 illa
1335 1711 1464 1742 aetate
1496 1703 1653 1743 machi-

917 1777 991 1801 nae
1014 1764 1188 1802 bellicae.
1250 1763 1511 1801 Praeiverant
1543 1762 1653 1800 anti-

916 1823 1075 1872 quiores
1100 1828 1241 1874 poetae
1264 1822 1414 1873 graeei,
1460 1828 1508 1859 ut
1537 1821 1652 1859 eolli—

918 1894 985 1931 gas
1008 1895 1057 1919 ex
1079 1881 1235 1928 Quinto
1261 1881 1341 1919 Cal.
1361 1880 1430 1928 XI,
1451 1881 1534 1921 357
1554 1893 1651 1931 sqq.‚

917 1939 987 1977 ubi
1032 1940 1148 1977 simili
1187 1939 1309 1977 modo
1365 1944 1652 1991 oppugnantur

918 1999 1077 2036 moenia
1107 1998 1250 2035 Troiae
1292 1996 1370 2050 (cs.
1411 2009 1509 2034 mox
1554 1995 1650 2038 443.

918 2055 1034 2110 444).
1094 2056 1191 2095 Mox
1219 2056 1406 2104 haerent,
1449 2055 1492 2092 in
1516 2067 1649 2107 prosa,

917 2114 1104 2153 admotae
1127 2121 1234 2153 sunt.

975 2172 1070 2215 442.
1103 2175 1319 2225 Posse-sque
1341 2170 1413 2210 sul)
1433 2173 1543 2221 ipsos
1561 2171 1648 2207 Ni-

915 2239 1053 2269 lunlw·
1077 2231 1292 2283 gradibus.
1371 2230 1471 2268 Cum
1509 2228 1649 2265 scalae

914 2296 1160 2328 memoratae
1186 2290 1286 2327 sint:
1314 2288 1473 2340 gracias
1489 2286 1562 2324 vix
1582 2286 1647 2323 alii

913 2360 996 2385 esse
1042 2354 1214 2400 possunt
1261 2360 1380 2399 quam
1427 2344 1648 2394 scalarum3

914 2419 986 2458 per
1021 2420 1121 2458 quos
1157 2409 1338 2444 nitantur
1357 2435 1368 2453 ,
1420 2404 1646 2451 enituntur,

910 2474 1046 2515 postes
1064 2464 1137 2503 sul)
1155 2466 1262 2514 ipsos
1278 2494 1287 2512 ,
1324 2462 1557 2515 simpliciter
1570 2491 1580 2511 ,
1604 2460 1646 2498 in

912 2523 1066 2561 foribus
1098 2522 1269 2560 aedium.
1338 2522 1532 2571 Fasligia
1570 2533 1645 2571 pro

911 2581 998 2633 ipso
1038 2587 1146 2619 tecto
1182 2580 1290 2617 dieta
1333 2591 1415 2616 esse
1456 2582 1645 2629 possunt,

913 2646 983 2678 aut
1000 2653 1075 2691 pro
1098 2639 1225 2677 turris
1245 2651 1399 2675 summa
1421 2643 1548 2688 parte.
1589 2636 1643 2672 ita

910 2694 1094 2747 ἐπάλξεις
1125 2704 1173 2735 ut
1199 2709 1432 2743 murorum,
1471 2695 1526 2731 sie
1550 2700 1644 2731 tur-

909 2756 1035 2805 rium,
1067 2762 1175 2794 sunt.
1236 2753 1385 2804 alioqui
1421 2758 1536 2790 erant
1567 2752 1643 2802 fa-

908 2817 1036 2865 stigia
1064 2815 1105 2852 in
1144 2812 1301 2865 templis
1338 2818 1379 2848 et
1419 2810 1577 2862 palatiis
1602 2810 1643 2846 in

910 2872 1043 2910 fronte
1096 2872 1269 2909 aedium.
1340 2869 1478 2907 Voluit
1527 2873 1643 2920 poeta

911 2932 1118 2970 cumulare
1170 2943 1253 2968 uno
1295 2929 1334 2967 in
1377 2928 1466 2965 loco
1508 2927 1643 2979 plures

910 3001 1066 3041 pugnae
1096 2989 1255 3042 species.
1319 2986 1508 3024 obiiciant
1539 2986 1642 3023 sim·-
