1827 3436
377 240 787 290 AENEIDOS
826 241 965 289 Llss.
1005 242 1042 302 1,
1081 247 1371 296 449—458
1529 253 1622 300 157

118 370 360 426 Miratur,
398 365 542 413 videt
566 365 746 414 Iliacas
773 382 833 413 ex
866 362 1057 414 ordine
1088 381 1304 430 pugnas,

116 437 367 501 Bellaque
394 435 496 482 iam
528 433 669 482 fama
698 443 874 483 totum
898 434 1101 497 volgata
1126 452 1224 499 per
1247 436 1452 500 orbem,

116 505 342 567 Atridas,
381 505 788 569 Priamumque,
829 512 881 552 et
915 520 1131 553 saevum
1158 504 1420 556 ambobus
1450 507 1626 556 Achil-

896 572 999 623 len.

186 648 297 695 458.
334 646 622 692 ACHILLEM.

207 782 275 815 457
314 781 497 828 Volgante
527 784 646 825 Sprot.
756 781 825 815 458
862 782 1029 814 Atride-tn
1060 785 1192 815 Seneca
1223 784 1286 828 Ep.
1316 784 1410 823 CIV,
1444 784 1533 816 forte
1567 784 1628 816 ille

115 840 274 867 caussae,
301 828 435 871 inquis,
462 840 563 872 quam
582 828 630 860 ibi
655 826 746 872 agit,
784 828 951 860 servieus.
1001 829 1170 861 Atridam
1200 831 1313 874 Bigot.
1345 837 1379 862 et
1398 832 1561 862 Atridem
1587 843 1628 862 ex

114 879 244 907 Seneca
264 875 375 907 Cerda
396 874 541 918 recepit.
588 875 742 908 Atriden
767 874 869 906 etiam
891 874 1116 919 Cuningham.
1165 878 1234 908 Iam
1258 876 1286 908 si
1317 877 1470 909 rationes
1488 877 1626 909 criticas

114 921 250 958 audias,
275 921 389 953 levior
406 921 474 953 ista
497 927 549 953 est
568 921 775 961 auctoritas,
809 933 911 964 quam
939 928 975 953 ut
1003 922 1035 954 ei
1067 922 1199 966 aliquid
1228 923 1333 955 tribui
1364 923 1486 966 possit.
1535 925 1625 955 Pos-

115 975 193 1000 sunt
214 975 325 1000 tamen
345 969 454 1000 altera
474 980 513 999 ex
532 975 632 1012 parte
652 967 787 1000 librarii
815 967 925 1000 videri
944 969 1142 1012 reposuisse
1169 969 1339 1013 pluralem
1361 971 1515 1002 Atridas
1533 977 1626 1002 tam-

114 1027 214 1059 quam
232 1014 299 1047 sibi
321 1014 513 1053 notiorem3
540 1027 614 1047 cum
636 1026 706 1047 uon
729 1014 905 1054 viderent,
931 1015 1053 1046 durum
1074 1028 1149 1047 esse
1172 1023 1206 1048 et
1227 1016 1399 1058 insolens,
1435 1023 1472 1049 ut
1501 1016 1624 1050 ambo—

115 1061 181 1093 bus
201 1062 245 1093 ad
264 1061 333 1093 tria
354 1062 469 1105 capita
496 1062 687 1101 reseratur,
724 1068 795 1093 tum
819 1061 877 1093 uui
897 1068 1027 1093 tantum
1047 1062 1191 1094 Atridae
1206 1089 1213 1103 ‚
1239 1063 1508 1107 Agamemnoni,
1545 1076 1625 1095 sae—

115 1120 191 1140 vum
217 1108 323 1140 fuisse
358 1108 546 1148 Achillem,
580 1120 650 1140 non
680 1107 828 1152 utrique.
879 1107 1042 1140 Studiose
1072 1115 1186 1141 tamen
1214 1118 1317 1152 poeta
1350 1108 1520 1142 ambobus
1557 1121 1625 1152 po·-

115 1155 223 1186 suisse
242 1154 397 1195 videtur,
424 1167 498 1187 cnm
517 1167 666 1187 saevum
701 1155 849 1200 cuspide
879 1155 1069 1195 Achillem,
1106 1155 1160 1187 vel
1191 1156 1259 1188 alio
1288 1157 1391 1188 modo
1414 1157 1530 1188 dicere
1557 1169 1625 1200 po-

115 1202 249 1234 tuisset.
298 1202 428 1233 Locum
458 1203 596 1233 Homer.
631 1202 753 1245 Odyss.
785 1201 819 1243 δ,
856 1202 1053 1241 335-339,
1086 1202 1199 1256 possit
1221 1203 1342 1246 aliquis
1376 1215 1438 1247 pro
1463 1203 1623 1246 exemplo

114 1247 275 1288 laudare,
301 1261 375 1279 nam
402 1256 434 1280 et
452 1248 499 1279 ibi
521 1247 648 1292 ’νεβροὶ
668 1260 742 1280 eum
763 1254 872 1279 matre
897 1260 999 1279 cerva
1018 1248 1051 1279 in
1076 1246 1306 1292 αμφοτέροις
1335 1249 1485 1293 spectari
1514 1250 1624 1282 videri

115 1303 277 1338 possunt3
303 1295 365 1327 sed
385 1295 545 1327 hinnulos
566 1295 614 1326 ibi
634 1302 736 1338 poela
762 1295 863 1326 binos
882 1306 900 1326 a
931 1302 1039 1326 matre
1069 1295 1211 1328 relictos
1246 1296 1353 1340 ponit.
1388 1298 1442 1340 (Et
1471 1309 1552 1328 sane
1582 1308 1622 1328 eo

172 1390 267 1431 455.
313 1390 528 1437 Αίνίψίγιηι
563 1404 706 1427 malms
736 1389 775 1426 h.
807 1402 838 1427 e.

116 1460 248 1498 opera,
280 1454 317 1484 et
342 1462 502 1497 operum
524 1447 691 1493 labores,
719 1460 839 1498 opera

115 1505 262 1542 afl'abre
281 1505 492 1542 elaborata.
533 1507 633 1541 inter
651 1519 705 1552 se,
742 1504 839 1541 dum

115 1562 217 1600 varii
248 1563 399 1612 generis
441 1568 480 1599 et
518 1562 677 1599 artificii
719 1575 839 1613 opera

115 1629 336 1670 comparat.
374 1618 502 1671 (ariis.
529 1634 673 1656 manus
696 1619 747 1656 ad
771 1633 838 1656 ar—

115 1683 193 1714 tem
211 1678 315 1714 refer
328 1677 410 1714 sive
431 1677 614 1727 pingendi
631 1677 840 1725 rationem,

115 1735 259 1784 cuique
297 1734 441 1772 artifici
470 1735 686 1786 propriam.
736 1735 841 1773 Petr.

115 1793 233 1829 Satir.
259 1795 341 1833 83:
374 1792 600 1840 „Zeuxidos
619 1806 760 1829 manus
776 1792 841 1829 vi—

116 1850 169 1897 di,
191 1849 380 1887 nondum.
392 1851 601 1887 vetustatis
615 1850 759 1887 iniuria
776 1850 841 1887 vi-

115 1910 235 1945 ctas.“
269 1907 371 1945 Add.
403 1910 502 1945 Stat.
526 1907 620 1945 Silv.
651 1908 680 1956 Ι,
710 1911 749 1956 3,
772 1907 839 1948 47.

117 1965 176 2002 Ab
199 1973 282 2002 arte
296 1971 426 2002 autem
451 1965 665 2015 distingues
678 1979 841 2015 opernm

115 2022 308 2069 laborem,
341 2024 389 2060 cf.
409 2025 476 2060 Ge.
497 2023 545 2070 II,
572 2024 662 2064 155.
686 2021 835 2075 ΙΙ”ι·Ιι.)

117 2081 226 2118 Picta
247 2087 379 2118 autem
406 2081 444 2117 in
468 2081 621 2131 pariete
649 2080 766 2117 fuisse
796 2093 841 2117 ea

116 2137 291 2190 putanda
313 2144 420 2186 sunt,
433 2152 605 2188 quorum
628 2151 840 2188 argumen-

115 2202 202 2233 tum
233 2209 328 2232 mox
364 2196 600 2245 exponitur,
633 2209 724 2233 area
754 2195 840 2233 dis-

116 2253 262 2304 pertita
295 2253 337 2290 in
372 2253 505 2303 plures
535 2254 707 2301 areolas,
739 2265 839 2303 quae

115 2310 288 2361 singulae
319 2310 471 2361 singula
502 2317 733 2361 argumenta
771 2324 839 2347 ea-

115 2368 288 2419 piebant.
333 2368 706 2407 Connnemorantur
724 2382 772 2406 ex
794 2368 840 2405 iis

115 2434 277 2475 septem,
313 2425 528 2463 observatu
558 2428 676 2464 etiam
705 2426 839 2477 picto-

116 2496 206 2520 rum
235 2483 398 2533 ingeniis
425 2484 562 2533 digna:
615 2483 665 2537 1)
709 2498 840 2535 pugna

116 2540 382 2578 Troianorum
402 2548 441 2578 et
460 2541 720 2589 Achivorum,
752 2542 840 2579 for—

116 2603 213 2634 tuna
235 2600 357 2636 varia.
390 2599 432 2650 2)
460 2598 582 2636 Rhesi
612 2606 736 2637 noctu
765 2614 841 2650 op-

116 2655 237 2705 pressi
255 2656 404 2693 caedes.
437 2656 479 2708 3)
501 2657 658 2695 Troilus
676 2657 840 2707 fugiens.

115 2710 159 2764 4)
216 2719 495 2751 matronarum
575 2715 841 2752 Troianarutn

115 2782 261 2821 pompa
280 2771 441 2822 peplum
473 2772 513 2809 in
534 2771 705 2810 Palladis
735 2779 841 2809 tem-

115 2826 225 2876 plum
246 2828 561 2880 deportantium.
594 2831 637 2880 5)
662 2830 841 2881 eorporis

115 2883 300 2922 Hectorei
340 2886 548 2925 redemtio.
618 2886 670 2939 6)
709 2901 841 2938 pugna

114 2940 346 2982 Memnonis.
379 2943 422 2997 7)
441 2958 574 2996 pugna
592 2943 841 2983 Amazonum

899 1389 951 1426 ad
979 1389 1151 1429 Troiam.
1214 1388 1295 1442 (Ad
1324 1404 1380 1428 vs.
1404 1390 1499 1431 488.
1527 1390 1624 1428 haee

898 1447 1036 1484 scribit
1068 1447 1296 1485 Wunderl.:
1340 1448 1466 1496 „Cum
1493 1454 1624 1485 cetera

899 1511 1134 1554 argumenta
1171 1518 1241 1541 sua
1273 1505 1460 1555 quodque
1491 1506 1622 1543 areola

896 1562 1102 1613 proposita
1123 1575 1204 1599 esse
1225 1568 1434 1613 putentur,
1459 1578 1536 1600 non
1559 1564 1624 1601 vi-

898 1619 994 1667 deo,
1040 1633 1112 1657 cur
1163 1634 1243 1658 non
1287 1621 1461 1667 Aeneae,
1518 1621 1624 1658 inter

898 1676 1097 1727 principes
1118 1677 1308 1728 pugnanti
1335 1678 1467 1714 areola
1488 1678 1624 1727 singu-

899 1733 992 1771 laris
1019 1734 1255 1784 assignanda
1283 1735 1345 1772 sit.
1405 1735 1622 1784 Maronem,

898 1791 941 1828 in
983 1792 1182 1842 prioribus
1215 1793 1441 1843 prolixum,
1484 1793 1524 1830 in
1562 1792 1622 1830 his

900 1849 1057 1886 (luobus
1089 1863 1145 1887 γε.
1176 1849 1272 1890 488.
1305 1864 1360 1899 sq.
1398 1850 1624 1888 breviorem

899 1919 979 1943 esse
1012 1906 1170 1944 decet.‘⁴
1207 1906 1324 1959 llsr.)
1402 1908 1623 1946 Occurrere

899 1970 1033 2001 autem
1054 1965 1094 2001 in
1113 1964 1294 2015 pluribus
1317 1965 1463 2003 tabulis
1486 1965 1621 2003 Achil-

898 2022 944 2059 lis
963 2035 1133 2072 persona
1159 2022 1307 2070 debuit,
1336 2023 1455 2060 modo
1478 2023 1517 2060 in
1541 2024 1622 2061 acie

898 2093 1090 2130 pugnanS,
1122 2080 1242 2117 modo
1268 2080 1451 2118 Hectoris
1479 2095 1622 2132 eorpus

899 2137 1052 2174 Priamo
1081 2137 1267 2184 reddens,
1298 2138 1418 2175 modo
1444 2139 1622 2176 Troilum

898 2194 1078 2242 caedens,
1110 2195 1229 2233 modo
1250 2195 1513 2242 Memnonem,
1531 2210 1621 2233 nio-

898 2252 949 2289 do
972 2252 1269 2290 Penthesileam.
1329 2254 1383 2289 De
1412 2254 1551 2290 ceteris
1583 2266 1621 2291 v.

898 2311 1064 2347 Exeurs.
1090 2310 1141 2347 ad
1157 2310 1195 2348 h.
1220 2324 1257 2348 v,
1318 2310 1413 2352 458.
1446 2311 1622 2348 &levum

898 2367 1088 2404 ambobus
1117 2368 1342 2413 Aehillem.;
1375 2383 1517 2405 saevas
1545 2368 1621 2405 suit

897 2425 938 2462 in
969 2425 1188 2473 Priamum,
1219 2425 1393 2462 Hectore
1421 2438 1551 2475 caes03
1582 2426 1622 2463 in

900 2482 1232 2533 Agamemnonem
1244 2483 1384 2520 saeviit
1400 2483 1458 2520 ira
1477 2490 1516 2520 et
1527 2497 1621 2534 per-

897 2540 1023 2578 vicaci
1045 2540 1136 2578 odio
1159 2548 1325 2592 propter
1344 2547 1519 2592 creptam
1532 2541 1623 2579 Bri-

899 2598 1066 2635 seidem:
1097 2599 1231 2648 itaque
1267 2612 1428 2636 saevum
1461 2599 1621 2636 omnino

899 2656 1308 2707 accipiam,exquisite
1327 2670 1400 2707 pro
1420 2656 1620 2703 infestum,

899 2714 1060 2751 iratum.
1102 2714 1211 2766 (nam
1243 2729 1387 2751 sacrus
1418 2714 1542 2764 poetis
1574 2713 1622 2750 de

898 2770 1127 2824 iracundo).
1188 2772 1226 2809 Si
1251 2772 1417 2808 Atridas
1435 2778 1543 2808 reete
1564 2770 1622 2807 le-

898 2829 1019 2879 gitur,
1044 2827 1099 2880 (v.
1123 2830 1164 2867 V.
1188 2828 1245 2881 L.)
1267 2828 1457 2866 ambobus
1472 2829 1527 2865 ita
1546 2842 1620 2878 po—

900 2887 1022 2924 situm
1053 2893 1132 2934 est,
1165 2893 1212 2924 ut
1240 2895 1275 2923 et
1307 2887 1397 2923 illos
1432 2894 1467 2922 et
1496 2886 1615 2931 lame,

900 2944 1078 2994 adeoque
1098 2950 1192 2993 tres,
1223 2943 1419 2994 designet,
1450 2942 1519 2980 etsi
1541 2954 1620 2978 non
