1779 3420
119 239 222 288 408
457 227 1074 282 EXCURSUS
1149 228 1318 277 1V**

121 365 275 419 neptis,
316 361 513 402 hactenus
543 360 796 409 Palamedes,
844 370 1057 410 perperam
1091 357 1141 395 ab
1184 370 1231 394 eo
1274 356 1447 405 ductus,
1495 357 1659 394 Belides

122 425 255 463 dictus
286 429 358 461 est.
419 421 599 474 Septimo
630 418 760 471 gradu
800 431 823 454 a
855 416 952 455 Belo
993 415 1187 468 originem
1225 414 1389 453 trahere
1421 415 1522 453 falso
1555 414 1659 453 dici-

121 489 192 522 tur
223 496 246 519 a
275 479 436 519 Lutatio
464 479 516 517 ad
547 477 668 517 Statii
693 475 836 515 Achill.
865 475 894 523 Ι,
926 473 983 516 94
1015 480 1056 512 et
1083 488 1107 512 a
1132 473 1274 514 Servio
1310 473 1362 512 ad
1380 473 1421 512 h.
1439 474 1465 513 l.
1487 472 1584 512 Aen.
1609 473 1659 523 H,

123 543 193 592 81,
221 539 292 579 ubi
322 538 537 592 Apollonio
568 542 734 575 auctore
767 533 813 572 id
842 532 1036 572 traditur.

461 819 1048 880 EXCURSUS
1124 817 1309 875 IV**

189 935 527 982 Palladium
572 953 602 979 ιι
646 935 926 978 Diomede
972 942 1024 978 et
1077 934 1283 992 Ulysse
1337 941 1583 991 raptum.

239 1056 287 1105 II,
322 1053 580 1097 164-168,
620 1053 1143 1105 Tydides—scelerumque
1171 1054 1353 1090 inventor
1379 1052 1535 1099 Ulixes,
1570 1053 1661 1089 Fa-

124 1115 205 1153 tale
234 1114 422 1165 aggressi
449 1121 610 1150 sacralo
645 1112 817 1149 avellere
837 1113 988 1163 templo
1012 1111 1264 1149 Palladium
1280 1140 1290 1158 ,
1325 1112 1455 1147 caesis
1476 1124 1660 1147 summae

123 1171 352 1211 custodibus
378 1173 509 1220 areis,
561 1172 794 1221 Corripuere
823 1184 987 1208 sacram
1009 1169 1193 1222 effigiem
1216 1168 1484 1219 manibusque
1515 1182 1659 1205 cruen-

123 1233 174 1269 tis
215 1231 437 1281 Virgineus
468 1231 563 1267 ausi
591 1231 712 1267 alivae
747 1231 975 1280 contingere
1012 1231 1148 1266 vittas.
1226 1226 1510 1264 Celebritatem
1536 1225 1661 1264 habet

123 1288 203 1328 hoc
231 1287 433 1327 Diomedis
462 1294 503 1326 et
524 1287 675 1340 Ulyssis
697 1286 851 1325 facinus
871 1287 1000 1326 multo
1024 1285 1147 1337 magis
1184 1299 1255 1338 per
1285 1298 1458 1336 gemmas
1490 1285 1661 1323 artificio

123 1347 277 1386 nobiles
306 1359 427 1398 quam
458 1359 531 1399 per
566 1352 719 1399 poetas,
779 1345 956 1384 Diversis
989 1345 1120 1383 modis
1144 1357 1208 1383 res
1239 1343 1288 1381 ab
1313 1343 1360 1381 iis
1390 1349 1450 1381 est
1480 1349 1660 1392 narrata,

123 1404 306 1458 inprimis
338 1404 387 1443 de
412 1405 512 1443 ortis
532 1404 640 1443 inter
668 1410 891 1456 utrumque
921 1404 1014 1454 iris3
1052 1417 1144 1441 cum
1166 1403 1326 1454 Ulysses
1355 1401 1537 1440 Diomedi
1567 1402 1661 1440 Pal-

124 1463 297 1514 ladium,
326 1477 406 1514 quo
433 1463 499 1501 ille
521 1463 602 1502 iam
630 1463 785 1515 potitus
815 1469 926 1512 erat,
968 1462 1122 1514 eripere
1147 1461 1296 1510 vellet;
1338 1466 1429 1499 tum
1462 1473 1561 1498 vero
1593 1459 1662 1498 hic

127 1522 275 1561 stricto
307 1535 398 1559 ense
422 1521 465 1559 in
494 1521 678 1574 Ulyssem
706 1521 853 1571 irruit,
893 1533 1066 1571 eumque
1099 1526 1190 1558 ante
1221 1532 1261 1557 se
1295 1520 1396 1570 agit,
1429 1532 1478 1556 ne
1503 1533 1523 1556 a
1546 1525 1662 1571 tergo

124 1580 289 1620 insidias
320 1580 385 1618 ille
416 1579 682 1619 machinetur.
724 1595 763 1619 v.
792 1581 946 1619 Conon.
975 1579 1092 1618 Narr.
1116 1578 1184 1620 34.
1217 1584 1257 1615 et
1286 1576 1472 1616 Eustath.
1500 1591 1539 1629 p.
1563 1580 1660 1626 822,

129 1641 196 1689 19,
228 1651 301 1691 per
333 1638 559 1691 episodium
587 1645 780 1677 narratur
808 1653 829 1677 a
855 1639 1010 1687 Quinto
1039 1638 1100 1686 X,
1133 1636 1217 1678 350
1251 1650 1308 1687 sq.
1370 1635 1486 1673 Adde
1509 1636 1660 1674 Zenob.

125 1696 169 1735 in
207 1693 447 1750 Διομήδεως
484 1693 668 1751 α’νάγκη,
713 1704 755 1735 et
784 1697 827 1736 in
856 1697 899 1736 h.
935 1711 975 1736 v.
1015 1694 1184 1744 Suidas,
1225 1693 1322 1732 item
1357 1693 1532 1745 Hesych.
1568 1694 1659 1731 ubi:

126 1754 170 1796 Ὁ
197 1752 241 1795 δὲ
264 1752 339 1808 τήν
371 1752 522 1808 μικράν
547 1752 709 1797 Ἰλιάδα
750 1756 824 1805 (sc.
865 1751 1049 1810 γράψας)
1090 1752 1157 1794 ἐπὶ
1199 1755 1273 1805 τῆς
1305 1755 1381 1793 τοῦ
1420 1753 1659 1792 Παλλαδίου

127 1815 285 1865 κλοπῆς
324 1812 517 1867 γενέσθαι
558 1813 628 1867 (se.
666 1813 800 1867 φησί).
872 1816 923 1852 Et
951 1813 1031 1852 hoo
1063 1824 1179 1860 vere;
1217 1825 1310 1848 nam
1348 1810 1390 1848 in
1422 1817 1660 1862 argumento

126 1866 305 1920 Ἰλιάδος
330 1875 476 1925 μικρᾶς
504 1873 612 1924 apud
642 1873 831 1911 Proclum
860 1879 920 1911 est
947 1885 1089 1911 versus
1119 1869 1260 1908 finem:
1301 1868 1370 1909 καὶ
1405 1867 1504 1921 μετοέ
1534 1872 1661 1909 ταῦτα

131 1927 326 1983 (Ulysses)
366 1927 443 1970 σῦν
481 1928 684 1984 Διομήδει
716 1929 761 1972 τό
803 1927 1041 1972 Παλλάδιον
1079 1928 1280 1980 ἐκκομίζει
1322 1927 1365 1968 ἐκ
1408 1930 1482 1978 τῆς
1515 1923 1658 1967 Ἰλίου.

129 1987 316 2040 Virgilius
337 2000 424 2026 rem
444 1995 607 2027 tantum
628 1990 781 2041 attigit,
812 1991 870 2028 ita
890 1996 940 2028 ut
960 2002 1035 2027 nec
1054 1992 1266 2040 appareat,
1308 1999 1428 2036 quem
1450 1999 1501 2023 ex
1527 1986 1659 2038 pluri—

127 2046 206 2084 bus
231 2046 427 2084 narrandi
461 2048 592 2085 modis
634 2055 830 2099 sequutus
867 2048 932 2087 ille
972 2047 1048 2097 sit3
1091 2045 1288 2084 videntur
1321 2057 1371 2081 ex
1410 2044 1493 2082 eius
1526 2051 1661 2082 mente

129 2110 299 2155 uterque
319 2105 518 2157 templum
535 2106 741 2146 Minervae
770 2120 851 2145 esse
879 2107 1080 2159 ingressus
1102 2109 1142 2142 et
1160 2109 1332 2154 uterque
1351 2103 1538 2141 manibus
1560 2118 1659 2141 eon-

128 2169 322 2202 trectasse
353 2163 481 2202 deam.

247 2221 507 2272 Nobilitavit,
543 2228 592 2261 ut
621 2222 728 2272 dixi,
759 2222 939 2260 fabulam
966 2235 1048 2270 ars,
1092 2233 1184 2258 cum
1205 2218 1291 2256 aliis
1318 2219 1531 2271 operibus,
1570 2227 1658 2259 tum

130 2280 305 2319 maxime
330 2281 504 2330 gemmis.
563 2281 799 2320 Praeiverat
827 2279 1024 2333 Pytheas,
1075 2279 1272 2327 caelator,
1321 2278 1447 2316 Plinio
1479 2285 1660 2329 auctore,

131 2338 200 2376 lib.
233 2339 435 2388 XXXIII,
472 2339 540 2382 55.
572 2342 687 2377 cuius
718 2339 836 2377 binae
868 2341 1014 2376 unciae
1052 2338 1104 2376 X.
1136 2338 1369 2375 venierunt.-
1430 2338 1593 2388 Ustes
1623 2346 1660 2374 et

133 2396 354 2434 Diomedes
386 2406 498 2434 erant
526 2399 569 2435 in
597 2398 770 2449 phialae
799 2397 1058 2445 emblemate,
1108 2395 1351 2432 Palladium
1383 2397 1654 2445 sunipienles.

133 2455 238 2491 Sunt
265 2454 511 2505 anaglypha,
551 2454 673 2493 huius
704 2455 953 2506 argumenti,
991 2452 1236 2491 obscurioris
1264 2458 1402 2490 tamen
1432 2454 1580 2500 famae,
1613 2459 1659 2490 ut

133 2510 175 2548 in
205 2511 462 2563 Sarcophago
498 2513 607 2564 apud
639 2514 808 2551 Gorium
846 2512 1028 2562 Inscript.
1058 2512 1215 2548 Etrusc.
1256 2510 1300 2547 T.
1336 2510 1387 2547 Ill
1421 2511 1504 2549 tab.
1535 2513 1590 2552 39
1620 2517 1660 2548 et

135 2569 245 2621 apud
264 2569 508 2607 Buonarroti
539 2570 847 2623 (Os-servazioni
867 2569 1049 2607 isloriclze
1074 2582 1194 2618 sopra
1227 2568 1367 2604 alcuni
1393 2570 1662 2618 *Medaglioni

135 2627 315 2665 antichi:
350 2627 391 2664 in
420 2627 539 2665 titulo
562 2628 724 2681 operis),
760 2628 829 2679 qui
845 2628 1028 2678 Ulyssem
1057 2640 1149 2663 eum
1174 2625 1343 2662 Alcinoo
1372 2625 1555 2664 exhiberi
1579 2641 1659 2678 pu-

135 2685 271 2733 tabat,
302 2684 487 2722 adstante
511 2686 639 2723 Diana
668 2701 759 2724 eum
791 2699 959 2723 ancora:
1008 2684 1278 2735 probabiliora
1312 2683 1441 2731 dicas,
1481 2685 1510 2722 si
1541 2686 1661 2737 Ulys-

135 2755 219 2781 sem
246 2756 338 2781 cum
370 2743 558 2781 Diomede
589 2744 639 2782 de
667 2750 788 2795 raptu
810 2743 975 2781 Palladii
1006 2742 1302 2779 consultantem
1334 2742 1514 2782 exhiberi
1545 2743 1660 2781 (lixe-

135 2801 212 2851 ris3
252 2800 367 2839 navis
398 2802 577 2854 apposita
612 2802 815 2853 Ulyssem,
856 2808 976 2852 puto,
1017 2800 1193 2837 declarat
1230 2812 1280 2836 ex
1309 2801 1474 2838 artificis
1508 2809 1663 2853 111ent05

137 2864 271 2897 statua
301 2865 437 2897 autem
466 2861 699 2898 columellae
728 2859 915 2912 imposita
944 2859 976 2895 ei
1000 2858 1138 2895 similis
1167 2871 1269 2908 quae
1296 2857 1336 2895 in
1357 2860 1521 2911 gemmis
1540 2860 1663 2900 huius

137 2917 360 2969 argumenti
403 2918 605 2967 occurrit,
648 2933 794 2970 parum
834 2931 925 2955 cum
962 2916 1038 2954 fide
1068 2915 1232 2955 reddita
1269 2930 1351 2954 esse
1386 2918 1563 2958 videtur,
1623 2920 1663 2957 Si

138 2975 264 3014 Diana
295 2982 372 3024 est,
407 2976 641 3014 columellae
678 2977 886 3025 insistens,
919 2976 1061 3013 saltem
1098 2988 1235 3013 arcum
1259 2981 1397 3015 tenere
1428 2978 1558 3016 videri
1590 2978 1663 3015 de—
