1811 3388
502 211 625 257 AD
699 208 1133 257 LIBRUM
1203 211 1261 257 ΙΙ
1540 221 1638 265 391

137 338 328 378 Biblc'otli.
353 345 437 375 ant.
463 339 535 375 litt.
559 345 595 374 et
622 345 695 374 art.
729 335 817 374 Vol.
850 334 896 389 1.)
921 335 956 390 *)
1001 337 1239 375 confirmata
1278 344 1373 376 sunt
1400 345 1439 376 et
1471 339 1558 389 illa,
1601 348 1641 380 et

132 396 260 434 multo
282 394 401 445 magis
419 394 610 443 constitit,
645 394 836 444 Qyprium
857 407 1016 432 carmen
1037 393 1102 447 (τοὶ
1127 392 1310 448 Κύπρια)
1332 395 1390 433 ΧΙ
1410 395 1521 434 libris
1541 411 1640 436 con—

131 453 294 500 stitisse3
325 451 439 489 initio
461 451 584 490 ducto
606 465 627 488 a
648 451 751 489 Pelei
773 457 812 488 et
830 451 1012 490 Thetidis
1031 453 1181 504 nuptiis
1200 459 1240 490 et
1259 459 1345 490 orta
1364 453 1458 491 inde
1475 454 1640 494 dearum

130 510 179 548 de
214 509 498 561 pulcritudinis
530 510 762 561 principatu
791 510 1072 559 contentione,
1112 511 1386 548 narrationem
1415 511 1534 550 fuisse
1566 513 1640 550 de-

133 568 295 605 ductam
312 579 437 616 usque
465 567 516 604 ad
547 567 768 605 Palamedis
797 574 992 618 mortem,
1033 574 1074 606 et
1106 568 1156 606 ad
1187 569 1293 606 Iovis
1324 569 1551 619 eonsilium,
1591 578 1640 609 ut

127 624 359 663 subveniret
375 625 576 674 Troianis,
616 624 713 663 dum
745 624 1051 664 abstraheretur
1074 625 1248 664 Achilles
1280 640 1301 663 a
1326 627 1516 665 societate
1546 628 1638 666 belli

125 694 197 734 per
234 681 426 720 seminata
464 682 570 720 inter
609 695 700 720 eum
734 689 774 721 et
809 683 979 721 Atriden
1011 683 1171 722 dissidia
1182 698 1193 733 3
1233 684 1408 736 catalogo
1438 686 1637 724 sociorum

124 739 270 778 Priami
290 739 480 778 subiecto.
546 741 696 778 Auctor
715 740 826 778 varie
848 755 869 777 a
894 741 1014 779 variis
1045 748 1105 779 est
1130 741 1318 780 traditus.
1380 742 1510 781 Fuere
1540 744 1635 782 olim

125 797 191 847 qui
210 797 432 835 Homerum
449 798 671 848 proderent
679 813 689 847 ;
721 804 761 836 et
778 811 869 836 eum
888 798 993 836 filiae
1013 813 1108 837 suae
1140 800 1326 838 Carmina
1356 800 1500 852 Cypria
1531 801 1636 840 dotis

124 854 213 892 loco
240 855 413 903 dedisse,
444 856 576 893 sabula
597 862 656 893 est
674 856 782 907 apud
805 855 1013 894 Aelianum
1035 870 1054 894 e
1078 857 1270 906 Pindaro,
1301 863 1401 909 puta
1432 872 1636 909 gramma-

122 912 202 950 tico
224 913 376 963 aliquo:
410 913 479 951 sed
499 913 656 952 diversa
678 914 720 951 in
742 914 897 966 Cypriis
917 921 958 952 et
977 915 1133 953 dissona
1153 915 1201 952 ab
1219 915 1285 963 iis,
1317 928 1418 965 quae
1435 916 1636 955 Homerus

125 969 174 1008 de
205 970 378 1008 Helenae
415 977 537 1022 raptu
570 971 810 1021 tradiderat,
862 986 1094 1023 occurrere,
1138 973 1217 1010 iam
1247 973 1444 1012 Herodot.
1455 974 1522 1035 ⁴11,
1553 978 1633 1016 117

120 1028 290 1066 monuit.
349 1028 427 1067 Alii
456 1029 576 1067 alium
609 1029 823 1068 ediderunt
848 1036 1068 1069 auctorem.
1097 1045 1136 1069 v.
1167 1030 1312 1069 Athen.
1341 1030 1442 1080 VIII,
1465 1033 1504 1084 Ρ.
1536 1031 1633 1073 334.

121 1085 208 1135 XV,
227 1099 265 1137 p.
289 1087 404 1134 682,
446 1086 611 1124 Proclus
629 1101 690 1138 ap.
713 1087 828 1126 Phot.
849 1088 946 1126 Cod.
968 1091 1065 1136 239,
1082 1089 1244 1126 Salmas.
1265 1088 1315 1126 ad
1336 1088 1460 1129 Solin.
1484 1103 1522 1141 p.
1549 1090 1632 1131 599

122 1140 208 1195 (qui
228 1156 318 1181 eum
339 1143 616 1195 suspicabatur
636 1157 737 1193 esse,
769 1145 837 1195 qui
861 1147 1024 1197 gemino
1048 1146 1198 1184 bellum
1230 1147 1448 1184 Troianum
1484 1147 1635 1184 orditur

119 1200 171 1237 ab
190 1200 279 1253 ovo)
297 1231 305 1247 ,
343 1207 402 1249 et,
433 1201 501 1251 qui
520 1201 714 1240 adversus
733 1216 823 1240 eum
855 1204 1057 1254 disputat,
1099 1204 1227 1255 Ryck.
1261 1204 1309 1241 de
1338 1218 1395 1254 pr.
1426 1204 1514 1242 Ital.
1544 1204 1629 1242 init.

117 1271 156 1308 p.
178 1257 274 1307 446,
297 1258 476 1297 Fabrett.
500 1259 551 1296 ad
573 1260 667 1297 Tab.
695 1260 799 1299 niae„
816 1275 852 1311 p.
871 1263 968 1309 374,
992 1261 1217 1299 Hemsterh.
1247 1261 1296 1299 ad
1318 1261 1466 1299 Polluc.
1488 1263 1539 1310 X,
1563 1262 1629 1309 85,

118 1315 296 1353 Perizon.
321 1316 371 1353 ad
393 1315 544 1354 Aelian.
568 1317 614 1356 V.
636 1317 686 1355 H.
707 1318 774 1366 IX,
805 1317 869 1365 15,
901 1324 940 1355 et
971 1332 1070 1368 quos
1101 1319 1241 1356 laudat
1271 1319 1472 1370 Interpres
1498 1319 1631 1357 Hero-

119 1371 206 1410 doti
225 1372 382 1411 doctiss.
406 1373 499 1412 adl.
521 1388 554 1412 c.
615 1375 693 1412 Sed
714 1376 917 1412 Siai-inum
942 1375 1135 1427 Cyprium
1154 1377 1273 1414 fuisse
1293 1382 1509 1425 auctorem,
1531 1391 1629 1428 pro-

117 1429 286 1468 babilior
318 1437 355 1468 et
386 1432 638 1470 communior
668 1439 727 1469 est
763 1433 968 1470 sententia.
1029 1433 1181 1472 Nomen
1210 1434 1288 1472 hoc
1317 1434 1435 1472 etiam
1461 1433 1629 1472 Scholiis

116 1487 283 1537 Iliada,
308 1488 333 1530 5
356 1488 622 1527 reddendum.
644 1490 737 1530 add.
756 1491 886 1528 Tzetz.
916 1489 1014 1528 Chil.
1043 1491 1148 1540 XIII,
1185 1495 1268 1533 639
1301 1506 1359 1542 sq.
1419 1490 1480 1529 Ab
1509 1491 1629 1530 huius

113 1551 255 1596 poetae
274 1546 403 1597 patria
430 1547 557 1598 GMw-0
582 1561 727 1585 nomen
751 1548 973 1585 carminum
996 1548 1163 1587 ductum
1183 1562 1286 1597 esse,
1318 1550 1358 1586 in
1383 1555 1523 1600 aperto
1555 1556 1625 1587 est.

113 1602 250 1640 Latine
287 1603 433 1654 Cypria
479 1605 657 1642 carmina
695 1605 930 1643 reddiderat
959 1606 1151 1655 Naevius,
1194 1607 1307 1645 euius
1336 1605 1485 1657 Cypria
1523 1609 1627 1645 Ilias

114 1660 307 1698 laudatur
340 1661 488 1707 Carisio
531 1661 592 1714 (v.
634 1662 682 1700 de
718 1675 762 1700 ea
808 1663 1059 1702 Wernsdorf.
1102 1667 1221 1702 poet.
1271 1667 1368 1702 min.
1410 1665 1441 1701 T
1446 1679 1521 1702 om.
1560 1664 1625 1702 IV.

110 1731 149 1770 p.
173 1716 296 1771 572);
327 1732 406 1768 quo
428 1719 514 1770 ipso
537 1720 743 1771 probabile
764 1720 831 1768 fit,
870 1733 956 1758 eam
976 1721 1139 1773 Virgilio
1164 1723 1304 1760 saltem
1321 1723 1464 1760 lectam
1493 1722 1624 1760 fuisse.

112 1775 172 1812 Ex
217 1776 355 1814 eadem
395 1777 500 1815 forte
538 1784 655 1827 sunt,
696 1791 797 1829 quae
840 1780 952 1817 Serv.
993 1779 1045 1817 ad
1084 1779 1182 1818 Aen.
1222 1780 1259 1830 I,
1308 1782 1403 1822 273.
1449 1780 1520 1828 III,
1573 1783 1624 1820 10

110 1833 251 1871 recitat
281 1831 353 1887 **).

202 2005 229 2047 ⁸)
257 2005 453 2048 Repetitum
477 2017 587 2047 nuper
611 2005 693 2037 inde
721 2012 775 2037 est
810 2006 878 2039 hoc
901 2007 1132 2050 fragmentum
1157 2020 1176 2040 a
1202 2007 1378 2051 Tyrwhitt
1402 2008 1446 2040 ad
1473 2007 1618 2041 Aristot.

109 2051 153 2083 de
177 2051 321 2083 Poetica
347 2063 426 2094 pag.
454 2053 531 2086 186.
557 2059 594 2084 at
618 2051 754 2084 mireris
781 2060 1020 2096 argumentum
1039 2054 1156 2087 Iliadis
1182 2066 1308 2098 parvae
1335 2054 1420 2087 ibid.
1446 2066 1526 2099 pag.
1554 2057 1620 2092 189

108 2109 177 2130 non
203 2108 396 2129 memorari.

202 2143 244 2182 ’Ὗ
270 2143 470 2176 Posteriore
494 2143 633 2188 quidem
657 2144 736 2176 loco
774 2146 880 2177 verba
916 2146 1002 2178 haec
1036 2153 1136 2178 sunt:
1172 2148 1341 2187 „Littora
1367 2155 1441 2178 tam
1475 2150 1621 2193 patriae

110 2190 317 2222 lacrimans.
366 2193 476 2223 Amat
498 2198 609 2236 poeta
634 2203 695 2229 ea,
729 2203 821 2235 qaae
846 2192 935 2237 legit
962 2192 1010 2236 (h.
1037 2204 1066 2225 e.
1091 2193 1231 2225 aliunde
1265 2193 1454 2234 mutuatur)
1487 2195 1617 2226 imma-

109 2244 189 2268 tata
214 2237 338 2280 aliqua
359 2245 487 2281 parte,
513 2237 574 2269 vel
592 2239 784 2282 personis,
819 2240 909 2282 ipsis
941 2247 1060 2271 tamen
1098 2238 1238 2277 verbis,
1268 2238 1452 2284 proferre.
1514 2241 1617 2273 ‚Nae-

108 2284 191 2314 vius
215 2284 310 2314 enim
334 2284 474 2314 inducit
501 2296 633 2314 uxores
657 2286 804 2315 Aeneae
829 2293 864 2316 et
888 2286 1073 2317 Anchisae
1106 2298 1183 2317 cam
1216 2286 1377 2318 lacrimis
1409 2287 1519 2318 Iliam
1554 2300 1615 2319 re-

108 2329 314 2373 linquentes
338 2329 395 2361 lus
422 2327 552 2361 verbis.-
579 2329 766 2361 Aniboruxn
794 2342 917 2362 uxores
944 2338 1049 2363 noctu
1076 2331 1232 2364 Troiade
1259 2332 1418 2373 exibant,
1446 2353 1487 2356 —
1515 2334 1615 2377 capi—

106 2374 199 2407 tibus
226 2374 377 2419 opertis,
403 2375 525 2407 flentes
551 2375 691 2413 ambae,
726 2376 893 2409 abeuntes
920 2397 963 2401 —
988 2377 1104 2410 inultis
1131 2391 1205 2411 cum
1230 2378 1392 2411 lacrimis.
1448 2381 1523 2411 Hoc
1547 2382 1616 2412 iste

107 2421 302 2465 (Virgilius)
328 2425 488 2455 Aeneam
514 2422 635 2454 eodem
659 2423 694 2454 in
723 2431 882 2468 tempore
906 2424 1067 2456 eiusdem
1086 2426 1140 2457 rei
1155 2438 1288 2457 caussa
1310 2426 1452 2458 inducit
1467 2425 1614 2470 secisse,

106 2480 185 2500 cam
209 2469 316 2501 dixit:
358 2467 493 2500 Littera
519 2476 587 2500 tum
612 2468 748 2513 patriae
782 2468 964 2502 lacrimans
997 2478 1187 2515 portusque
1220 2472 1392 2516 relinquo.
1424 2474 1520 2516 (Aen.
1556 2474 1614 2514 III,

109 2514 207 2557 lO.)“
233 2515 328 2547 Haec
354 2522 434 2547 sunt
459 2515 571 2548 Servii
596 2516 712 2547 verba.
760 2517 884 2549 Naevii
911 2519 1077 2562 Cypriam
1101 2518 1254 2551 Iliadem
1286 2519 1414 2558 fuisse,
1450 2531 1613 2563 expressa

107 2567 159 2591 est
184 2561 366 2594 auctoritas
392 2561 538 2593 Charisii
567 2561 676 2594 instit.
710 2562 898 2596 Grammat.
924 2564 984 2595 lib.
1012 2565 1036 2604 Ι,
1063 2576 1097 2607 p.
1125 2566 1202 2600 118.
1252 2565 1426 2605 „Naevius
1463 2566 1612 2610 Cypriae

106 2606 232 2639 Iliados
257 2607 318 2639 lib.
350 2610 373 2640 I.
402 2609 537 2640 Collum
562 2621 799 2641 marmoream
825 2611 966 2654 torquis
997 2620 1179 2654 gemmata
1213 2620 1376 2644 coronat.
1388 2615 1406 2630 “
1455 2614 1497 2645 Et
1531 2613 1611 2644 Pri-

106 2652 238 2685 scianus
272 2654 331 2685 lib.
358 2656 403 2687 X.
430 2668 464 2698 p.
489 2656 568 2689 881.
608 2655 746 2687 putsch.
797 2656 971 2695 „Naevius
1004 2657 1039 2689 in
1073 2657 1181 2690 Iliade
1215 2659 1257 2691 11.
1290 2660 1462 2691 Fecunda
1492 2672 1610 2704 pene-

107 2706 182 2730 trat
203 2702 351 2743 penitus
375 2701 608 2745 thalamoque
628 2703 814 2746 potitur.“
864 2704 945 2735 Non
968 2703 1086 2747 itaque
1113 2717 1268 2737 caussam
1298 2705 1459 2737 idoneam
1496 2705 1609 2746 video,

109 2755 167 2776 cur
191 2746 351 2778 accedam
376 2747 505 2779 Voss-io
533 2754 567 2779 et
591 2747 785 2788 Scriverio,
819 2760 963 2792 quorum
999 2750 1058 2782 ille
1084 2751 1128 2783 de
1152 2752 1299 2794 Analog.
1332 2753 1391 2791 ΙΙΙ,
1424 2752 1481 2786 35.
1508 2758 1610 2794 putat

106 2790 236 2831 Laevii,
260 2791 317 2823 hic
339 2798 453 2825 autern
479 2793 512 2825 in
541 2793 659 2825 Raudii
684 2793 868 2827 Amoribus
892 2809 927 2840 p.
952 2796 1022 2832 416
1047 2803 1147 2841 putat
1171 2797 1291 2830 Ninnii
1316 2798 1422 2830 fuisse
1446 2798 1608 2834 Iliadem;

104 2844 137 2868 at
165 2836 214 2868 illi
238 2845 374 2880 patant
398 2839 471 2870 sine
497 2840 727 2881 auctoritate,
758 2841 806 2873 nil
832 2843 983 2885 probant
1005 2843 1127 2876 Laevii
1158 2844 1265 2876 fuisse
1302 2840 1605 2887 ἐρωτοπαίγνιον,

105 2894 122 2913 e
147 2894 215 2925 quo
243 2883 346 2914 lambi
372 2884 528 2924 dimetri,
563 2893 597 2918 et
622 2898 746 2930 poema
772 2889 808 2920 Io
825 2913 833 2927 ‚
868 2900 887 2920 e
910 2901 978 2933 quo
1012 2893 1199 2923 Scazontes
1234 2891 1441 2931 laudantur,
1473 2892 1606 2935 proba-

103 2928 172 2960 bile
197 2930 289 2961 sorte
315 2928 352 2960 fit
380 2942 419 2962 ex
445 2931 547 2964 dictis
573 2945 592 2964 u
617 2933 809 2974 Scriverio;
846 2935 1008 2968 Laevium
1032 2936 1250 2971 hexametros
1274 2937 1476 2982 scripsisse,
1505 2949 1604 2970 nemo
