1779 3420
115 213 217 261 874
416 210 472 260 Ρ.
512 209 874 260 VIRGILII
911 209 1288 259 MARONIS

112 340 311 386 Noctes
332 344 493 402 atque
518 334 631 384 dies
651 344 799 401 patet
829 335 924 384 atri
949 335 1105 385 ianua
1130 337 1293 397 Ditis3

116 406 224 456 Sed
243 423 496 456 revocare
516 405 760 470 gradum,
791 422 1119 471 superasque
1144 406 1371 456 evadere
1394 406 1461 455 ad
1482 423 1647 470 auras,

111 479 230 526 Hoc
283 493 452 544 opm,
502 476 588 525 hic
629 475 784 525 labor
833 484 924 526 est.
1005 476 1197 540 Pauci,
1255 494 1392 545 quos
1446 493 1648 544 aequus

903 546 1097 594 amavit

111 617 378 682 Iuppiter,
419 624 507 665 aut
528 614 721 664 ardens
744 615 913 664 evexit
938 614 1006 663 ad
1031 614 1246 664 aethera
1268 616 1449 680 virtus,

110 687 202 736 Dis
221 686 385 751 geniti
403 694 646 752 potuere.
723 688 937 734 Tenent
957 684 1138 734 media
1162 686 1344 734 omnia
1365 686 1540 749 silvae,

114 758 455 822 Cocytosque
482 756 601 804 sinu
625 754 811 805 labens
832 755 1183 805 circumvenit
1202 764 1330 807 atro,

187 856 299 902 132.
338 850 589 900 COCYTUS

1550 623 1647 668 130

111 979 255 1021 Polite,
279 979 443 1018 Achate,
474 979 628 1024 Tydide.
679 979 894 1022 Quamquam
914 977 973 1023 qui
999 976 1155 1010 lectione
1178 976 1322 1021 Virgilii
1350 975 1504 1009 imbutus
1528 987 1647 1008 aurem

110 1027 327 1070 interrogat,
352 1026 490 1071 plenius
508 1027 591 1071 quid
610 1032 793 1059 sonantem
812 1026 959 1058 sormam
978 1025 1210 1059 Anclzisiczda
1236 1025 1423 1069 probabit3
1458 1035 1560 1067 quam
1588 1022 1647 1056 hio

111 1079 147 1106 et
167 1074 257 1106 infra
286 1074 329 1106 ab
358 1073 498 1118 Heynio
527 1074 724 1106 restitutam
752 1072 850 1105 nolui
880 1078 1037 1114 mutare,
1074 1071 1164 1104 nihil
1192 1083 1315 1105 curans
1345 1071 1549 1111 Horatium,
1587 1070 1647 1114 qui

109 1123 218 1153 Serm.
241 1122 283 1161 11,
305 1121 339 1162 3,
360 1123 439 1156 187.
466 1121 621 1154 ultimam
642 1119 795 1154 vocativi
812 1120 949 1153 Atrida
965 1118 1196 1163 corripuerit3
1222 1119 1291 1154 vid.
1312 1119 1356 1151 K.
1377 1119 1418 1152 L.
1435 1117 1642 1151 Schneider.

109 1169 170 1201 Gr.
200 1169 277 1201 Lat.
312 1169 407 1201 Part.
438 1170 480 1201 II.
515 1169 619 1204 Tom.
649 1169 675 1201 Ι.
703 1181 738 1212 p.
768 1167 825 1202 33.
853 1166 957 1200 Silius
987 1168 1083 1206 XIII⁷
1116 1167 1196 1201 796.
1226 1166 1402 1200 Aeacida.
1436 1166 1534 1206 XVI,
1566 1166 1645 1199 192.

108 1215 343 1249 Dardanida.
382 1216 479 1259 lVr.)
530 1215 601 1249 Alii
642 1214 914 1254 Anclzisiadae‚
957 1214 1214 1247 Anchisiades.
1265 1213 1457 1246 discensus
1486 1218 1557 1244 tres
1585 1223 1643 1255 ap.

108 1264 223 1295 Burm.
273 1265 424 1296 Averno
454 1269 538 1295 nota
570 1262 745 1307 elegantia
775 1274 840 1306 pro
877 1261 927 1295 ad
955 1264 1152 1297 Avernum
1182 1262 1343 1303 reposuit
1372 1259 1535 1292 Heinsius
1568 1270 1645 1291 cum

108 1308 336 1351 melioribus,
372 1309 439 1342 nisi
478 1310 573 1354 quod
612 1312 687 1343 sere
716 1309 867 1342 habent:
903 1312 1055 1342 Averno
1086 1316 1152 1340 est.
1202 1307 1319 1351 Vulgo
1350 1308 1515 1347 Averni,
1550 1306 1645 1351 quod

108 1357 252 1401 vulgare
277 1364 381 1390 esset.
431 1359 575 1391 Averni
594 1366 650 1390 est
675 1357 764 1389 Gud.
800 1368 885 1389 am.
909 1368 977 1389 sec.
1027 1354 1170 1387 Scilicet
1204 1354 1309 1386 etiam
1342 1353 1378 1386 h.
1410 1354 1433 1387 1.
1461 1354 1545 1386 duas
1578 1364 1643 1386 co—

108 1404 222 1437 dicum
242 1404 393 1436 familias
416 1416 604 1447 agnoscas:
632 1406 808 1437 Romanus
828 1402 925 1435 ducit
948 1402 1113 1443 alteram,
1140 1402 1300 1443 Averni,
1336 1401 1419 1444 (hoc
1448 1407 1501 1433 est
1537 1400 1644 1433 etiam

107 1451 142 1484 in
162 1451 270 1484 Palat.
301 1452 396 1494 JVr.)
422 1451 570 1484 alteram
591 1452 791 1492 Mediceus,
817 1450 873 1483 vel
893 1452 945 1490 is,
976 1450 1067 1483 uude
1089 1448 1284 1492 exscriptus
1307 1448 1368 1480 ille
1391 1455 1456 1489 est,
1479 1450 1644 1481 Averno.

107 1499 279 1543 Pompon.
309 1499 390 1532 Sab.
423 1502 622 1541 „Averno,
668 1499 714 1532 ad
740 1502 942 1532 Avernum.
991 1497 1048 1530 Sic
1083 1496 1170 1540 legit
1209 1495 1467 1539 Apronianus.“
1518 1496 1644 1539 (Quam

106 1546 165 1579 hic
188 1545 377 1578 lectionem
396 1545 523 1591 singuli
542 1547 737 1590 praebeant
756 1545 895 1579 codices
909 1571 917 1586 ,
942 1556 1013 1577 non
1032 1543 1118 1577 satis
1139 1549 1289 1576 constat.
1339 1543 1483 1576 Averni
1501 1541 1642 1586 quidem

105 1593 268 1625 videntur
289 1593 493 1638 scripsisse,
520 1594 579 1638 qui
602 1593 821 1626 substantiva
848 1592 1024 1625 nescirent
1046 1590 1223 1623 interdum
1258 1589 1383 1622 eodem
1412 1589 1518 1622 modo
1553 1600 1643 1622 con·-

107 1641 216 1680 strui‚
243 1652 310 1684 quo
334 1640 459 1682 verba,
494 1641 586 1673 unde
615 1641 677 1674 illa
709 1641 815 1680 fiunt;
853 1640 914 1673 cfr.
942 1639 1109 1682 Heusing.
1137 1637 1181 1670 ad
1210 1637 1388 1670 Vechneri
1420 1636 1641 1669 Hellenolex.

106 1700 142 1732 p.
171 1688 252 1722 264.
302 1691 451 1720 Averno
477 1688 582 1720 etiam
617 1689 651 1722 3.
699 1689 861 1721 Auernis
892 1689 947 1721 11.
980 1688 1035 1721 12.
1085 1687 1194 1717 Recte
1223 1690 1339 1716 autem
1370 1692 1425 1717 est
1453 1683 1641 1725 omittitur,

107 1734 171 1767 cfr.
193 1736 235 1775 Q.
255 1735 299 1767 V.
320 1736 402 1775 XV,
425 1735 478 1773 6.;
514 1734 549 1766 in
572 1734 734 1767 Mediceo
763 1735 831 1767 hoc
860 1734 1006 1766 verbum
1037 1731 1080 1765 ab
1116 1731 1229 1764 aliena
1260 1742 1361 1763 manu
1382 1731 1539 1763 additum
1562 1742 1640 1762 esse

106 1782 217 1814 refert
234 1782 382 1825 Foggin.
413 1782 511 1821 lVr.)
598 1783 663 1816 128
687 1782 832 1827 gradus
850 1793 919 1813 sec.
939 1781 1083 1820 Moret.,
1108 1779 1171 1810 sed
1187 1778 1256 1810 vid.
1276 1779 1392 1810 Burm.
1474 1778 1542 1812 130
1567 1790 1639 1809 (ια-

106 1829 199 1861 dens
228 1829 318 1860 alter
351 1829 545 1872 Hamburg.
596 1837 719 1861 avexit:
747 1828 847 1860 Leid.
873 1839 929 1860 un.
978 1828 1015 1859 in
1052 1826 1204 1858 aethera
1231 1825 1367 1869 aliquot
1400 1825 1493 1868 apud
1522 1826 1638 1857 Burm.

107 1878 178 1919 (—
194 1876 245 1908 De
268 1875 468 1919 posteriore
492 1882 593 1919 parte.
614 1888 661 1907 vs.
685 1876 763 1910 131.
788 1881 822 1907 et
843 1875 886 1906 (le
909 1886 956 1906 VS.
982 1874 1058 1907 132.
1080 1872 1179 1912 vide,
1213 1884 1301 1915 quae
1329 1870 1453 1916 scripsi
1476 1872 1510 1903 in
1532 1873 1638 1905 Nota,

110 1923 207 1965 AWr.)
309 1924 375 1957 132
414 1926 567 1966 Cocytos
596 1922 724 1955 Medic.
754 1929 788 1954 et
814 1922 884 1954 alii.
920 1920 997 1965 (sed
1025 1919 1144 1952 nescio
1173 1918 1258 1963 qui?
1292 1925 1435 1963 praeter
1465 1918 1574 1954 Paris.
1605 1920 1639 1953 6.

106 1969 257 2002 Restitui
277 1976 393 2003 tamen
413 1970 581 2002 Graecam
599 1969 904 2009 terminationem,
938 1968 1076 2012 saepius
1100 1967 1252 1999 fortasse
1285 1965 1534 2005 obliteratam3
1568 1965 1638 1999 vid.

105 2018 149 2058 Q.
172 2018 216 2050 V.
239 2019 298 2049 IV.
331 2018 426 2060 Wr.)
476 2018 715 2050 circumvenit
736 2024 815 2062 post
841 2016 993 2048 Pierium
1025 2021 1060 2046 et
1084 2011 1199 2046 Gifan'.
1231 2025 1288 2057 ap.
1324 2013 1439 2046 Guell.
1473 2013 1637 2045 Heinsius

105 2076 124 2096 e
155 2063 360 2096 melioribus
388 2064 548 2096 omnibus
576 2064 735 2108 reposuit
774 2064 916 2108 lateque
947 2061 1121 2095 adstruxit
1158 2060 1339 2103 exemplis.
1388 2061 1488 2093 Adde
1516 2063 1636 2094 Wass.

104 2111 149 2143 ad
169 2111 310 2144 Sallust.
335 2113 408 2155 lug.
431 2113 474 2146 71
496 2118 531 2143 et
549 2111 649 2144 alios.
700 2111 829 2156 Vulgg.
861 2110 1093 2154 circumfluit.
1131 2108 1214 2152 (hoc
1241 2114 1294 2139 est
1327 2107 1362 2139 in
1390 2108 1501 2140 Palat.
1541 2108 1636 2151 lVr.)

103 2158 247 2191 Scilicet
273 2160 534 2191 circumvenire
571 2158 740 2203 exquisita
777 2165 812 2191 et
847 2158 952 2190 docta
985 2156 1122 2189 ratione
1151 2154 1282 2188 dictum
1309 2166 1399 2199 pro,
1436 2155 1636 2195 circumire,

103 2206 350 2247 circumdare,
376 2207 646 2251 circumfluere3
673 2218 762 2251 quae
782 2205 939 2250 vulgaria
959 2204 1065 2237 verba
1086 2209 1177 2236 sunt.

104 2312 232 2364 simpl.
255 2327 329 2364 pro
351 2313 448 2350 locis
466 2313 628 2364 inferis3
661 2327 743 2351 non
775 2313 839 2350 la-

104 2384 195 2418 cus,
228 2377 275 2408 ut
295 2371 365 2409 inf.
388 2374 471 2413 237
492 2385 591 2422 seq.‚
622 2372 691 2410 sed
720 2377 768 2409 ut
797 2371 840 2408 in

103 2425 275 2482 Ἀχέρων
297 2429 510 2477 δυςέξοδος
536 2430 601 2469 vel
630 2427 838 2479 οἷνέξοδος.

103 2486 185 2524 vid.
221 2487 351 2525 Ursin.
383 2493 423 2525 et
457 2488 527 2526 rel.

102 2546 182 2581 atri
207 2546 335 2582 ianua
355 2546 467 2582 Dilis
483 2562 494 2582 .·
528 2559 688 2583 accessu
712 2546 839 2583 libero

102 2607 144 2638 et
165 2602 368 2653 expedito.
430 2603 556 2641 Simili
575 2603 716 2652 modo,
749 2604 838 2640 die—

101 2659 176 2698 bus
196 2659 241 2697 iis
255 2689 264 2707 ‚
286 2660 431 2709 quibus
450 2661 590 2699 februa
612 2669 652 2698 et
673 2661 837 2699 inseriae

102 2717 177 2756 diis
199 2717 337 2755 inseris
360 2718 509 2756 fiebant
523 2749 533 2767 ‚
559 2719 732 2756 mundas
749 2734 836 2768 pa-

100 2785 177 2814 tere
210 2776 433 2826 antiquitus
464 2777 616 2814 dictus:
658 2776 835 2814 Maerob.

101 2834 130 2884 I,
159 2837 211 2876 16
236 2848 256 2872 e
275 2834 479 2873 Varrone:
522 2834 709 2871 Mundus
743 2848 835 2871 cum

94 2901 213 2943 patet
229 2922 240 2941 ‚
297 2893 459 2930 deorum
505 2894 678 2929 tn'sn'nm
715 2900 836 2943 alque

99 2951 318 3001 inferorum
363 2951 485 3003 quasi
536 2952 663 2988 ianua
702 2957 830 3001 patet.

901 2314 996 2353 129.
1027 2310 1147 2348 Pauci
1176 2306 1308 2362 ἥρωες
1341 2309 1561 2361 διογενεῖς,
1603 2307 1636 2344 si

897 2369 1047 2408 fuerint
1060 2371 1271 2419 θεοφιλεῖς
1288 2372 1328 2404 et
1341 2362 1633 2419 καλοκᾶγαθοί.

899 2427 1150 2466 Sententiam
1204 2438 1398 2464 versuum
1455 2427 1537 2466 126
1575 2437 1633 2474 sq.

603 2491 696 2529 127.
725 2495 840 2538 patet
885 2487 1039 2538 facilis
1069 2486 1278 2523 descensus
1299 2485 1354 2521 A.
1388 2483 1634 2533 interpreta-

902 2551 970 2583 tur
1004 2546 1152 2581 Seneca
1186 2542 1305 2579 Here.
1342 2542 1421 2579 sur.
1461 2541 1543 2582 675
1575 2553 1631 2589 sq.

897 2617 1083 2654 aequus,
1125 2600 1327 2652 propitius
1374 2598 1414 2636 11.
1456 2598 1481 2635 l.
1532 2596 1632 2649 (vid.

896 2659 1113 2698 Weichert.
1136 2659 1290 2695 Poetar.
1320 2656 1404 2694 Lat.
1436 2655 1563 2706 Reliq.
1592 2669 1631 2707 p.

895 2718 962 2759 24.
982 2717 1074 2754 Not.
1111 2713 1230 2768 Wr.)

955 2778 1048 2816 131.
1079 2775 1207 2811 silvae
1236 2776 1478 2810 memoratae
1512 2776 1631 2808 tene—

894 2833 1059 2869 brarum
1087 2838 1127 2869 et
1149 2831 1326 2882 caliginis
1349 2828 1632 2880 significandae

895 2904 1054 2939 caussa3
1080 2890 1201 2928 ducta
1223 2889 1390 2941 imagine
1412 2888 1460 2925 ab
1479 2886 1630 2926 Averni

895 2949 1004 2987 lacus
1023 2949 1124 2987 situ:
1147 2962 1234 3000 sup.
1259 2950 1341 2990 118
1357 2949 1441 2986 laci
1458 2947 1625 2984 Averni.
