1779 3420
66 183 163 231 198
386 178 443 227 P.
488 173 849 226 VIRGILII
896 170 1271 221 MARONIS

62 309 204 356 Dant
239 302 429 354 famuli
455 301 708 353 manibus
742 296 1010 378 lympha3‚
1050 299 1422 361 Cereremque
1454 292 1596 342 cani-

863 377 981 417 Strls

63 444 395 512 Expediunt‚
433 442 712 508 tonsisque
736 438 922 489 ferunt
943 436 1197 487 mantelia
1223 434 1364 485 villis.

163 588 230 623 701
258 590 361 620 Dant
380 580 699 629 manibusfamuli
721 580 849 614 Medic.
875 579 948 625 (hic
970 578 1108 624 utique:
1136 581 1238 611 Dant
1265 574 1506 621 m.famulae)
1525 574 1602 607 Gu-

69 635 192 668 dianus
224 646 301 669 cum
331 633 376 666 al.
407 630 571 677 optimis;
606 629 689 662 item
721 630 920 670 Romanus,
946 627 1108 671 Longob.
1135 625 1265 669 aliique
1293 621 1467 663 Pieriani;
1512 621 1603 654 adde

70 694 158 728 quos
185 680 444 725 Cuninghamus
482 677 617 711 laudat.
675 675 868 720 Vulgatum
907 674 1066 708 ordinem
1093 672 1283 706 retinuisse
1310 670 1434 703 Heius.
1464 668 1605 703 videtur

70 729 240 763 Prisciani
270 725 482 762 auctoritate
517 730 645 757 motus.
683 724 732 766 (d.
751 722 846 769 fam.
877 735 972 755 man.
1010 721 1034 755 l.
1060 720 1165 753 etiam
1197 719 1307 752 Palat.
1333 717 1430 762 Lips.
1460 723 1532 760 utq.
1569 722 1606 748 et

70 778 218 811 membr.
239 773 420 813 Brunckii3
446 773 482 805 d.
501 770 705 817 man.sam.
725 771 748 804 l.
769 770 879 803 Paris.
906 771 939 805 3.
965 776 1000 801 et
1021 770 1055 803 8.
1081 781 1157 802 cum
1184 766 1339 811 Sangall.
1387 762 1606 797 Memorabi—

72 825 115 857 lis
136 831 190 857 est
209 823 317 857 lectio
330 819 503 868 famulae
526 831 545 852 a
567 818 740 862 Fogginio
764 817 942 859 exhibita,
972 816 1016 849 ab
1043 814 1191 848 Heinsio
1223 826 1292 846 non
1322 817 1606 846 commemorata.

74 874 120 906 Et
138 872 231 918 apud
261 872 449 903 Homerum
475 873 551 900 tum
576 864 757 910 κήρυκες,
791 865 856 898 Od.
888 866 913 906 1,
949 865 1041 905 147„
1078 870 1149 895 tum
1188 860 1333 905 δμωαί,
1369 859 1433 892 od.
1462 860 1489 901 1,
1527 859 1606 894 136.

74 920 151 961 VIl,
190 919 280 960 172„
322 926 444 960 aquam
474 914 520 947 ad
549 926 669 946 manus
710 912 879 945 lavandas
910 911 1121 944 ministrant.
1170 909 1272 954 Apud
1307 909 1484 941 Romanos
1520 918 1608 951 quae

75 966 293 1001 consuetudo
323 961 539 1003 obtinuerit,
564 973 635 994 non
663 972 728 1006 pro
758 966 856 993 certo
891 958 1155 997 affirmaverim3
1189 968 1311 989 servos
1336 962 1452 988 tamen
1484 965 1609 998 nquam

75 1014 121 1048 ad
140 1014 232 1046 hunc
256 1023 353 1045 usum
378 1008 578 1042 ministrare
597 1008 703 1041 video
725 1007 818 1053 apud
837 1008 978 1040 Petron.
998 1018 1074 1050 cap.
1096 1007 1154 1040 31.
1203 1008 1318 1048 Atque
1343 1015 1383 1035 ea
1398 1001 1517 1043 lectio,
1542 1000 1609 1034 nisi

77 1073 96 1095 e
112 1073 161 1094 vs.
180 1060 261 1095 703.
286 1065 364 1091 orta
385 1055 498 1089 videri
516 1056 651 1101 possit,
676 1054 881 1099 recipienda
901 1055 1016 1093 foret3
1040 1052 1207 1086 facillime
1231 1051 1323 1084 enim
1351 1051 1385 1082 in
1414 1050 1480 1082 hac
1508 1060 1608 1082 com-

78 1108 257 1153 positione
273 1104 446 1152 famulae
469 1104 639 1150 lymphas
657 1114 762 1135 sonus
784 1101 965 1146 proximae
987 1100 1143 1145 syllabae
1163 1098 1330 1142 decipere
1360 1097 1476 1142 potuit
1495 1097 1610 1129 libra-

77 1156 169 1195 rios;
204 1154 275 1187 vid.
306 1153 351 1185 V.
377 1152 418 1183 L.
449 1151 494 1183 ad
526 1163 575 1183 VS.
609 1149 686 1184 104.
744 1149 815 1182 Sed
847 1148 915 1181 etsi
946 1147 1087 1180 codices
1126 1144 1419 1192 praestantissimi
1449 1152 1610 1177 auctores

79 1208 178 1243 sunt,
206 1209 261 1241 ut,
286 1198 375 1232 nihil
398 1197 545 1230 reveriti
569 1194 613 1231 τὸ
638 1193 888 1240 κακόφωνοι),
916 1196 951 1227 in
979 1206 1048 1239 quo
1077 1195 1228 1226 fortasse
1261 1204 1364 1225 causa
1391 1191 1610 1225 traiectionis

78 1249 187 1291 latet,
204 1247 346 1294 famuli
365 1245 555 1291 lymphas,
582 1245 651 1277 hoc
672 1243 817 1285 ordine,
847 1242 1059 1282 scribamus,
1083 1241 1180 1286 quod
1199 1240 1286 1273 fecit
1305 1238 1457 1281 Iahnius,
1482 1246 1611 1279 tamen,

79 1308 150 1330 non
172 1307 240 1340 quo
266 1292 446 1327 Prisciano
476 1298 610 1324 tantum
640 1291 815 1332 tribuam,
849 1290 913 1323 sed
940 1289 1021 1334 quia
1052 1289 1103 1328 is,
1136 1300 1239 1333 quem
1262 1286 1446 1328 Heinsius,
1482 1288 1612 1327 Burni„

80 1343 239 1388 Heynius
259 1346 505 1380 servaverunt,
530 1338 700 1371 naturalis
719 1338 907 1370 verborum
936 1337 1025 1370 ordo
1048 1336 1206 1375 videtur,
1241 1333 1339 1367 nolui
1365 1346 1442 1366 eum
1466 1341 1612 1366 mutare.

85 1391 181 1434 Wr.)
231 1393 334 1423 Dant
357 1385 393 1434 f.
425 1387 596 1432 lymphas
629 1384 801 1418 manibus
832 1385 957 1417 Hamb.
988 1396 1042 1429 pr.
1080 1384 1132 1428 (et
1158 1382 1238 1416 Alb.
1272 1381 1368 1423 lVr.)
1430 1381 1614 1427 lympham

80 1439 206 1472 Hamb.
227 1449 296 1470 sec.
393 1435 465 1469 702
484 1435 607 1466 tunsis
630 1433 758 1465 Medic.
809 1432 987 1466 mantelia
1018 1431 1138 1464 Heius.
1167 1436 1250 1476 post
1272 1429 1424 1462 Pieriam
1454 1441 1529 1461 cum
1548 1441 1613 1460 ve—

81 1486 218 1519 tustiss.
247 1486 347 1517 Rom.
381 1480 510 1514 Medic.
532 1480 692 1525 aliisque.
743 1480 928 1513 mantillia
953 1479 1017 1511 Ed.
1047 1480 1137 1511 Ven.
1187 1477 1305 1521 Vulgo
1327 1477 1508 1509 mantilia.
1550 1476 1615 1519 (sic

84 1534 189 1566 etiam
210 1533 244 1567 3.
261 1530 295 1565 4.
317 1530 350 1564 9.
384 1528 478 1570 ΙΓν.)
513 1540 545 1560 v.
578 1529 707 1571 Georg.
732 1529 793 1566 IV.
818 1528 899 1562 377.
936 1527 986 1571 (In
1014 1526 1138 1559 Medic.
1174 1524 1288 1569 primo
1312 1523 1481 1569 scriptum
1503 1524 1616 1557 fuerat

84 1580 273 1620 mantilia,
299 1576 362 1610 sed
380 1578 444 1610 Ge.
461 1577 522 1617 IV,
547 1576 628 1611 377.
649 1575 838 1608 mantelia.
868 1574 964 1618 lVr.)

85 1710 244 1738 mensae
264 1696 305 1734 in
325 1703 417 1735 toro
438 1695 553 1744 Dido,
586 1708 676 1733 cum
696 1693 820 1731 falsus

86 1758 198 1797 Iulus
217 1755 397 1793 advenit.
438 1755 604 1792 Aulam
631 1759 727 1791 sunt
747 1764 819 1790 ve-

87 1823 168 1855 stes
196 1814 413 1866 stragulae:
444 1827 483 1851 v.
515 1815 613 1861 639,
642 1810 822 1863 spondae

89 1881 128 1913 et
156 1879 251 1912 toro
288 1873 480 1921 iniectae3
519 1876 560 1908 et
608 1869 822 1908 subiicitur

88 1932 259 1984 sponda.
300 1930 388 1969 Alia
408 1935 503 1968 sunt
522 1928 659 1967 aulaea
678 1928 820 1978 Georg.

89 1991 157 2041 ΙΙΙ,
178 1990 246 2032 25.
278 1988 409 2028 Cerda
428 2002 520 2027 cum
548 1986 634 2024 aliis
653 1986 703 2025 de
724 1985 823 2024 velis

90 2047 286 2103 appensiS,
320 2060 420 2099 quae
454 2045 617 2099 proprie
642 2045 823 2090 aulaea,-

91 2115 138 2147 ut
164 2107 304 2146 Horat.
322 2106 356 2144 ΙΙ
376 2107 457 2144 Sat.
479 2107 518 2153 8,
544 2102 611 2147 54.
636 2103 710 2141 sub
732 2101 826 2153 qui—

91 2168 167 2205 bus
192 2171 308 2204 torus
335 2165 419 2202 eius
449 2162 669 2203 collocatus
693 2160 827 2200 suerit.

96 2250 147 2256 —
188 2239 228 2262 se
265 2224 518 2274 composuit,
567 2220 708 2272 pulcre
750 2232 826 2271 pro

95 2282 289 2321 consedit.
324 2282 481 2333 sponda
506 2293 633 2317 aurea
655 2279 828 2329 iungen-

96 2341 206 2389 dum,
240 2352 287 2377 ne
307 2339 463 2391 sponda
488 2337 596 2376 nude
616 2335 667 2375 sit
686 2337 826 2389 posita.

97 2397 293 2452 (Eandem
338 2397 539 2449 synizesin
581 2396 701 2433 etiam
741 2394 826 2443 VII,

100 2459 192 2499 190.
213 2455 424 2493 admissam
449 2460 655 2503 statuunt,
686 2460 726 2491 et
748 2468 828 2490 (ηι-

96 2529 160 2554 reo
180 2521 300 2565 atque
319 2516 453 2551 aureis
473 2513 680 2563 aliquoties
698 2511 828 2563 bisyl-

98 2573 186 2612 laba
216 2577 311 2610 sunt
337 2571 445 2623 apud
473 2571 694 2622 Virgilium,
726 2583 831 2608 sem-

98 2645 170 2684 per
189 2637 325 2669 tamen
344 2630 385 2667 in
404 2635 587 2667 extremo
607 2643 727 2667 versu
746 2628 829 2666 col-

98 2691 251 2737 locata,
284 2701 385 2738 quae
409 2693 465 2724 cst
486 2688 649 2740 propria
673 2688 832 2739 synize—

102 2761 188 2786 seos
218 2746 352 2795 sedes,
393 2747 456 2784 cui
492 2753 621 2782 lamen
656 2745 832 2783 etiamin

100 2806 229 2859 prima
261 2804 353 2842 sede
384 2803 516 2842 locum
552 2817 646 2850 esse,
686 2805 833 2855 probat

102 2864 198 2903 Aen.
224 2862 296 2911 VI,
327 2864 447 2904 280:
483 2862 724 2912 „Pei-reique
751 2864 833 2900 Eu..

101 2921 307 2961 menidum
327 2919 534 2962 tl1ala111i,·‘
558 2919 659 2958 adde
679 2922 747 2959 Ge.
770 2921 832 2967 IV,

880 1693 976 1735 243.
1010 1692 1107 1731 Aen·
1136 1691 1230 1741 VII,
1259 1693 1376 1733 609..
1417 1692 1616 1740 „Centum

880 1751 985 1789 aerei
1025 1750 1224 1789 claudunt
1270 1752 1453 1787 vectes.“
1499 1749 1612 1803 Wr.)

880 1810 997 1849 Dicta
1030 1815 1166 1847 autem
1193 1808 1351 1859 sponda
1378 1808 1617 1859 exquisitius

881 1882 1003 1920 quam
1020 1869 1162 1906 lectus
1180 1866 1437 1918 mediamque
1453 1868 1618 1916 locauit,

879 1928 989 1966 inter
1019 1926 1196 1965 Aeneam
1231 1930 1272 1962 et
1301 1925 1446 1963 falsum
1473 1925 1618 1974 Iulum,

881 1986 924 2024 in
944 1985 1142 2034 triclinio,
1175 1983 1302 2021 aiunt.
1363 1983 1529 2036 Copiose
1550 1997 1621 2021 ex·-

882 2045 1024 2097 planat
1036 2042 1177 2081 Cerda.
1212 2042 1345 2080 Verba
1370 2047 1505 2079 tamen
1522 2047 1619 2080 tan-

883 2109 970 2141 tum
990 2102 1070 2140 hoc
1095 2099 1378 2152 suppeditant:
1410 2113 1498 2138 eam
1518 2114 1620 2138 con—

885 2161 1032 2200 sedisse
1063 2161 1104 2198 in
1136 2160 1264 2208 lecto,
1304 2165 1342 2196 et
1373 2159 1551 2196 mediam
1580 2170 1621 2196 se

885 2221 1036 2259 locavit
1066 2217 1118 2256 ad
1157 2218 1361 2270 poeticum
1395 2230 1621 2255 sermonem

884 2277 1156 2318 referendum.
1216 2277 1322 2314 Sunt
1347 2288 1506 2327 quoque
1526 2289 1622 2314 mox

887 2337 999 2375 sedes
1011 2335 1282 2374 Troianorum
1298 2334 1492 2373 diversae.
1524 2335 1622 2377 699.

889 2399 985 2438 700.
1025 2394 1164 2433 Strato
1197 2402 1320 2442 oslro,
1369 2406 1489 2444 super
1532 2398 1623 2430 toro

887 2465 1093 2507 purpurea
1113 2457 1237 2501 veste,
1270 2451 1458 2502 stragula,
1481 2455 1624 2490 strato.

891 2513 941 2550 cf.
965 2513 1063 2553 639.

950 2573 1048 2612 701.
1074 2570 1171 2609 702.
1208 2571 1299 2619 (qne
1332 2588 1379 2594 —
1413 2581 1506 2618 que,
1540 2566 1564 2604 i.
1592 2579 1625 2606 e.

892 2630 1037 2667 alii—
1056 2627 1157 2672 alii5
1191 2624 1274 2663 vid.
1293 2624 1343 2673 Q.
1357 2624 1402 2662 V.
1419 2624 1627 2672 XXXHH,

896 2691 931 2728 1.
992 2685 1057 2723 Sic
1076 2689 1262 2736 apparet,
1294 2697 1377 2721 non
1400 2695 1496 2731 esse,
1518 2681 1629 2732 quod

893 2745 1066 2797 cuipiam
1095 2742 1225 2781 videri
1262 2741 1408 2793 possit,
1459 2754 1628 2792 perver-

892 2818 982 2842 sum
995 2801 1286 2840 sententiarum
1302 2799 1500 2839 ordinem.
1517 2800 1586 2838 JV
1581 2797 1628 2850 r.)

895 2865 998 2900 Post
1028 2859 1272 2897 discubitum
1302 2857 1380 2896 hoe
1414 2857 1503 2895 loco
1538 2855 1630 2909 (etsi

895 2934 977 2958 non
997 2931 1164 2971 semper,
1186 2916 1296 2968 quod
1318 2917 1451 2968 Intpp.
1475 2915 1633 2964 volunt,
