1779 3420
76 256 180 306 342
406 254 462 304 P.
501 250 868 304 VIRGILII
902 249 1281 300 MARONIS

77 380 176 430 Hic
202 379 471 444 PriamUS,
511 394 845 447 quamquam
877 378 932 426 in
967 376 1151 426 media
1185 378 1291 426 iam
1328 384 1510 427 morte
1538 385 1620 427 te-

874 456 1051 511 netur,

80 526 205 574 Non
228 530 413 570 tamen
440 519 722 583 abstinuit,
757 534 860 567 nec
881 519 1001 568 voci
1026 519 1247 584 iraeque
1270 518 1529 584 pepercit.

82 597 150 644 At
173 592 269 642 tibi
292 608 393 658 pro
418 590 647 652 scelere,
687 588 970 653 exclamat,
1007 605 1108 655 pro
1132 588 1326 637 talibus
1345 588 1496 652 ausis,
1519 591 1623 641 535

81 664 174 726 Di,
216 664 256 711 si
282 680 386 729 qua
410 670 490 711 est
513 661 669 711 coelo
695 661 890 726 pietas,
930 675 1068 726 quae
1093 658 1214 708 talia
1244 668 1409 722 curet,

83 732 399 784 Persolvant
421 741 595 797 grates
621 731 828 796 dignas,
870 738 922 779 et
943 731 1183 796 praemia
1204 728 1438 778 reddant

84 805 301 867 Debita,
342 804 432 870 qui
459 804 567 852 nati
599 818 782 852 coram
805 817 896 849 me
921 817 1145 850 cernere
1167 799 1340 849 letum

85 875 302 935 Fecisti,
342 882 395 923 et
418 875 618 940 patrios
641 871 873 922 foedasti
896 869 1092 920 funere
1116 869 1305 921 voltus

88 951 155 996 At
180 962 294 994 non
319 944 438 1008 ille,
477 954 651 994 satum
677 960 785 1011 quo
808 951 860 992 te
881 942 1128 992 mentiris
1145 983 1157 1005 ,
1196 939 1432 992 Achilles

1524 944 1628 994 540

184 1086 255 1122 533
280 1088 317 1119 [η
345 1086 446 1119 deest
472 1099 542 1120 sec.
560 1070 702 1129 Menag.
724 1085 919 1128 Hamburg.
941 1097 1010 1117 sce.
1032 1092 1067 1118 et
1082 1084 1258 1125 Parrhas„
1284 1085 1380 1129 quod
1409 1090 1444 1116 et
1464 1084 1542 1130 ipse
1563 1085 1630 1118 ab-

91 1146 168 1167 esse
185 1132 312 1166 malim.
340 1136 391 1178 (at
409 1134 478 1167 vid.
500 1136 543 1175 Q.
560 1135 603 1167 V.
627 1134 740 1174 XIIII,
764 1133 800 1175 5,
825 1146 854 1166 0.
885 1132 981 1176 lVr.)
1016 1133 1136 1165 media
1156 1134 1228 1165 iam
1248 1133 1287 1165 in
1306 1144 1357 1175 pr.
1382 1132 1525 1174 Morem,
1550 1132 1632 1166 vide

91 1194 167 1226 sup.
188 1182 268 1216 508.

91 1228 217 1262 Hamb.

91 1276 191 1309 Leid.
232 1284 289 1308 esc
309 1278 432 1322 pietas
457 1277 559 1309 coelo

365 1182 435 1217 535
457 1186 513 1215 Ac
540 1180 606 1214 tihi
633 1181 687 1214 ed.
712 1182 806 1213 ven.

866 1183 915 1212 Ec
936 1188 962 1212 t.
992 1181 1102 1213 Voss.

313 1229 384 1264 536
409 1230 443 1262 si
466 1242 539 1274 qua
565 1229 666 1262 coelo
693 1228 810 1272 Bigot.
860 1228 894 1260 si
932 1240 1005 1272 qua
1032 1227 1133 1260 coelo
1165 1235 1221 1259 est
1252 1226 1399 1260 Dorvill.

587 1290 619 1322 q.
640 1284 664 1309 t.
694 1283 814 1308 curat.
839 1276 978 1318 Menag.
1014 1287 1066 1320 pr.
1103 1282 1235 1307 curent
1254 1274 1382 1307 Medic.
1409 1280 1446 1306 et
1468 1275 1632 1308 Parrhas.

1165 1192 1237 1225 pro
1271 1180 1408 1211 scelere
1438 1188 1546 1213 tanto
1577 1192 1632 1224 pr.

1460 1229 1497 1260 in
1531 1228 1633 1261 coelo

91 1325 162 1360 539
179 1322 214 1370 f
240 1323 396 1356 vulnere
416 1337 449 1357 ν.
472 1325 563 1358 Ven.
584 1323 747 1356 Parthas.
770 1335 839 1355 sce.
863 1323 990 1354 Hamb.
1021 1329 1057 1355 et
1077 1321 1187 1355 Goth.
1211 1334 1264 1366 pr.
1314 1323 1499 1367 sanguine
1520 1322 1635 1367 Bigot.

94 1385 113 1404 a
131 1384 176 1403 m.
192 1383 245 1415 pr.
268 1371 416 1404 Dorvill.
440 1378 474 1404 et
492 1371 620 1413 Wall„
645 1370 767 1415 (etiam
785 1370 864 1403 Alb.
888 1370 986 1413 lVr.)
1014 1382 1102 1414 quae
1134 1369 1314 1402 sollennes
1346 1375 1426 1402 suut
1447 1375 1507 1402 aut
1527 1370 1634 1403 aber-

94 1419 250 1452 ratioues
270 1425 330 1451 aut
350 1418 657 1463 interpolationes·
707 1418 887 1450 Posterius
920 1417 1062 1462 quidem
1085 1429 1157 1449 non
1189 1416 1382 1460 displicere
1408 1416 1512 1449 video
1543 1419 1635 1450 Bur-

95 1478 222 1499 manno
242 1466 287 1499 ad
308 1466 505 1511 Antholog.
526 1468 608 1501 Vet.
629 1466 710 1499 Lat.
730 1478 810 1511 pag.
833 1466 916 1505 338,
942 1477 1018 1505 nec,
1044 1465 1140 1509 quod
1163 1464 1208 1497 ad
1230 1476 1369 1497 sensum
1391 1464 1533 1505 attinet,
1559 1464 1637 1498 dis-

96 1513 247 1554 sentiam
272 1512 473 1560 sedsunus
492 1514 586 1546 haud
607 1512 713 1546 dubie
739 1512 947 1557 exquisitius
972 1519 1151 1556 poetaque
1182 1511 1335 1555 digniuS.
1383 1513 1541 1554 Fecisti,
1562 1524 1638 1559 pa-

97 1560 238 1608 triosf.
259 1569 297 1595 et
316 1573 349 1594 v.
370 1573 439 1594 sec.
456 1562 588 1594 Moret.
639 1560 766 1594 vultos
782 1559 912 1594 Medic.
934 1571 1000 1606 pro
1020 1560 1154 1602 volcas,
1183 1571 1215 1592 v.
1238 1559 1361 1593 Heius.

99 1617 135 1642 te
157 1610 247 1653 Reg.

101 1728 177 1753 nus
203 1714 414 1764 illaturus,
447 1722 486 1753 et
512 1715 595 1754 iam
624 1716 664 1754 in
694 1728 740 1754 eo
765 1721 838 1764 est,

103 1779 149 1812 ut
170 1786 261 1811 eum
279 1773 450 1825 attingat
470 1773 605 1813 hasta:
637 1787 729 1812 cum
758 1774 839 1812 Po-

102 1833 193 1870 lites
215 1845 235 1869 e
266 1832 435 1871 vulnere
455 1839 619 1885 accepto
649 1832 839 1871 concidit.

106 1889 234 1943 (Haeo
279 1905 374 1928 cam
414 1892 568 1929 Polites
590 1914 646 1919 -—
668 1891 843 1928 concidit

106 1949 248 1987 omissa
271 1949 419 1988 malim.
455 1946 572 2005 llsr.)
614 1949 659 1988 In
683 1951 780 1992 531.
803 1952 843 1990 2.

106 2007 308 2045 miseratio
341 2008 392 2045 ad
427 2022 630 2046 summum
659 2008 847 2046 affectum

108 2065 308 2104 adducta:
354 2066 462 2116 quod
498 2066 676 2106 concidit
706 2066 773 2105 ille
806 2066 849 2104 in

108 2131 325 2177 parentum
350 2131 583 2178 conspectu.

178 2183 261 2225 533
281 2183 453 2226 —543.
522 2182 666 2222 Media
713 2191 851 2233 morte,

110 2242 312 2294 praesenti
335 2242 477 2280 mortis
495 2242 690 2295 periculo.
721 2241 849 2279 absa·-

111 2302 200 2337 ηιιίί
213 2300 423 2351 exquisite,
437 2301 638 2339 continuit
651 2313 703 2339 se.
750 2300 848 2342 536.

109 2359 245 2408 pielas
261 2389 270 2407 ‚
306 2356 397 2407 ὅπις
417 2363 555 2409 θεῶν,
597 2358 637 2397 11.
659 2358 685 2397 l.
709 2371 850 2410 respe-

115 2421 204 2453 ctus
239 2430 285 2454 ac
313 2417 515 2456 miseratio
544 2418 648 2466 eius,
691 2417 761 2467 qui
784 2416 850 2454 in·-

117 2473 235 2525 digna
254 2475 424 2526 patitur.
482 2485 621 2527 ,gt-ales
641 2474 682 2514 11.
703 2475 729 2513 l.
750 2487 851 2527 poe-

117 2546 188 2570 na:
215 2538 255 2569 et
284 2534 340 2571 sic
364 2536 553 2584 praemia
586 2533 854 2585 frequentius.

113 2593 273 2641 patrios
308 2591 493 2642 foedasti
516 2592 669 2643 sunere
699 2592 850 2639 vallus,

118 2648 362 2700 gravissimis
390 2649 523 2688 verbis
551 2655 592 2687 et
613 2649 743 2687 atroci
762 2662 856 2701 spe-

121 2708 278 2745 ctaculo
312 2707 635 2746 accommodatis.
696 2708 754 2744 Re
785 2707 855 2744 fu-

122 2766 237 2803 nebri
262 2766 391 2817 pollui
412 2772 452 2803 et
481 2764 750 2804 contaminari
776 2763 856 2803 ho-

122 2824 270 2873 mines,
301 2824 484 2875 religiosa
502 2830 590 2862 erat
627 2823 786 2875 opinio,
817 2829 858 2861 et

123 2882 315 2935 adsperso
370 2883 474 2932 eius,
538 2882 607 2934 qui
661 2882 856 2931 caeditur,

125 2954 270 2980 cruore
325 2941 538 2991 Ioedatur‚
603 2946 856 2990 cruentatur,

125 2999 278 3051 aliquis.
310 2998 350 3038 h.
372 2999 397 3038 l.
419 3000 493 3052 ipsi
516 3000 662 3049 tullus,
694 3005 856 3038 tantum

1435 1558 1507 1596 540
1525 1573 1549 1593 α
1567 1572 1639 1606 qao

899 1728 983 1753 non
1007 1714 1190 1766 adspersi
1217 1720 1258 1753 et
1278 1713 1547 1752 contaminati
1557 1713 1641 1766 sa-

898 1788 1012 1823 nere,
1053 1773 1197 1823 caede,
1238 1772 1441 1824 sanguine.
1490 1770 1642 1827 (sanas

900 1845 973 1884 per
1010 1831 1187 1871 cadaver
1217 1832 1517 1883 interpretatur
1546 1834 1642 1870 Ser-

902 1889 1022 1944 vius.)
1096 1891 1245 1929 Furma
1284 1903 1427 1929 versus
1473 1889 1558 1933 540
1588 1889 1644 1928 At

902 1963 983 1987 non
1014 1949 1083 1987 ille
1115 1963 1199 2000 sqq.
1234 1949 1468 1987 illustratur
1496 1949 1644 1987 aBur-

906 2021 1056 2046 manno
1084 2008 1135 2046 ad
1168 2007 1333 2046 Anthol.
1362 2008 1473 2045 Poet.
1497 2008 1584 2045 Lat.
1605 2021 1643 2059 p.

908 2068 1004 2108 338.
1045 2068 1088 2104 in
1121 2067 1231 2104 llos-[e
1256 2066 1496 2117 exquisitius
1524 2080 1646 2117 quam

908 2126 951 2162 ιή
968 2124 1133 2164 hostem.
1166 2139 1204 2163 v.
1240 2125 1444 2163 Drakenb.
1479 2124 1531 2162 ad
1560 2124 1644 2162 Liv.

909 2183 1106 2232 XXVIII,
1138 2183 1215 2233 43,
1249 2186 1287 2225 8.
1325 2182 1578 2236 (Heusinger.
1607 2188 1648 2220 et

907 2241 1034 2280 Beier.
1067 2242 1119 2280 ad
1142 2243 1219 2280 Cic.
1243 2242 1389 2290 011111,
1425 2244 1489 2283 18.
1526 2239 1647 2294 lVr.)

908 2301 1088 2353 Respicit
1114 2307 1251 2339 autem
1283 2300 1493 2339 redditum
1532 2299 1646 2338 Pria-

910 2373 976 2397 mo
1004 2360 1180 2398 cadaver
1204 2359 1390 2398 Hectoris
1410 2358 1523 2396 Iliad.
1543 2363 1647 2395 extr.

911 2418 1222 2470 izarastclemque
1240 2419 1451 2469 supplicae,
1472 2413 1518 2459 τό
1535 2413 1650 2457 ’ὅσιον

911 2478 985 2527 τῆς
1006 2476 1189 2524 ἱκετείας,
1210 2476 1470 2514 sanctitatem
1492 2474 1651 2527 suppli-

914 2533 989 2582 cis,
1021 2548 1115 2571 nam
1149 2534 1199 2572 de
1233 2534 1318 2582 fide
1347 2534 1511 2586 proprie
1542 2533 1652 2572 dicta

915 2597 953 2628 et
977 2592 1148 2644 supplici
1172 2592 1268 2630 data
1292 2591 1334 2630 h.
1350 2593 1376 2630 l.
1399 2592 1460 2644 agi
1491 2591 1652 2643 nequit:

915 2649 986 2687 sed
1013 2650 1193 2698 estficles
1222 2664 1342 2700 quam
1371 2650 1545 2702 supplex
1574 2649 1653 2687 ha-

914 2708 984 2745 bet
1011 2708 1052 2745 in
1077 2708 1270 2758 religione
1302 2708 1411 2756 eius,
1457 2708 1522 2746 cui
1554 2721 1654 2761 sup-

915 2766 1009 2817 plex
1029 2766 1085 2804 fit.
1148 2767 1252 2804 Tum
1274 2766 1447 2817 supplex
1467 2766 1655 2815 infidem

916 2825 1092 2862 alic-ains
1135 2823 1175 2862 h.
1220 2838 1251 2862 e.
1301 2825 1471 2862 tutelam
1518 2826 1655 2864 venit:

916 2882 1088 2921 debetur
1129 2884 1266 2934 itaque
1315 2883 1349 2920 ei
1386 2883 1654 2922 incolumitas.

916 2940 950 2978 N
956 2955 1035 2979 unc
1072 2942 1185 2989 fides
1213 2948 1275 2980 est
1300 2941 1371 2990 id,
1413 2942 1524 2993 quod
1554 2942 1657 2980 alter

916 3000 1013 3038 facit
1046 3006 1115 3040 aut
1145 3001 1276 3039 facere
1307 2999 1446 3051 debet,
1489 3006 1657 3053 propter
