1827 3436
447 231 1169 280 ADLIBRUMI
1460 239 1557 285 255

50 367 148 404 simo
188 364 255 402 illo
293 375 413 401 versu
452 360 500 398 de
542 359 693 398 Helena
729 358 875 410 Odyss.
908 355 1301 407 6‚121.122’En
1338 357 1377 401 δ’
1414 360 1559 416 ΓΕλ.ε’νη

49 418 255 496 θαλάμοιο
288 416 475 466 θυώδεος
516 413 756 471 ὕψορόφοιο
784 414 993 465 ”Ηλυθεν,
1048 412 1248 469 Ἀρτέμιδι
1276 417 1561 484 χρυσηλακατῳ

51 482 183 523 εἰκυῖα
210 479 348 527 latent,
381 482 421 514 et
450 475 597 528 OdySS.
639 477 677 523 ζ,
726 477 800 515 101
837 488 921 526 sqq.
958 477 1059 535 Τῇσι
1100 472 1143 514 δὲ
1173 471 1388 515 Ναυσικαα
1418 477 1562 518 λευκώ-

50 542 164 585 λενος
192 534 334 589 ἤρχετο
369 536 540 587 μολπῆς.
613 533 690 584 Οίη
723 527 765 572 δ’
786 529 976 599 ’Ἄρτεμις
1007 536 1084 572 εἰσι
1121 527 1215 571 κατ’
1249 529 1391 586 οὔρεος
1422 533 1563 586 ἰοχέαι·

49 613 122 648 oa,
163 590 223 633 ”H
261 610 363 634 κατα
406 588 608 644 Τηΰγετον
652 605 922 643 περιμηκετον
968 586 996 642 ἢ
1036 585 1298 642 Ἐρυμανθον
1333 591 1563 645 Τερπομὲνη

48 649 241 705 κάπροισι
271 667 339 691 και
369 645 517 719 ωκείῃς
553 644 764 699 ἐλαφοισι,
823 649 928 704 Τηδε
959 643 1012 687 θ’
1050 645 1133 699 α’μα
1173 643 1370 700 Νύμφαι,
1419 652 1564 703 κοῦραι

49 707 150 757 Διος
172 704 403 761 Αἰγιόχοιο,
442 701 685 774 Ἀγρονόμοι
714 706 916 754 παίζουσι,
946 704 1097 759 γέγηθε
1118 704 1162 746 δέ
1197 721 1237 745 τε
1268 704 1399 757 φρένα
1424 704 1563 759 Λητώ.

52 763 232 807 Πασαων
273 763 315 807 δ’
351 763 454 817 ὕπερ
491 761 565 818 ἥγε
597 780 702 816 καρη
736 763 826 833 ε’χειι
842 760 915 815 ἠδὲ
952 764 1135 814 μέτωπα,
1168 758 1268 803 Ῥεῖά
1295 759 1334 803 τ’
1361 759 1563 817 α’ριγνώτη

49 824 231 873 πέλεται,
279 822 402 865 καλαὶ
452 822 496 863 δέ
539 837 579 862 τε
617 824 758 862 πᾶσαι.
817 819 897 870 Ὼς
931 816 1004 873 ἥγ’
1047 816 1315 873 αμφιπόλοισι
1349 820 1564 874 μετέπρεπε

47 881 257 936 παρθένος
291 877 437 934 ἀδμής
507 880 550 917 ln
592 893 670 931 qua
709 879 931 917 Homemm
973 892 1064 916 cum
1100 878 1263 929 Viroilio
1304 879 1563 918 contulerunt

47 941 124 979 viri
155 939 286 988 docti,
326 939 465 990 iniquo
498 939 582 976 sere
611 937 783 986 iudicio,
834 951 926 975 cum
954 937 1075 975 modo
1108 936 1151 974 in
1173 909 1352 987 &singulis
1381 938 1562 989 partibus

47 997 282 1048 haererent,
325 1004 365 1035 et
397 1010 446 1035 ex
475 995 700 1033 accessoriis
728 995 849 1033 rebus
881 995 964 1033 vim
998 994 1124 1032 totius
1152 995 1461 1046 comparationis
1490 996 1562 1033 ‹le-

47 1055 236 1105 finirent,
287 1055 409 1093 modo
449 1054 611 1092 alterius
637 1059 778 1105 poetae
817 1066 932 1091 caeco
964 1065 1098 1091 amore
1128 1066 1286 1090 omnem
1317 1052 1477 1090 laudem
1510 1052 1561 1091 ad

48 1127 159 1163 eum,
193 1120 397 1152 contemto
426 1113 576 1161 altero,
604 1110 825 1149 traherent.
892 1111 1067 1159 Probus,
1098 1110 1216 1148 etiam
1245 1110 1463 1161 Pomponio
1487 1113 1561 1148 Sa-

47 1172 144 1210 bino
174 1172 225 1210 ad
260 1171 300 1210 h.
327 1172 352 1210 l.
381 1171 594 1218 laudatus,
634 1168 741 1221 apud
772 1168 870 1207 Gell.
898 1169 967 1218 IX,
996 1171 1022 1210 9
1045 1170 1112 1220 (cf.
1143 1168 1317 1206 Macrob.
1336 1169 1371 1207 V
1395 1170 1476 1206 Sat.
1508 1171 1558 1209 13

48 1236 89 1267 et
120 1228 189 1283 14)
213 1230 320 1267 nillil
345 1229 570 1281 quidquam
591 1236 676 1264 tam
702 1229 942 1277 improspere
979 1227 1202 1277 Wrgilium
1230 1226 1284 1264 ait
1315 1241 1361 1263 ex
1382 1228 1559 1263 Homero

47 1290 207 1326 vertisse
227 1310 285 1316 —
303 1300 420 1337 quem
453 1287 585 1323 locun]
615 1285 670 1322 ibi
703 1284 795 1322 vide
828 1291 867 1322 et
894 1284 1074 1336 expende
1101 1284 1357 1322 Grammatici
1387 1297 1558 1334 pravum

48 1359 230 1383 acumen.
298 1345 399 1382 Nam
437 1343 590 1394 singula
627 1343 806 1380 refellere
842 1356 921 1379 non
959 1348 1090 1379 vacat.
1149 1342 1298 1379 Contra
1337 1342 1410 1379 Iul.
1449 1342 1557 1379 Caes.

47 1403 221 1454 Scaliger
249 1403 290 1440 in
318 1402 476 1440 Poetice
506 1402 553 1450 V,
585 1404 609 1442 3
638 1414 676 1452 p.
702 1402 786 1441 219
820 1400 1075 1451 Virgilianos
1104 1414 1238 1437 versus
1275 1414 1302 1437 a
1344 1401 1554 1450 magistro,

49 1463 288 1498 Homericos
318 1475 408 1499 vero
438 1474 464 1497 a
496 1459 692 1508 discipulo
721 1457 918 1508 confectos
955 1456 1166 1494 ostendere
1205 1457 1306 1495 vult.
1366 1457 1443 1494 Sed
1473 1463 1558 1494 erat

48 1532 226 1557 summus
247 1518 318 1556 Vir
352 1518 517 1556 omnino
553 1516 730 1554 Homero
761 1515 949 1565 iniquior.
1009 1515 1184 1552 Probum
1219 1515 1283 1552 vel
1317 1515 1556 1565 Scaligerum

47 1577 348 1629 exsciipserunt
378 1575 441 1614 vel
472 1574 630 1625 sequuti
657 1579 752 1611 sunt
782 1572 944 1624 plurimi
974 1572 1060 1620 alii,
1101 1573 1217 1610 etiam
1245 1585 1374 1623 nuper
1402 1572 1557 1610 Marto-
1596 1589 1598 1591 ·

46 1635 170 1672 1ellus
201 1633 259 1687 (in
293 1635 359 1684 gli
393 1632 567 1670 Lahoiez'
605 1631 766 1668 secundi
801 1630 1005 1668 Abilalori
1039 1630 1084 1666 cli
1162 1631 1290 1680 apoli
1322 1644 1409 1681 pao.
1442 1629 1555 1682 405)-

46 1692 168 1731 Nobis
196 1691 380 1743 quidem,
412 1696 458 1728 ut
482 1690 522 1728 in
552 1689 659 1738 aliis,
689 1688 846 1726 inventi
872 1687 1055 1735 laudem,
1095 1700 1194 1737 quae
1220 1686 1331 1724 haud
1353 1687 1472 1725 dubie
1500 1694 1559 1725 est

46 1750 195 1799 maior,
228 1750 450 1798 Homerus,
481 1746 644 1786 maio1is
669 1752 836 1784 ornatus
859 1744 1244 1783 c0111me11d·1tione1n
1273 1744 1420 1783 habeie
1440 1745 1557 1783 vide-

49 1814 120 1847 tur
148 1780 357 1859 Virgiliu83
400 1812 440 1844 et
477 1819 558 1843 esse
590 1804 631 1842 in
662 1810 854 1855 utroque,
907 1803 1017 1853 quod
1044 1802 1210 1854 probes,
1254 1803 1364 1854 quod
1390 1803 1557 1841 mireris.

52 1866 208 1904 Clzoros
235 1865 386 1917 egregie
417 1862 624 1902 substituit
651 1862 863 1913 Virgilius,
895 1875 986 1899 cum
1014 1861 1212 1898 Homerus
1243 1861 1375 1898 lusum
1405 1874 1557 1898 memo—

46 1930 128 1963 ret:
159 1925 370 1972 παίζουσι,
403 1922 535 1972 quod,
567 1920 639 1958 etsi
669 1928 708 1958 et
734 1920 864 1971 ipsum
893 1919 942 1956 de
973 1918 1129 1957 choreis
1158 1932 1202 1956 ac
1236 1919 1446 1956 saltatione
1477 1919 1556 1955 sol-

46 1982 184 2030 lenne,
216 1988 264 2019 ut
292 1995 330 2019 v.
359 1994 391 2019 c.
425 1980 569 2032 Odyss.
601 1983 646 2026 θ,
682 1979 777 2019 250.
809 1978 884 2019 251
931 1974 988 2028 (et
1019 1977 1154 2028 paullo
1183 1982 1275 2013 ante
1303 1974 1437 2028 μολπή
1461 1990 1557 2013 can-

47 2046 112 2078 tus
152 2053 243 2077 cum
283 2038 507 2077 saltatione.
557 2051 597 2075 v.
625 2037 768 2074 Graev.
798 2036 905 2074 Lect.
937 2034 1099 2073 Hesiod.
1131 2048 1164 2072 e.
1195 2032 1285 2085 19);
1330 2034 1399 2071 vix
1424 2040 1556 2072 tamen

46 2097 269 2146 Homerus,
302 2110 402 2148 quae
432 2096 514 2133 eius
540 2094 665 2133 verba
694 2099 809 2142 sunt,
849 2092 924 2130 alia
957 2092 1005 2129 de
1034 2106 1076 2130 re
1104 2105 1222 2141 quam
1254 2091 1302 2128 de
1329 2092 1481 2128 incessu
1518 2097 1557 2128 et

48 2155 375 2194 discursitatione
410 2153 644 2192 venantium
683 2151 857 2202 cogitare
889 2150 1032 2202 potuit.
1095 2149 1269 2187 variavit
1304 2149 1436 2198 itaque
1462 2149 1555 2186 vir-

46 2213 160 2265 gilius
183 2227 294 2262 rem,
335 2219 374 2250 et
402 2212 532 2250 multo
555 2209 864 2262 splendidiorem
884 2207 1053 2260 speciem
1086 2206 1270 2244 exhibuit
1296 2202 1554 2257 χορευούσας,

45 2285 129 2310 non
152 2271 442 2319 discuirentes,
472 2267 690 2333 Nymphas.

162 2330 406 2381 Vituperant
443 2334 578 2365 tamen
615 2326 656 2363 in
697 2324 861 2362 Marone
900 2321 1043 2359 choros
1081 2320 1248 2368 Dianae,
1300 2319 1394 2357 deae
1431 2333 1555 2357 vena-

46 2387 481 2436 t1ici‚t1ibutos,et
510 2384 713 2438 piaeferre
752 2381 945 2420 hactenus
977 2379 1099 2431 possis
1129 2378 1288 2423 Silium,
1331 2378 1397 2428 qni
1437 2377 1477 2415 in
1513 2389 1556 2415 ie

47 2446 256 2484 venatoria
286 2444 461 2484 substitit
497 2444 539 2481 in
569 2442 657 2480 loco
697 2453 717 2477 e
756 2445 895 2477 nostro
931 2449 1117 2488 expresso
1148 2436 1213 2473 lib.
1245 2435 1331 2483 XV,
1356 2438 1438 2476 772
1472 2448 1554 2485 sqq.

55 2504 132 2553 Ut,
166 2517 258 2541 eum
286 2512 434 2541 aenam
463 2503 591 2539 <saltus
621 2506 771 2537 exerc-et
800 2510 946 2547 opacos·
966 2495 1257 2545 D1ctjnna‚et
1287 2465 1416 2529 [nieme
1430 2507 1554 2542 pta(-

47 2534 132 2599 bet,
141 2562 373 2612 spec-(acula
407 2562 552 2606 matti,
597 2558 683 2595 Aut
712 2556 844 2594 Pindi
871 2566 1030 2591 nemora
1061 2552 1284 2597 cxc-utiam,
1326 2559 1396 2586 aut
1427 2552 1554 2587 Mae-

47 2620 146 2657 nala
175 2620 374 2667 lustrans,
413 2618 553 2656 Omnis
586 2614 806 2653 Naiadum
826 2612 960 2662 phnis
982 2611 1171 2646 comitata
1195 2607 1395 2658 pharetris
1425 2607 1555 2644 Turba

49 2678 156 2725 ruit,
215 2678 462 2727 striduntque
503 2690 548 2712 sa
549 2672 724 2724 gitltsert
761 2671 904 2720 coryli:
937 2688 991 2696 -—
1022 2666 1193 2702 emullat
1233 2673 1373 2701 ιωίιοε
1413 2666 1555 2701 monlis·

51 2735 225 2772 Graiam
244 2736 493 2786 perlustrans
516 2731 640 2769 oculis
661 2729 841 2767 Latonia
860 2725 1084 2776 praedam.-
1110 2743 1167 2751 —
1197 2727 1265 2758 aut
1296 2721 1401 2758 illam
1433 2722 1554 2759 Clau—

48 2791 157 2830 diani
188 2793 235 2830 R.
267 2792 308 2831 Ρ
339 2792 387 2839 II,
420 2791 620 2837 62—70,
651 2780 1141 2825 ubiAmazo11u111‹·.0l10rs·
1164 2785 1419 2816 memoratui.
1469 2779 1554 2816 Sci-

46 2849 136 2888 licet
166 2864 248 2888 non
278 2849 494 2887 meminere
522 2846 601 2885 viri
632 2844 761 2891 docti,
807 2855 897 2879 cum
929 2838 1114 2887 antiqu01
1119 2851 1184 2875 um
1207 2836 1414 2874 hominum
1445 2848 1554 2873 moie

45 2907 218 2946 solennis
250 2907 291 2946 in
325 2906 558 2945 solennibus
588 2902 698 2942 festis
725 2906 765 2938 et
790 2896 989 2937 samifieiis
1013 2900 1113 2932 esset
1132 2894 1291 2931 saltatio
1311 2907 1401 2931 cum
1421 2899 1553 2940 cantu,

45 2965 258 3005 traductas
291 2977 375 3003 esse
404 2964 593 3012 choreas,
632 2966 681 2999 ut
712 2958 787 2996 alia
818 2956 921 2996 vitae
951 2953 1148 2991 humanae
1176 2950 1343 3003 gaudia,
1383 2951 1434 2988 ad
1457 2951 1553 2988 bea-
