1779 3420
115 219 218 267 946
449 217 504 266 Ρ.
542 216 906 268 VIRGILII
952 217 1325 270 MARONIS

114 343 214 392 Hic
239 338 537 392 thalamum
561 343 749 393 invasit
779 353 932 393 natae
958 345 1263 411 vetitosque
1291 344 1654 409 hymenaeo&

115 414 241 464 Ausi
271 430 464 463 omnes
488 414 706 463 inmane
736 414 911 479 nefas,
951 432 1189 482 ausoque
1213 415 1381 482 potiti.

186 513 303 561 623.
338 522 674 558 HYMENAEOS.

115 638 178 660 nas
204 626 240 660 iu
267 629 358 660 Orco
383 626 539 659 luentem
565 623 840 657 introduxerit.“
888 623 1021 657 Firmat
1046 624 1134 658 haec
1159 626 1224 660 Vir
1248 626 1402 660 Doctiss.
1438 626 1652 661 testimoniis

113 673 246 707 Lucani
270 675 331 715 IV,
355 674 424 709 820
444 685 520 717 sqq.
551 671 694 715 eiusque
719 670 948 704 Scholiastar.
977 671 1021 704 ad
1046 672 1082 704 h.
1110 672 1134 705 l.
1162 679 1197 705 et
1223 673 1268 705 ad
1292 673 1316 712 1,
1350 675 1446 717 269„
1482 681 1557 707 tum
1592 675 1652 706 Ci-

113 721 252 755 ceronis
277 720 434 765 Philipp.
461 721 501 761 11,
529 721 586 754 ΞΟ.
612 720 670 752 21.
694 719 752 753 37
778 719 836 755 ΙΙΙ
861 720 894 752 4.
921 720 965 759 V,
990 725 1024 752 4.
1050 720 1129 762 XII,
1155 721 1188 755 5.
1224 720 1329 753 Dion.
1355 722 1450 754 Cass.
1484 722 1580 762 XLI,
1617 722 1651 756 3.

113 770 254 813 Itaque,
279 767 309 799 si
334 780 416 800 vera
441 773 538 807 sunt,
565 777 621 810 qu
613 777 653 798 ie
679 777 785 810 supra
810 765 1010 809 disputavi,
1036 765 1105 799 hoc
1131 767 1347 800 tenebimus·
1385 768 1452 801 etsi
1477 747 1650 812 Virgilius

112 816 149 849 in
173 815 371 848 universum
397 814 557 847 homines
584 812 756 845 eiusmodi
780 812 973 845 sceleribus
1010 814 1265 847 contaminatos
1299 814 1451 860 intelligi
1488 814 1651 857 voluerit,

112 862 164 897 ita
197 870 313 896 tamen
349 873 426 894 esse
461 861 669 894 obversatos
707 859 897 893 scribentis
934 860 1050 893 animo
1086 861 1273 894 Curionem
1309 869 1413 907 atque
1447 862 1651 904 Antonium,

113 922 216 956 quem
236 909 378 954 quidem
403 909 516 954 ipsum
542 921 561 941 a
586 907 697 940 Vario
722 907 794 940 illis
820 907 1002 950 versibus,
1038 920 1124 953 quos
1152 908 1187 941 in
1221 921 1320 942 suum
1355 921 1492 942 carmen
1528 916 1650 943 trans-

112 957 192 990 tulit
216 956 410 1000 Virgilius,
434 955 550 988 notari
578 955 769 999 persuadet
791 955 992 989 VVeichelt.
1019 967 1054 999 p.
1078 958 1127 990 20
1152 968 1216 1001 sq„
1244 968 1417 1002 quemque
1440 956 1546 990 etiam
1564 960 1650 990 Ser·-

111 1004 186 1038 vius
212 1016 232 1037 a
256 1003 411 1048 Virgilio
437 1001 628 1047 significari
653 1002 800 1044 statuit,
828 1009 866 1035 ut
892 1002 991 1035 color
1016 1014 1064 1035 or
1059 1003 1188 1036 itiouis
1214 1015 1359 1048 proisus
1392 1005 1437 1037 ad
1473 1016 1548 1037 eam
1581 1016 1646 1037 co—

111 1051 316 1095 gitatiouem
344 1063 362 1083 a
389 1058 498 1096 poeta
523 1056 777 1095 attemperatus
803 1049 859 1082 sit.
885 1070 929 1075 —
969 1049 1023 1083 Ad
1048 1050 1233 1083 Cuiionern
1260 1051 1348 1084 haec
1374 1058 1538 1094 spectare
1564 1063 1649 1084 cen-

111 1106 166 1132 set
208 1098 314 1131 etiam
355 1098 607 1131 Mueuscherus
655 1096 863 1130 Observata
906 1110 945 1130 ιη
983 1098 1086 1143 Vcrg.
1120 1098 1273 1131 Αθηειιῖ.
1309 1111 1345 1141 p.
1381 1100 1424 1133 19
1459 1111 1512 1143 sq.
1552 1099 1647 1142 lVr.)

110 1147 180 1182 623
205 1146 388 1179 thalamos
412 1154 525 1178 natae
550 1146 689 1178 invasit
725 1144 818 1177 alter
844 1144 954 1176 Goth.
991 1151 1026 1176 et
1060 1152 1142 1178 tert.
1172 1146 1224 1177 th.
1253 1146 1276 1178 i.
1304 1153 1419 1178 natae
1453 1148 1646 1178 inconces-

110 1205 242 1238 sosque
267 1194 301 1226 Ιι.
328 1193 417 1226 male
444 1205 486 1225 ex
509 1193 571 1225 lib.
598 1194 624 1233 Ι,
651 1193 730 1228 659.

109 1251 154 1274 m.
179 1252 271 1283 sec.,
296 1241 410 1274 forma
434 1252 505 1274 non
529 1240 709 1274 inusitata.

108 1337 258 1375 tentiae
283 1337 396 1376 locus
428 1343 499 1375 est.
560 1337 714 1374 Poenae
740 1334 845 1373 enim

108 1395 197 1434 loco
218 1395 359 1434 haberi
376 1401 512 1447 potest
541 1394 640 1433 haec
662 1395 747 1447 ipsa
770 1393 845 1431 ad-

107 1454 290 1493 monitio.
322 1469 360 1493 v.
383 1454 521 1492 [ortin.
547 1468 586 1506 p.
607 1456 705 1495 288.
768 1453 844 1489 Ce-

107 1519 243 1551 terum
262 1513 330 1551 hic
349 1526 491 1551 versus
512 1526 592 1550 non
619 1512 725 1549 inter
745 1510 844 1549 rhe—

107 1571 256 1609 toricas
290 1571 437 1622 figuras
479 1578 567 1609 erat
593 1570 844 1619 referendus,

108 1629 253 1680 quibus
282 1643 377 1667 sane
413 1629 492 1667 hoc
521 1629 609 1667 fieri
647 1629 844 1677 videmus,

107 1693 155 1725 ut
181 1688 214 1725 is
236 1718 246 1737 ,
290 1688 403 1727 cuius
438 1688 649 1740 exemplo,
681 1700 776 1725 casu
807 1692 847 1724 et

106 1759 235 1798 poena
249 1775 259 1795 ,
280 1746 566 1795 admonemur,
595 1747 762 1796 loquens
779 1744 847 1782 in-

109 1804 285 1842 ducatur
314 1803 515 1856 (exempla
545 1818 582 1843 v.
613 1803 721 1854 apud
750 1802 846 1841 Val—

107 1862 343 1901 ckenarium
362 1863 495 1902 Oratt.
522 1876 561 1914 p.
592 1860 716 1915 327),
748 1861 845 1898 alie-

106 1934 205 1958 num
227 1920 306 1959 hoc
325 1935 346 1958 a
366 1927 484 1972 poeta
500 1951 509 1969 ,
542 1920 611 1971 qui
642 1932 693 1957 ex
722 1919 844 1972 ἐναρ-

106 1979 218 2032 γείας
248 1979 429 2031 poeticae
458 1979 562 2031 lege,
595 1984 635 2015 et
665 1990 716 2016 ex
748 1990 845 2029 per-

105 2043 229 2089 petuo
249 2051 326 2076 usu
349 2050 434 2087 eos,
457 2037 506 2075 de
524 2037 668 2088 quibus
689 2041 844 2084 narrat,

106 2103 273 2146 agentes
295 2104 330 2134 et
350 2097 553 2149 loquentes
572 2094 752 2132 exhibere
779 2099 843 2131 te-

106 2159 257 2203 netur,
298 2169 378 2192 non
419 2167 517 2193 vero
557 2153 656 2204 quid
687 2152 843 2204 egerint

106 2218 178 2250 aut
202 2212 403 2262 dixerint,
433 2226 598 2250 narrare
628 2217 689 2260 et,
720 2224 764 2249 re
786 2211 843 2248 ita

106 2270 260 2308 ferente
280 2301 290 2319 ,
322 2284 395 2324 per
429 2270 598 2322 figuram
631 2270 843 2320 loquentes

105 2328 298 2366 inducere
333 2335 478 2382 potest.
549 2329 706 2366 Verbo:
746 2340 843 2365 vere

106 2387 332 2425 exclamare
373 2386 582 2438 putandus
626 2392 684 2424 est
721 2385 843 2424 Phle—

105 2458 210 2494 gyas.
257 2445 304 2483 V.
338 2447 435 2487 621.
466 2448 548 2486 (522
574 2458 624 2482 ex
654 2445 695 2482 L.
720 2444 842 2483 Vario

107 2515 232 2552 paene
272 2503 450 2554 integros
495 2503 707 2541 traductos
747 2516 842 2551 esse,

106 2559 283 2598 Maerob.
305 2561 370 2609 VI,
405 2566 423 2602 1
459 2567 651 2599 testatur:
687 2561 844 2600 Vencla'-

106 2618 166 2654 elit
190 2618 257 2654 hic
279 2619 451 2656 Latium
465 2620 631 2669 populis
650 2649 661 2667 ,
696 2633 844 2669 agros-

107 2689 184 2727 que
211 2676 413 2725 Quiritum
442 2678 628 2725 Eripuit,
651 2676 756 2724 fixit
783 2678 843 2714 le-

104 2746 179 2783 ges
204 2735 334 2784 prelio
356 2742 477 2785 alque
509 2734 654 2781 refixit.
720 2734 844 2781 Quod

108 2790 280 2829 adiecit:
329 2792 615 2842 dominamque
638 2799 843 2841 polenlem

106 2851 262 2901 patriae
297 2851 532 2900 Imposuit,
586 2862 631 2886 eo
657 2850 841 2900 pertinet,

107 2907 218 2956 quod
245 2914 469 2959 tyrannum
507 2906 655 2944 liberae
686 2906 843 2944 civitati

107 2965 284 3004 induxit.
325 2974 530 3017 potenlem
560 2970 691 3003 ornat.
733 2966 841 3015 leges

827 1192 896 1227 624
925 1203 1093 1238 ausaque
1120 1205 1161 1239 p.
1197 1192 1340 1227 Vratisl.
1380 1199 1416 1225 et
1450 1193 1587 1226 Zulich.
1628 1206 1646 1227 a

896 1334 998 1383 fixit
1008 1336 1139 1386 pretio
1159 1341 1401 1387 corruptus,
1434 1342 1554 1386 alque
1577 1348 1643 1371 re-

892 1393 992 1442 fixit
1008 1423 1019 1442 ,
1053 1399 1160 1431 recte
1192 1395 1377 1443 Servius,
1410 1396 1508 1445 qnia
1539 1394 1645 1429 inc-i-

905 1467 974 1489 (εάε
1003 1453 1046 1489 in
1076 1454 1203 1490 aereis
1238 1452 1388 1490 tabulis
1416 1452 1520 1502 leges
1552 1449 1643 1488 asfi—

904 1511 1103 1561 gebantur
1126 1510 1357 1561 parietibus.
1396 1509 1529 1547 Minus
1544 1508 1644 1546 bene

905 1568 1035 1606 Cerda
1060 1575 1100 1606 et
1125 1569 1211 1618 alii,
1244 1581 1349 1617 esse,
1381 1568 1422 1606 in
1451 1580 1514 1605 aes
1539 1567 1644 1605 inci—

907 1627 1014 1665 dere.
1060 1627 1184 1665 lidem
1204 1627 1305 1664 bene
1328 1626 1500 1664 laudant
1518 1625 1645 1676 legem

906 1685 1110 1734 Venuleii,
1142 1699 1244 1736 quae
1267 1690 1327 1722 est
1355 1685 1381 1722 l.
1405 1687 1430 1725 8
1455 1684 1498 1722 D.
1525 1683 1576 1721 ad
1594 1684 1636 1722 L.

906 1744 1048 1781 Iuliam
1084 1744 1313 1796 peculatus:
1353 1745 1426 1794 qui
1457 1741 1642 1780 tabulam

905 1816 1068 1839 aeream
1111 1803 1215 1853 legis
1235 1824 1291 1829 -—
1310 1802 1486 1848 refixerat
1509 1830 1521 1849 ,
1573 1800 1640 1838 vel

905 1860 1005 1910 quid
1048 1859 1144 1896 inde
1191 1858 1498 1908 immutaverit,
1538 1857 1638 1908 Lege

903 1918 1003 1956 Iulia
1027 1917 1236 1969 peculatus
1259 1923 1434 1955 tenetur.
1495 1916 1641 1966 Sequi-

903 1982 973 2015 tur
1003 1974 1044 2027 §-
1082 1980 1105 2018 1
1140 1976 1300 2013 Eadem
1340 1976 1408 2025 leg
1386 1989 1429 2012 <re
1473 1982 1636 2022 tenetur,

903 2037 975 2086 qui
998 2035 1131 2085 ([ιιίίί
1115 2048 1157 2071 m
1179 2034 1328 2071 tabulis
1354 2032 1536 2084 publicis
1565 2031 1640 2069 de—

901 2092 1047 2131 leverit
1065 2092 1129 2130 vel
1149 2091 1384 2142 induxerit,
1405 2090 1515 2142 quod
1540 2090 1640 2128 adeo

903 2151 1109 2189 diversum
1131 2151 1180 2188 ab
1200 2150 1267 2188 illo
1289 2163 1370 2188 esse
1390 2161 1547 2187 necesse
1568 2154 1638 2186 cst.

902 2209 1088 2247 Laudant
1116 2222 1275 2259 quoque
1311 2209 1442 2259 Intpp.
1476 2207 1639 2244 Cicero-

901 2268 962 2306 nis
984 2268 1138 2315 locum,
1170 2267 1240 2318 qui
1272 2273 1331 2304 est
1350 2266 1521 2317 Philipp.
1549 2265 1638 2313 XII,

902 2325 926 2367 5
955 2326 979 2364 s.
1041 2326 1227 2363 Ceterum
1258 2325 1389 2362 inanis
1416 2329 1475 2361 est
1497 2336 1638 2360 eorum

904 2397 1026 2435 opera
1049 2414 1059 2433 ,
1105 2383 1173 2435 qui
1209 2390 1301 2435 post
1329 2383 1513 2420 Servium
1539 2380 1639 2418 haec

903 2442 1036 2480 onmia
1057 2442 1108 2480 ad
1129 2448 1261 2480 certos
1289 2440 1472 2479 homines
1494 2452 1542 2476 ex
1564 2453 1638 2476 an-

902 2501 1091 2551 tiquitate
1111 2502 1260 2538 referre
1283 2500 1516 2538 voluerunt.
1538 2495 1636 2549 (vid.

902 2565 1036 2596 tamen
1056 2559 1103 2598 V.
1134 2559 1176 2597 L.
1209 2558 1261 2596 ad
1292 2571 1352 2596 vs.
1387 2560 1482 2598 622.
1520 2554 1634 2606 lVr.)

902 2618 1023 2655 Forte
1057 2617 1235 2668 sagacior
1285 2615 1427 2665 aliquis
1466 2613 1636 2651 miretur

902 2675 1128 2713 libertatem
1150 2675 1229 2712 oris
1251 2674 1290 2710 in
1312 2679 1429 2724 pocta
1445 2701 1455 2720 ,
1487 2671 1519 2708 si
1547 2670 1635 2708 Au-

901 2740 1017 2784 gusto
1043 2746 1178 2770 coram
1200 2732 1304 2768 lecta
1332 2730 1432 2768 hacc
1453 2735 1635 2780 reputet:

902 2792 1083 2828 vendidit
1109 2790 1175 2827 laic
1210 2803 1308 2826 auro
1338 2789 1526 2838 patriam
1557 2787 1634 2824 do—

901 2848 1133 2899 minumque
1172 2853 1379 2898 potentem
1414 2847 1632 2896 imposuit:

899 2906 1041 2943 talium
1060 2907 1165 2942 enim
1182 2905 1393 2943 hominum
1411 2917 1533 2955 opera
1547 2904 1635 2940 Au-

899 2969 1037 3015 gustus
1069 2976 1229 3014 quoque
1262 2975 1405 3014 magn-a
1442 2974 1493 3000 ex
1521 2966 1635 3013 parte
