1779 3420
147 237 246 284 172
475 233 527 280 P.
567 227 924 279 VIRGILII
961 228 1324 277 MARONIS

140 357 408 408 Permittit
428 355 631 423 patria?
667 353 902 419 hospitio
930 352 1288 418 prohibemur
1309 358 1523 403 arenae!
1563 356 1664 405 540

139 428 286 478 Bella
316 428 480 488 cient,
518 425 801 491 primaque
825 431 1006 471 vetant
1032 424 1321 473 consistere
1348 432 1503 472 terra.

143 499 197 548 Si
222 513 391 562 genus
415 496 717 544 humanum
744 501 796 541 et
823 492 1069 541 mortalia
1099 494 1336 542 temnitis
1357 510 1528 543 arma:

140 571 208 619 At
229 575 438 634 sperate
459 564 592 614 deos
611 579 886 612 memores
910 561 1059 610 fandi
1082 571 1240 629 atque
1269 561 1502 614 nefandi.

139 640 255 688 Rex
275 645 385 687 erat
404 638 612 685 Aeneas
634 632 816 694 nobiS‚
863 648 971 699 quo
996 632 1182 681 iustior
1207 633 1355 696 alter,

139 712 252 759 Nec
276 708 470 773 pietate
495 703 596 752 fuit
619 719 720 751 nec
742 701 890 751 bello
917 703 1090 751 maior
1114 711 1166 751 et
1197 704 1367 754 armiS.

144 781 321 840 Quem
347 777 389 824 si
410 774 515 823 fata
538 774 711 822 virum
736 781 971 835 servant,
1010 773 1051 820 si
1073 773 1306 821 vescitur
1332 789 1456 821 aura

146 846 390 897 Aetheria
406 887 418 910 ‚
455 860 636 911 neque
662 842 836 892 adhuc
861 841 1167 892 crudelibus
1190 842 1415 892 occubat
1433 840 1665 892 umbris:

1563 705 1665 754 545

235 976 306 1011 540
326 976 490 1022 patriam
516 986 569 1019 pr.
601 975 731 1007 Moret.
760 986 780 1007 a
800 986 844 1006 m.
877 985 946 1006 sec.
995 973 1063 1006 lzcc
1084 974 1205 1018 spatio
1226 973 1365 1016 Menag.
1390 983 1442 1016 pr.
1465 971 1554 1003 miro
1575 983 1665 1003 casu.

140 1023 206 1057 541
235 1023 426 1055 considere
445 1022 590 1054 Oudar't.
609 1021 761 1054 sollenni
779 1020 962 1054 varietate.
1024 1020 1092 1054 542
1118 1028 1153 1052 et
1168 1019 1271 1052 deest
1290 1019 1325 1051 in
1345 1018 1536 1059 nonnullis,
1562 1018 1667 1050 etiam

140 1069 323 1102 Pierianis.
419 1069 488 1103 543
521 1069 611 1101 deas
637 1070 741 1100 Voss.
793 1067 979 1113 fandique
1005 1065 1163 1112 nefandi
1191 1066 1342 1111 quinque
1369 1078 1424 1110 ap.
1454 1066 1574 1098 Heius,
1616 1067 1668 1109 (et

141 1116 239 1155 Alb.;
273 1116 343 1148 vid.
377 1118 418 1156 Q.
453 1117 497 1148 V.
528 1116 698 1156 XXXV,
722 1115 779 1149 25.
809 1115 907 1157 lVr.)
1003 1113 1071 1148 545
1098 1114 1182 1146 Non
1204 1115 1345 1159 pietate
1376 1113 1523 1145 Dorvill.
1574 1111 1667 1144 bello

141 1176 208 1196 nec
231 1175 300 1195 sec.
319 1163 448 1195 Mol-et.
498 1165 686 1206 Argutatur
706 1162 741 1194 h.
762 1161 785 1194 l.
808 1163 924 1193 Burm.
953 1160 1011 1205 qui
1040 1173 1116 1193 cum
1145 1160 1266 1193 Servio
1285 1160 1472 1193 discrimen
1500 1158 1586 1192 facit
1608 1159 1666 1191 in-

139 1216 196 1242 ter
216 1208 348 1242 bellam
367 1215 402 1241 et
422 1222 543 1249 arma3
580 1220 663 1241 sane
691 1209 838 1241 eandem
862 1220 935 1241 rem
960 1207 1141 1240 declarant
1165 1207 1228 1239 sed
1248 1207 1360 1252 tropis
1387 1207 1546 1239 diversis.
1582 1206 1666 1249 (vid.

140 1256 341 1289 VVeichert.
371 1256 413 1288 ad
444 1256 564 1288 Valer.
595 1255 647 1288 Fl.
678 1256 770 1296 VIII,
797 1254 878 1289 470.
907 1255 1005 1299 Wr.)
1101 1254 1172 1289 546
1197 1262 1233 1286 et
1267 1255 1428 1287 vescitur
1454 1266 1508 1298 pr.
1542 1253 1667 1285 Hamb.

140 1302 209 1338 547
234 1315 352 1348 neque
375 1303 497 1335 adhuc
513 1309 711 1335 constanter
731 1302 834 1335 codd.
857 1301 977 1334 Heius.
996 1307 1032 1333 et
1050 1300 1151 1333 multi
1167 1300 1257 1333 Pier.
1295 1302 1345 1346 (et
1367 1300 1533 1333 meliores
1556 1299 1667 1332 Cortii

141 1351 186 1384 ad
203 1352 332 1383 Lucan.
354 1351 447 1389 VIII,
473 1349 554 1384 742.
587 1350 681 1391 Wr.)
719 1349 778 1381 alii
808 1362 884 1382 nec.

937 1356 1091 1394 occupat
1120 1354 1192 1380 tres
1223 1349 1336 1380 Burm.
1394 1346 1603 1380 crudelibus
1636 1359 1667 1380 o.

142 1398 253 1431 undis
291 1397 503 1430 emendabat.
533 1398 583 1430 Io.
621 1396 808 1430 Schrader.
866 1395 970 1441 Atqui
1004 1394 1152 1428 umbrae
1178 1401 1259 1428 sunt
1282 1407 1348 1439 pro
1383 1397 1495 1437 Orco,
1538 1395 1666 1427 Morte.

142 1519 231 1557 sup.
254 1506 351 1543 vicit
370 1504 514 1553 hiems,
549 1509 588 1542 et
615 1503 685 1542 ins.
715 1503 761 1553 ΙΙ,
789 1506 868 1545 311

149 1565 337 1602 Vulcano
358 1570 583 1614 superante.
612 1562 873 1611 adnavimus,

142 1621 383 1674 appulimus,
410 1627 458 1658 ut
476 1626 617 1672 poetae
634 1620 777 1658 solent.

199 1680 297 1722 539.
329 1679 511 1728 Furium,
543 1691 627 1717 Sive
657 1679 688 1715 is
714 1678 765 1715 M.
789 1677 874 1714 Fu-

140 1738 225 1776 rius
253 1737 395 1775 Antias
427 1750 498 1774 seu
529 1736 743 1774 Bibaculus
779 1734 869 1783 suit,

140 1795 206 1834 VI.
224 1795 367 1834 Annal.
389 1794 603 1846 praeivisse
620 1800 761 1846 poetae
781 1793 870 1830 Ma-

143 1853 333 1902 crob.V1,
350 1857 386 1902 1,
410 1853 624 1890 existimat:
663 1853 784 1902 Quod
793 1866 871 1901 ge-

141 1927 217 1950 nzo-5·
271 1911 346 1949 lzoc
386 1911 631 1948 hominum?
676 1912 870 1957 Sammo,

141 1977 299 2018 sande,
332 1978 474 2006 create.
539 1968 618 2006 Sed
650 1981 700 2005 ex
734 1967 796 2005 his
831 1973 871 2004 et

141 2028 336 2066 similibus
357 2033 474 2078 poeta
495 2026 566 2065 vix
583 2027 757 2065 multum
776 2040 874 2076 pro-

142 2086 261 2124 ficere
282 2085 439 2137 potuit:
471 2098 546 2122 nee
565 2099 637 2123 nos
659 2097 708 2122 ex
730 2084 873 2121 talium

143 2143 454 2196 comparatione.
529 2142 776 2194 Antiquitati
809 2148 875 2179 ta-

142 2216 234 2241 men
255 2202 425 2240 debetur
445 2201 536 2250 hoc,
555 2214 604 2239 ne
626 2202 709 2239 eius
732 2205 874 2238 aucto—

141 2261 304 2299 ritatem
352 2260 393 2297 in
430 2259 490 2297 his
525 2260 778 2310 negligamus,
817 2280 874 2286 —-

143 2334 246 2371 quae
267 2327 352 2356 tam
374 2318 546 2355 barbara
561 2321 718 2368 palma,
744 2323 869 2363 terra,

139 2385 345 2427 pernulla.
420 2390 561 2426 graeco
610 2388 721 2414 more
775 2388 874 2426 pro:

143 2448 244 2485 quae
266 2440 374 2471 terra
397 2434 661 2472 tambarbara
684 2439 744 2470 est
762 2432 873 2478 haec,

142 2498 189 2530 ut
237 2492 456 2545 permittat.
533 2491 630 2533 540.
686 2492 874 2540 llospilio

138 2551 396 2601 prohibemur
413 2564 575 2597 arenae,
610 2555 764 2595 ornate,
786 2562 873 2598 pro,

144 2622 165 2644 a
194 2609 354 2656 littore,
387 2608 435 2644 ab
475 2620 639 2644 escensu
668 2607 706 2644 in
739 2607 875 2654 littus3

143 2680 238 2704 mox
255 2668 437 2716 primam
457 2674 601 2702 terram
622 2664 738 2701 dixit.
772 2663 873 2715 (vid.

144 2726 194 2772 Q.
219 2725 265 2762 V.
289 2724 472 2771 XXVIII,
495 2726 533 2764 2.
560 2721 671 2774 lls'r.)

200 2782 296 2824 542.
327 2781 507 2831 Agnosce
540 2780 684 2831 poetici
720 2792 874 2816 sermo-

144 2841 203 2878 nis
231 2839 428 2888 indolem;
471 2853 543 2891 pro
576 2839 803 2875 abstracto:
844 2837 874 2873 si

144 2899 462 2946 humanitatem,
492 2895 757 2934 humanitatis
784 2895 873 2933 iura

144 2963 183 2995 et
207 2955 350 3003 officia,
383 2960 422 2993 et
447 2955 666 2994 vindictam
691 2953 872 3001 iniuriae,

932 1517 1053 1554 quam
1074 1502 1252 1542 humana
1281 1503 1341 1541 ira
1366 1502 1523 1554 exigere
1543 1516 1564 1539 a
1589 1515 1667 1541 vo—

932 1562 992 1599 bis
1010 1568 1157 1613 potest‚
1180 1560 1296 1614 (haec
1317 1561 1421 1598 enim
1444 1566 1538 1598 sunt
1559 1574 1668 1597 mor-

933 1621 1037 1657 talia
1069 1620 1203 1672 arma)
1237 1634 1311 1671 pro
1340 1618 1464 1656 nihilo
1497 1618 1666 1656 ducitis:

933 1678 1074 1715 saltem
1094 1677 1196 1715 illud
1219 1683 1424 1729 reputate,
1457 1677 1552 1715 deos
1583 1689 1665 1714 esse

930 1736 1023 1774 iusti
1064 1736 1281 1786 iniustique
1320 1735 1569 1786 inspectores
1600 1735 1665 1772 in-

929 1794 1134 1844 iuriaeque
1157 1793 1257 1831 adeo
1277 1794 1454 1842 ultores3
1485 1795 1600 1833 θεῶν
1621 1788 1666 1833 δ’

928 1851 1171 1892 ὑποδείσατε
1198 1854 1324 1903 μῆνιν
1349 1851 1493 1902 odyss,
1528 1852 1566 1903 β,
1598 1854 1664 1893 66.

929 1910 976 1948 In
1009 1918 1164 1961 sperate
1196 1910 1296 1947 inest
1328 1910 1441 1947 notio
1478 1912 1551 1949 τοῦ
1581 1923 1666 1945 me·-

929 1977 1050 2016 tuere,
1085 1967 1197 2018 quod
1217 1968 1405 2017 frequens
1428 1973 1487 2004 est
1506 1967 1665 2004 Graecis

933 2026 1160 2076 Latinisque
1189 2026 1327 2077 poetis
1375 2023 1476 2077 (vid.
1507 2024 1556 2062 de
1590 2024 1665 2062 hac

933 2098 977 2122 re
1012 2084 1211 2122 subtiliter
1246 2084 1520 2135 disputantem
1550 2083 1665 2120 Hoo—

932 2156 1018 2193 gev.
1044 2142 1095 2180 ad
1118 2143 1247 2193 Viger.
1277 2157 1309 2181 c.
1331 2142 1376 2180 V.
1399 2148 1493 2180 sect.
1517 2141 1598 2178 VII.
1626 2155 1664 2192 p.

933 2200 1031 2241 244.
1056 2214 1139 2251 sqq.
1166 2200 1270 2237 adde
1300 2199 1483 2238 Huschk.
1513 2199 1563 2236 ad
1593 2199 1664 2236 Ti-

932 2259 1030 2296 bull.
1053 2258 1082 2307 Ι,
1110 2262 1148 2307 9,
1167 2262 1235 2300 23.
1262 2256 1373 2310 JsVr.)

993 2315 1091 2359 544.
1131 2316 1376 2354 Oeconomia
1406 2315 1595 2353 carminis
1624 2313 1665 2350 in

933 2375 1011 2413 hoc
1035 2389 1203 2412 occursu
1224 2374 1379 2411 Aeneae
1393 2370 1433 2410 et
1451 2373 1665 2419 sociorum,

934 2439 975 2470 et
1015 2433 1057 2470 in
1088 2432 1237 2470 horum
1272 2432 1456 2470 laudibus
1496 2431 1665 2478 Aeneae,

934 2504 1052 2541 quem
1074 2491 1313 2541 ignorabant
1332 2503 1396 2527 eas
1424 2489 1575 2537 audire,
1608 2493 1666 2524 est

934 2548 1151 2600 praeclara.
1220 2550 1369 2585 lus-lior
1398 2549 1577 2597 Ρίθίαίο,
1624 2551 1666 2583 ut

933 2607 1053 2656 vulgo
1081 2606 1189 2656 iungi
1212 2605 1342 2652 video,
1376 2604 1470 2641 mihi
1503 2603 1664 2653 quidem

935 2664 1195 2702 durissimum
1232 2663 1406 2701 videtur.
1483 2662 1666 2699 Praestat

933 2723 1096 2772 iungere
1145 2727 1184 2758 et
1220 2722 1521 2771 interpungere.-
1571 2719 1665 2767 Quo

934 2782 1075 2817 iustior
1096 2781 1210 2826 alter,
1246 2781 1339 2816 sva·
1364 2793 1406 2828 l).
1440 2776 1479 2814 h.
1497 2791 1529 2815 e.
1572 2779 1664 2824 Quo

935 2851 1007 2874 nec
1029 2837 1129 2875 alter
1148 2836 1304 2884 iustior,
1338 2849 1409 2873 uec
1434 2836 1560 2873 maior
1591 2834 1665 2873 suit

932 2896 1107 2947 pietate,
1140 2895 1244 2932 bello
1263 2902 1303 2932 et
1333 2894 1466 2932 armis.
1507 2888 1661 2945 Ἀμφό-

932 2968 1061 3007 τερον,
1093 2950 1285 3005 βασιλεύς
1317 2948 1356 2992 τ’
1387 2947 1545 3005 α’γαθός
1572 2966 1664 3003 uqa·
