1779 3420
170 223 274 273 250
501 220 1102 271 EXCURSUS
1176 221 1348 270 XVII

167 355 230 388 ter
260 350 515 403 superiorum
546 359 777 404 temporum
808 363 871 387 res
902 349 951 386 ab
984 348 1137 388 Achille
1167 357 1317 401 gestas,
1349 356 1390 387 et
1420 349 1461 386 in
1482 347 1560 387 hoc
1579 362 1700 400 prae-

165 408 285 447 ivisse
316 415 524 448 auctorem
555 410 798 462 Cypriorum
830 407 1068 457 carminum,
1101 422 1121 446 e
1152 408 1295 446 Proclo
1328 407 1463 446 didici.
1525 407 1601 445 Alii
1634 421 1699 444 se-

165 466 249 505 rius
280 473 320 505 et
350 474 442 520 post
473 468 698 507 Memnonis
731 466 894 504 demum
924 466 1136 505 interitum
1168 467 1382 505 collocasse
1413 465 1621 514 videntur,
1653 472 1702 504 ut

165 537 216 563 ex
256 525 523 579 Lycophroue
562 529 646 568 307
690 538 773 576 sqq.
815 529 854 561 et
893 524 1041 561 Tzetza
1083 525 1135 562 ad
1167 538 1199 563 e.
1230 525 1255 563 l.
1297 532 1336 563 et
1376 526 1418 563 in
1449 522 1699 562 Posthomer.

165 584 249 625 353
291 598 376 636 sqq.
418 585 598 636 colligas,
645 583 714 621 ubi
755 582 881 620 Troili
925 581 1065 620 caedes
1105 588 1166 620 est
1209 589 1434 622 extremum
1474 582 1700 620 facinorum

163 641 343 682 Achillis.
403 644 455 681 Et
484 643 539 680 sic
570 641 782 679 manifeste
815 641 949 693 Dictys
979 640 1058 692 vqui
1088 640 1209 693 vulgo
1241 642 1374 680 fertur
1404 641 1470 689 IV,
1505 643 1543 682 9.
1589 640 1699 678 unde

164 707 278 753 patet
318 701 424 739 inter
472 700 634 752 potiora
674 698 850 751 episodia
882 699 1188 737 Postiliacorum
1219 700 1337 738 fuisse
1366 698 1491 738 Troili
1522 698 1629 736 sacta
1659 704 1700 736 et

163 759 259 797 sata.
318 760 415 797 Post
444 759 660 797 Hectorem
694 771 854 795 caesum
888 757 1072 796 Troilum
1104 757 1307 796 Ausonius
1339 755 1524 810 Epitaph.
1559 758 1610 797 18
1631 757 1698 795 ait.

163 817 338 855 Omnino
371 817 480 855 varie
511 816 618 855 hanc
640 818 915 855 narrationem
946 830 968 853 a
998 816 1140 868 priscis
1171 817 1302 868 poetis
1332 821 1546 854 tractatam
1577 815 1698 853 fuisse

161 889 321 914 necesse
360 881 430 914 est.
491 875 678 927 Inprimis
715 881 852 913 tamen
899 875 1063 913 infames
1102 876 1212 913 fuere
1254 874 1420 913 Achillis
1462 886 1616 912 amores
1655 873 1695 911 in

162 934 344 972 Troilum
375 934 670 986 pulcerrimum
701 947 895 986 puerum,
946 933 1030 971 vid.
1063 934 1209 972 Tzetza
1242 933 1340 972 ibid.
1373 939 1411 971 et
1443 932 1495 970 ad
1526 945 1558 970 e.
1590 932 1697 969 Can-

160 998 235 1030 ter.
266 992 368 1030 Nov.
400 993 507 1030 Leet.
539 993 588 1041 II,
620 995 659 1041 9,
702 992 802 1031 eth.
835 992 860 1031 l.
893 992 1021 1031 Cerda
1060 999 1152 1044 post
1192 993 1400 1031 Servium:
1450 1004 1696 1042 quamquam

160 1051 305 1088 Tzetza
337 1064 411 1102 pro
445 1051 560 1089 solita
580 1064 651 1089 sua
681 1051 858 1089 stultitia
888 1050 1102 1103 sponsione
1128 1057 1270 1100 certat,
1301 1050 1483 1089 Troilum
1503 1063 1693 1100 magnum

159 1108 239 1146 iam
271 1115 372 1147 natu
404 1110 538 1148 fuisse.
599 1109 700 1147 Nata
744 1115 877 1148 autem
917 1109 1001 1147 sine
1035 1109 1158 1148 dubio
1200 1117 1260 1148 est
1292 1123 1336 1147 ea
1367 1108 1503 1147 sabula
1537 1121 1558 1145 e
1592 1121 1694 1159 poe-

159 1173 294 1205 tarum
322 1167 499 1217 lusibus,
539 1168 608 1219 qui
639 1182 863 1220 puerorum
905 1181 1062 1206 amores
1093 1168 1275 1220 inprimis
1308 1167 1474 1206 Achillis
1509 1165 1693 1217 exemplo

161 1224 458 1276 defendebant;
501 1240 623 1278 quam
662 1226 714 1265 ad
741 1240 827 1265 rem
859 1240 1061 1265 summum
1090 1226 1192 1265 illud
1232 1227 1350 1265 occisi
1381 1225 1555 1264 Patrocli
1586 1223 1694 1262 desi-

161 1283 324 1323 derium
354 1285 572 1323 memorari
603 1285 770 1324 solebat.
830 1285 962 1323 Fuere
995 1298 1045 1323 ex
1076 1298 1122 1323 eo
1145 1298 1289 1337 genere
1318 1285 1475 1337 plureS,
1507 1289 1555 1321 ut
1585 1282 1692 1320 Pha-

156 1342 315 1391 nocles,
350 1341 654 1396 ωἰιιεἝρωτες
674 1340 704 1398 ἢ
728 1343 860 1384 Καλοὶ
879 1356 1010 1396 nuper
1038 1343 1082 1382 in
1113 1343 1349 1382 memoriam
1378 1341 1559 1382 revocati
1578 1342 1693 1379 suere

156 1402 382 1453 fragmento
425 1415 445 1440 e
487 1402 662 1441 Stobaeo
695 1416 716 1439 a
758 1401 1006 1440 Ruhnkenio
1037 1407 1272 1441 retractato.
1337 1402 1443 1440 conf.
1481 1400 1609 1438 Notae
1640 1399 1691 1436 ad

156 1459 344 1512 Apollod.
375 1474 413 1512 p.
447 1460 530 1502 532
561 1475 646 1512 sqq.
703 1460 810 1499 Illud
838 1461 1016 1509 mireris,
1046 1460 1156 1512 quod
1186 1461 1266 1499 iam
1297 1459 1539 1513 Lycophron
1572 1458 1691 1497 sabu-

154 1518 235 1556 lam
264 1517 371 1557 hanc
402 1518 527 1557 Troili
557 1519 843 1571 interpolatam
875 1525 1071 1571 sequutus
1102 1533 1183 1557 esse
1213 1520 1379 1558 videtur
1409 1519 1434 1558 l.
1458 1519 1483 1557 l.
1516 1523 1556 1555 et
1586 1517 1690 1555 Arae

155 1583 300 1616 auctor
326 1577 538 1627 carminis,
571 1578 681 1629 quod
713 1578 820 1616 inter
850 1578 1038 1616 Simmiae
1069 1579 1239 1632 παίγνια
1269 1577 1455 1616 habetur.
1500 1576 1689 1614 Ceterum

155 1635 347 1688 Virgilius
380 1636 506 1675 Troili
538 1637 701 1674 caedem
731 1637 788 1674 ita
821 1643 963 1675 narrat
994 1642 1033 1674 et
1064 1642 1234 1686 tractat,
1267 1643 1312 1675 ut
1344 1637 1378 1674 is
1410 1650 1501 1674 cum
1535 1633 1689 1672 Achille

155 1708 390 1747 congressus
433 1695 604 1733 vulnere
645 1702 810 1747 accepto
843 1709 968 1734 curru
1006 1694 1224 1743 exciderit,
1266 1695 1436 1747 pedibus
1466 1699 1600 1732 tamen
1630 1692 1687 1730 ita

152 1753 392 1805 impeditus,
436 1759 483 1791 ut
531 1753 700 1806 supinus
745 1767 766 1791 e
805 1768 931 1793 curru
972 1753 1157 1805 delapsus
1205 1754 1253 1791 ab
1295 1753 1406 1804 equis
1454 1755 1687 1805 raptaretur

154 1814 364 1864 (compara
396 1811 508 1849 Iliad.
541 1814 570 1860 ζ,
602 1814 671 1853 42.
702 1811 788 1863 43),
822 1827 912 1850 cum
947 1813 1099 1850 interea
1134 1824 1208 1850 nec
1233 1811 1389 1850 hastam
1421 1825 1494 1849 nec
1523 1812 1635 1848 frena
1666 1823 1686 1848 e

152 1870 338 1909 manibus
371 1870 617 1920 dimitteret,
647 1871 784 1920 itaque
815 1870 931 1909 hasta
960 1871 1120 1909 inversa
1151 1883 1223 1922 per
1255 1877 1406 1909 terram
1437 1875 1569 1907 tracta
1601 1868 1686 1906 sul-

152 1942 220 1966 cos
251 1929 292 1967 in
320 1928 488 1981 pulvere
518 1929 681 1967 tractim
713 1928 898 1968 faciebat.
958 1929 1087 1968 Aliter
1118 1928 1256 1981 Dictys
1286 1929 1311 1967 l.
1343 1929 1369 1966 l.
1400 1928 1470 1966 ubi
1490 1928 1531 1966 in
1551 1940 1685 1979 pugna

152 1993 293 2040 captus
323 2001 419 2025 mox
452 1987 696 2039 producitur
728 1993 769 2025 et
798 1987 1004 2039 iugulatur
1034 1987 1083 2025 ab
1114 1986 1280 2026 Achille.
1341 1987 1464 2024 Dares
1497 2000 1582 2038 cap.
1615 1988 1684 2034 33,

151 2059 270 2096 quem
302 2044 495 2098 Iosephus
526 2046 690 2083 Iscanus
722 2045 795 2094 VI,
837 2048 921 2087 289
961 2060 1046 2097 sqq.
1080 2045 1285 2097 sequitur,
1325 2059 1428 2096 equo
1466 2045 1509 2082 in
1550 2057 1683 2097 pugna

150 2117 363 2142 excussum
404 2110 602 2142 memorat
633 2110 673 2141 et
704 2103 753 2141 ab
785 2102 940 2142 Achille
982 2105 1292 2156 superveniente
1332 2105 1519 2142 occisum.
1580 2103 1683 2140 Tra-

148 2163 311 2213 goediae
343 2162 467 2200 Troili
499 2162 660 2200 nomine
699 2162 917 2215 inscriptae
959 2164 1069 2201 suere
1111 2163 1206 2201 olim
1237 2161 1470 2215 Sophoclis,
1507 2166 1547 2198 et
1579 2160 1681 2198 alio-

147 2235 253 2260 rum.
313 2221 427 2269 Quae
459 2220 618 2259 fabulae
651 2221 882 2259 oeconomia
914 2222 1057 2271 fucrit,
1101 2234 1120 2258 e
1152 2219 1321 2259 Scholiis
1352 2220 1456 2259 Vict.
1487 2220 1540 2257 ad
1570 2218 1680 2256 Iliad.

148 2279 297 2328 XXIV,
329 2280 415 2321 257
447 2279 640 2331 suspicari
670 2280 783 2317 licet:
815 2280 974 2318 Troilus
1004 2280 1046 2318 in
1066 2279 1323 2332 Thymbraeo
1355 2278 1551 2330 equestris
1583 2291 1680 2314 cur—

147 2351 214 2374 sus
254 2338 537 2376 exercitationi
578 2351 727 2376 vacans
767 2352 786 2375 a
836 2339 1147 2390 superveniente
1187 2337 1341 2377 Achille
1382 2336 1534 2375 occisus
1580 2341 1679 2373 erat.

147 2394 462 2434 Observabimus
492 2396 659 2434 tandem
687 2396 961 2435 recentiorum
982 2410 1143 2448 quoque
1169 2397 1399 2434 fabularum
1420 2396 1568 2433 factum
1598 2406 1681 2431 esse

147 2454 329 2492 Troilum
370 2461 676 2505 argumentum,
723 2454 837 2493 Lollii
866 2454 1030 2505 quidem
1060 2455 1290 2503 Urbinatis,
1330 2458 1368 2491 et
1398 2452 1598 2491 Gujdonis
1630 2452 1680 2490 de

146 2512 339 2551 Colonna.
400 2512 515 2550 Unde
547 2512 730 2551 Chaucer
761 2513 882 2551 duxit
911 2527 1030 2551 suum
1060 2513 1242 2551 Troilum
1274 2519 1314 2550 et
1345 2512 1539 2550 Cressida.
1594 2511 1679 2548 Ex-

145 2578 208 2609 tat
249 2584 410 2622 quoque
449 2584 521 2608 ωε.
560 2571 712 2609 Alberti
755 2571 963 2609 stadensis
1002 2584 1164 2609 carmen
1205 2571 1421 2622 elegiacum
1469 2569 1679 2608 historiam

144 2630 236 2668 belli
269 2630 434 2668 Troiani
460 2630 729 2682 complexum,
761 2629 888 2668 Troili
912 2630 1073 2668 nomine
1096 2630 1338 2682 inscriptum
1359 2628 1401 2666 in
1434 2626 1677 2666 bibliotheca

145 2688 277 2727 ducali
308 2687 554 2741 Guelpherb.
