1779 3420
266 915 758 975 EXCURSUS
802 915 826 970 I
872 914 951 970 ad
995 914 1146 970 Aen.
1192 914 1243 969 ll
1286 914 1477 992 princ.

169 1044 261 1087 De
320 1042 741 1086 auctoribus
802 1055 1024 1084 rernm
1091 1040 1581 1083 Troianat·nm

704 1139 719 1147 ω

632 1136 754 1190 (των
821 1134 1111 1189 Τρωϊκῶν).

110 1253 229 1326 Post
267 1287 461 1326 sermonis
502 1286 646 1339 poetici
683 1285 942 1337 elegantiam,
992 1289 1132 1336 poetae
1168 1283 1397 1322 doctrinam
1431 1283 1637 1322 declarare

110 1346 226 1384 nobis
258 1345 438 1398 inprimis
472 1358 553 1382 esse
586 1345 858 1396 propositum,
894 1343 942 1379 ab
982 1342 1097 1380 initio
1130 1356 1267 1380 sumus
1297 1343 1475 1393 professi.
1536 1343 1636 1379 Cum

110 1405 244 1456 itaque
275 1404 318 1441 in
349 1404 452 1441 libro
485 1403 611 1441 altero
644 1403 708 1440 ille
745 1402 890 1440 excidii
922 1401 1086 1438 Troiani
1119 1415 1232 1438 casus
1263 1401 1363 1438 mira
1393 1414 1530 1438 rerum
1563 1414 1637 1438 va-

109 1463 253 1502 rietate
285 1468 324 1499 et
353 1461 604 1499 iucunditate
635 1467 833 1512 exponat,
866 1460 1093 1509 multaque,
1138 1472 1239 1509 quae
1271 1459 1311 1496 in
1342 1459 1520 1497 Homero
1554 1472 1635 1495 non

110 1526 355 1568 occurrunt,
409 1525 716 1569 connnemoret,
762 1518 1090 1569 quandoquidem
1133 1518 1174 1554 in
1219 1517 1471 1555 inveniendis
1515 1516 1635 1554 rebus

111 1586 183 1617 aut
211 1580 252 1617 in
284 1578 453 1616 aliorum
484 1578 660 1616 inventis
690 1578 891 1629 sapienter
923 1575 1188 1627 adoptandis,
1225 1576 1449 1624 variandis,
1483 1588 1635 1613 ornan-

111 1638 193 1686 dis,
232 1636 513 1689 disponendiS,
556 1636 810 1686 eloquendis,
851 1634 917 1672 vel
947 1634 1120 1671 max-ime
1152 1639 1292 1684 poetae
1329 1634 1529 1684 ingenium
1564 1646 1634 1670 co-

110 1696 339 1747 gnoscitur3
379 1699 427 1732 ut
455 1693 724 1744 intelligatur,
773 1705 971 1743 quaenam
998 1692 1062 1729 ille
1091 1692 1140 1728 ab
1173 1691 1469 1741 antiquioribus
1503 1691 1634 1742 poetis

108 1755 188 1792 iam
221 1759 311 1790 ante
342 1752 525 1803 exposita
556 1751 607 1788 ad
638 1752 698 1789 sui
733 1750 919 1788 carminis
952 1756 1160 1797 naturam,
1192 1750 1392 1787 rationem
1424 1763 1481 1798 ac,
1501 1748 1633 1786 consi-

110 1812 232 1860 lium,
275 1810 623 1862 attemperaverit,
664 1823 745 1847 non
787 1808 1116 1859 intempestivum
1157 1808 1243 1845 fore
1279 1807 1547 1855 arbitramur,
1589 1806 1633 1855 si,

111 1870 179 1920 qui
210 1875 302 1907 ante
335 1868 540 1919 Virgilium
573 1874 734 1918 praeter
766 1867 989 1904 Homerum
1031 1879 1094 1903 res
1125 1866 1339 1913 Troianas,
1390 1865 1536 1903 excidii
1567 1864 1633 1902 in-

110 1927 269 1980 primis,
313 1926 361 1964 de
388 1940 467 1976 quo
502 1939 609 1963 nunc
639 1925 888 1976 potissimum
921 1924 1073 1975 agitur,
1128 1924 1411 1975 exposuerint,
1454 1936 1633 1973 quosque

111 1999 162 2023 ex
192 1986 240 2023 iis
270 1984 520 2036 potissimum
554 1984 716 2034 Virgilio
748 1989 841 2021 ante
874 1983 1010 2020 oculos
1040 1982 1157 2020 fuisse
1175 1982 1383 2033 probabile
1416 1982 1478 2030 sit,
1514 1981 1633 2032 paul—

110 2044 149 2082 lo
182 2043 407 2081 accuratius
437 2041 690 2093 indagemus,
742 2041 815 2079 etsi
853 2041 893 2078 in
927 2040 1129 2078 nonnullis
1161 2055 1233 2077 nos
1266 2040 1458 2078 doctioris
1491 2040 1632 2090 dispu-

110 2102 274 2140 tationis
306 2106 467 2138 tantum
498 2100 620 2137 lineas
653 2099 821 2147 ducere,
862 2099 902 2136 in
933 2099 1016 2135 aliis
1051 2099 1267 2146 nonnulla,
1300 2112 1401 2149 quae
1433 2097 1632 2149 copiosius

110 2161 188 2198 iam
221 2160 269 2197 ab
301 2159 386 2196 aliis
418 2158 525 2195 dicta
557 2163 673 2205 sunt,
717 2158 945 2195 summatim
979 2156 1161 2207 colligere
1193 2171 1273 2194 non
1304 2157 1544 2207 ignoremus

224 2219 300 2255 Res
338 2216 458 2267 igitur
500 2215 664 2253 Troiani
699 2216 791 2253 belli
833 2215 995 2252 omnino
1035 2222 1126 2266 post
1163 2217 1408 2263 Ilomermn,
1455 2215 1631 2266 primum

111 2274 398 2328 auctorem*)‚
444 2274 561 2324 longo
592 2280 726 2311 tamen
758 2281 986 2325 temporum
1017 2273 1252 2321 intervallo,
1300 2279 1460 2310 centum
1493 2272 1631 2309 saltem

110 2348 323 2382 annorum,
354 2345 427 2370 nec
457 2332 531 2370 nisi
562 2338 772 2384 postquam
805 2333 923 2383 vulgo
957 2332 1203 2370 circumferri
1235 2337 1451 2383 coeperant
1467 2330 1631 2368 Homeri

206 2507 232 2549 ‘)
262 2507 310 2537 Dc
331 2505 385 2537 his
405 2505 596 2537 accuratius
630 2504 831 2547 disputandi
854 2504 950 2537 locus
978 2504 1045 2536 crit
1075 2504 1119 2536 ad
1147 2504 1259 2547 ipsum
1282 2503 1481 2534 Homerum.
1529 2502 1630 2533 Nunc

111 2553 235 2598 reliqui
258 2554 387 2584 intucta
412 2564 464 2591 cu,
489 2564 576 2595 quae
596 2559 674 2584 autc
698 2551 839 2583 Iliadem
860 2564 933 2583 cum
956 2551 1108 2583 Scholiis
1127 2549 1273 2583 Venetis
1294 2563 1311 2582 u
1335 2549 1532 2581 Villoisono
1550 2548 1629 2580 edi-

111 2609 180 2634 tam
204 2600 286 2632 mihi
309 2598 507 2643 probabilia
528 2611 602 2630 csse
625 2598 845 2630 videbuntur.
894 2598 969 2630 Alia
994 2598 1067 2629 dies
1092 2597 1221 2636 docuit,
1247 2596 1471 2638 docebitque,
1498 2602 1533 2626 ut
1555 2595 1629 2627 lieri

112 2660 254 2681 necesse
285 2653 337 2678 cst
360 2645 478 2685 iniis,
511 2657 598 2687 quae
627 2651 758 2677 tuntum
787 2645 1021 2688 probabiliter
1051 2644 1214 2676 constitui
1241 2655 1327 2683 noc,
1360 2642 1429 2674 fido
1462 2642 1628 2674 historica

110 2696 317 2734 deficiente,
344 2692 431 2724 ultra
451 2690 732 2735 probabilitatem
752 2703 934 2731 assurgere
954 2698 1108 2735 possunt.
1158 2690 1312 2722 Servabo
1334 2696 1445 2721 autom
1460 2715 1468 2729 ‚
1495 2696 1531 2721 ut
1549 2689 1629 2721 ubi-

110 2755 177 2787 que
197 2741 264 2774 feci
280 2767 288 2779 ‚
314 2746 350 2771 ct
372 2739 406 2770 in
428 2744 609 2781 posterum
632 2750 770 2781 quoque
791 2738 913 2770 facium
928 2765 935 2777 ‚
960 2750 1084 2769 nomon
1107 2738 1273 2777 Homeri,
1299 2736 1519 2780 laudnboque
1543 2750 1628 2768 cur-

110 2791 208 2823 mina
236 2787 402 2825 IIomert'3
439 2785 472 2816 in
504 2797 541 2816 rc
566 2784 655 2816 enim
683 2785 817 2816 incvrta
850 2797 986 2816 suarum
1019 2785 1219 2828 opinionum
1245 2783 1397 2815 ludibria
1424 2783 1627 2824 immiscere,

110 2849 173 2869 nec
195 2835 299 2868 inodo
320 2834 568 2875 interponere,
595 2832 656 2863 scd
680 2839 852 2875 tamquam
875 2844 936 2874 pro
956 2831 1145 2875 exploratis
1169 2830 1379 2863 substituere
1404 2831 1494 2862 velle
1517 2843 1557 2863 ea
1586 2831 1628 2863 iis

110 2882 357 2928 opinionibus,
399 2891 486 2923 quac
505 2878 608 2922 vulgo
639 2886 800 2922 receptae
834 2885 931 2917 sunt,
967 2879 1000 2910 in
1033 2879 1236 2922 prudentem
1267 2877 1374 2909 virum
1400 2878 1493 2910 baud
1523 2877 1627 2910 cadit.

110 2933 183 2964 llac
204 2930 325 2962 eadem
347 2927 391 2958 dc
413 2938 531 2958 caussa
552 2938 614 2969 pcr
634 2937 752 2957 omncs
772 2925 970 2969 superiores
998 2937 1108 2957 :innos
1132 2924 1348 2969 suspiciones
1368 2925 1411 2956 dc
1434 2924 1627 2957 Homericis

110 2977 317 3012 carminibus
334 2972 486 3020 pectoris
506 2979 671 3016 tunquam
699 2971 856 3005 claustris
891 2972 1083 3005 custoditas
1114 2984 1182 3005 non
1212 2972 1279 3004 nisi
1303 2972 1381 3005 loco
1410 2985 1495 3013 suo,
1529 2977 1565 3003 et
1584 2972 1628 3004 ad
