1779 3420
100 197 202 248 552
428 196 482 243 Ρ.
520 191 881 243 VIRGILII
917 187 1295 238 MARONIS

101 320 447 386 Inmanisque
471 318 600 369 Gela
623 316 767 366 fluvii
793 315 1116 380 cognomine
1145 313 1294 364 dicta.

196 440 266 475 702
297 436 534 480 Inmanisque
567 434 660 467 Gela
683 433 800 479 flavii
834 432 1048 478 cognomine
1083 432 1193 464 dicta.
1244 431 1435 463 Haeremus
1470 427 1505 460 in
1539 438 1615 460 voc.

103 487 282 525 inmanis,
307 495 375 529 quo
401 484 506 516 modo
531 482 612 514 urbs
639 481 727 514 Gela
751 480 800 513 ita
825 478 999 523 appellari
1024 478 1156 523 possit:
1181 491 1213 511 v.
1238 484 1370 510 notam.
1418 476 1526 508 Forte
1550 474 1617 506 fuit

107 533 281 568 Innantis
304 544 352 564 sc.
378 529 508 574 campis
532 528 566 561 fl.
594 534 632 560 ut
656 528 781 560 Horat.
805 527 864 568 ΙΙΙ,
892 527 947 568 17,
972 528 1006 561 7.
1037 528 1226 559 innantem
1259 524 1427 557 Maricae
1457 522 1617 554 Litcori—

106 581 173 614 bus
195 579 357 612 tenuisse
380 578 497 609 Lirin.
548 574 640 608 Gela
664 574 739 607 noli
762 580 916 612 mutare3
951 573 1034 605 urbs
1067 571 1213 617 proprie
1247 566 1270 615 ἡ
1311 568 1431 612 Γέλα,
1468 575 1504 601 et
1536 567 1617 600 ssuv.

108 625 128 662 ὁ
158 623 289 665 Γέλας.
341 621 453 668 (Γὲλᾶ
482 624 638 663 Graece,
670 628 703 654 et
728 621 777 653 ita
801 621 837 653 h.
860 620 884 653 l.
911 619 1100 663 Virgiliu85
1132 626 1253 652 contra
1287 616 1392 650 Silius
1428 617 1619 649 Romanam

107 671 390 707 cousuetudinem
411 676 549 702 secutus
569 669 778 709 X!V,218.:
800 666 942 708 ,‚Venit,
959 667 1003 698 ab
1028 678 1127 699 amne
1148 665 1292 697 trahens
1312 675 1438 696 nomeu
1460 662 1618 695 Gelaf‘

106 722 266 754 Ceterum
292 717 378 751 mihi
403 728 472 749 non
498 721 598 748 tanta
622 715 759 748 videtur
785 715 909 746 horum
935 713 1121 746 verborum
1153 711 1361 751 difficultas,
1395 716 1521 754 quanta
1558 721 1619 741 su-

108 767 304 814 perioribus
331 763 606 809 lnterpretibu83
631 761 701 795 vid.
727 763 832 801 Not.;
858 773 922 794 nec
947 759 1143 793 necessaria
1168 757 1323 791 Martinii
1350 755 1560 798 emendatio,
1586 755 1621 787 in

107 813 236 847 Dim-iis
262 811 435 846 Scholast.
462 809 659 842 Darmstad.
686 821 717 841 a.
746 809 847 844 1826.
873 809 913 840 ΙΙ.
948 808 1041 840 Part.
1074 807 1130 841 43.
1167 804 1366 851 proposita:
1403 816 1427 836 α
1451 802 1623 848 fluvio

108 861 324 908 cognomine
358 858 479 901 dicta,
526 868 731 901 quamquam
776 855 807 888 ei
845 854 1016 887 calculum
1061 852 1183 886 adiicit
1216 852 1319 884 Iacob
1354 850 1388 883 in
1428 850 1623 895 Disquisit.

113 908 245 953 Virgil.
280 907 317 938 P.
350 907 375 938 Ι.

409 917 445 949 p.
481 905 513 938 8.
562 904 688 936 Fluvii
719 903 932 948 cognomine
967 902 1066 934 dicta
1101 900 1123 933 i.
1169 912 1203 944 q.
1245 898 1349 932 fluvio
1394 896 1622 941 cognominis.

113 954 208 999 Wr.)
257 953 302 986 de
329 953 473 985 nomine
497 950 657 984 Pan-has.
684 956 719 982 et
740 950 865 983 Hamb.
888 961 942 995 pr.
968 959 1033 993 pro
1060 960 1130 980 var.
1154 946 1236 980 lect.

110 1060 237 1099 Servii
267 1059 389 1098 verba
418 1072 637 1110 apponam:
688 1056 840 1106 „Palus

110 1125 168 1157 est
193 1119 310 1156 iuxta
331 1117 508 1156 eiusdem
532 1116 704 1154 nominis
724 1114 841 1167 oppi-

112 1177 227 1215 dum:
261 1175 310 1214 de
334 1189 413 1227 qua
442 1174 620 1226 quodam
643 1180 838 1225 tempore,

111 1249 202 1274 cum
229 1234 375 1272 siccata
404 1233 667 1285 pestilentiam
705 1245 839 1270 creas-

111 1300 190 1340 set,
223 1293 431 1330 consultus
462 1291 629 1343 Apollo,
674 1303 725 1327 an
752 1303 839 1326 eam

112 1352 272 1404 penitus
290 1350 506 1389 exhaurire
528 1350 740 1395 deberent,
772 1360 839 1385 re—

112 1409 294 1461 spondit:
328 1406 404 1462 Μή
439 1409 544 1449 κίνει
575 1402 841 1460 Καμάριναν·

114 1467 304 1519 ἀκίνητος
324 1464 400 1521 γὰρ
417 1462 615 1519 ἀμείνων·
642 1478 721 1515 quo
743 1477 843 1501 con—

114 1531 240 1563 temto
292 1525 598 1563 exsiccaverunt
643 1522 844 1574 paludem,

115 1590 156 1621 et
178 1589 359 1620 carentes
377 1582 623 1635 pestilentia,
666 1593 737 1632 per
758 1592 844 1616 eam

116 1647 271 1693 partem
300 1640 483 1691 ingressis
512 1639 716 1686 hostibus,
746 1650 845 1689 poe—

117 1713 188 1736 nas
207 1698 447 1736 dede1·unt.“
506 1696 655 1736 Similia
676 1700 846 1734 narrant

118 1756 256 1808 Steph.
288 1757 405 1808 Byz.,
452 1755 566 1794 Suid.
601 1760 640 1792 et
682 1752 845 1791 Anthol.

119 1816 189 1852 Gr.
212 1814 320 1866 apud
339 1814 497 1853 Cluver.
556 1813 635 1850 Sed
657 1825 758 1862 quae
778 1811 846 1848 illa

119 1872 231 1911 urbis
268 1872 511 1924 expugnatio
550 1871 696 1917 suerit,
745 1883 846 1907 nus-

120 1944 240 1981 quam
267 1930 506 1968 declaratur.
566 1929 644 1966 Ter
669 1926 849 1965 Camari-

121 2003 212 2027 nam
243 1988 361 2026 fuisse
392 1987 617 2036 conditam,
658 1999 708 2023 ex
736 1984 850 2022 Thu-

122 2046 267 2098 cydide
289 2046 451 2097 aliisque
475 2045 594 2083 docet
620 2044 726 2082 idem
755 2043 852 2080 Clu-

122 2118 208 2145 ver.
269 2106 456 2142 Ceterum
483 2110 644 2155 poetam
672 2101 772 2139 haee
802 2113 851 2138 ex

124 2177 195 2201 sua
224 2163 377 2214 potiuS,
420 2175 541 2213 quam
572 2161 728 2199 Aeneae
755 2172 852 2197 nar-

123 2220 269 2270 rantis,
329 2234 501 2272 persona
550 2219 716 2266 dixisse,
775 2217 852 2254 iam

127 2279 289 2317 Servius
324 2278 452 2328 vidit,
494 2277 604 2328 quod
632 2283 765 2315 tamen
804 2274 853 2311 de

128 2343 213 2374 toto
239 2336 317 2373 hoc
339 2336 425 2374 loco
446 2350 526 2374 non
548 2336 680 2374 minus
715 2340 854 2371 tenen-

129 2394 239 2432 dum.
298 2394 397 2431 Nam
440 2408 575 2431 omnes
604 2393 694 2430 illae
736 2390 854 2428 urbes

129 2459 169 2489 et
190 2452 371 2489 locorum
398 2452 559 2489 nomina
577 2451 729 2487 Aeneae
751 2455 855 2486 teni-

131 2510 294 2561 poribus
315 2509 536 2547 recentiora
558 2514 663 2546 sunt.

189 2570 284 2608 701.
305 2570 400 2608 702.
422 2567 477 2604 De
496 2567 575 2604 situ
595 2566 702 2604 urbis
721 2571 761 2601 et
778 2564 858 2601 ssu-

133 2625 186 2662 vii
211 2625 336 2662 Gelae
358 2636 670 2675 camporumque
687 2635 750 2660 res
784 2635 858 2672 pa—

133 2697 223 2721 rum
243 2683 462 2733 explorata.
493 2696 553 2731 v.‚
585 2687 742 2732 praeter
765 2679 860 2716 Clu-

135 2753 215 2778 ver.
247 2749 286 2777 et
315 2754 414 2790 quos
449 2740 667 2777 Burmann.
708 2736 860 2782 laudat,

136 2797 300 2836 Dorvill.
331 2797 463 2835 Sicula
494 2812 524 2835 c.
559 2800 596 2838 6,
638 2794 863 2845 Aequiescit

136 2856 349 2894 Dorvillius
373 2855 414 2893 in
447 2853 621 2893 Cluverii
655 2852 862 2894 sententia,

137 2927 218 2952 esse
241 2914 400 2962 Gelam,
432 2914 497 2963 qui
528 2925 638 2950 nune
663 2913 802 2948 lr'imne
821 2909 866 2946 ‹li

906 1057 1028 1093 Terra
1061 1056 1238 1103 Μιονα,
1292 1054 1460 1104 Campos
1492 1057 1625 1088 autem

898 1114 1063 1163 Geloos,
1094 1113 1268 1164 egregiae
1295 1111 1514 1149 fertilitatis
1540 1109 1627 1160 pla-

897 1172 1059 1220 nitiem,
1099 1171 1218 1209 latius
1255 1170 1308 1207 cis
1342 1175 1383 1207 et
1415 1169 1520 1206 ultra
1545 1167 1627 1204 flu-

895 1231 1008 1269 vium
1031 1229 1227 1282 patuisse,
1259 1241 1379 1279 quarn
1399 1227 1518 1277 vulgo
1540 1237 1628 1263 cre-

896 1288 1021 1327 ditur.
1082 1287 1183 1335 Sed,
1214 1300 1407 1336 quorsum
1440 1284 1630 1322 immanis

899 1351 1074 1398 spectet,
1116 1344 1292 1383 dubitari
1319 1349 1463 1396 potest.
1524 1342 1628 1378 Loca

899 1405 996 1443 hinc
1030 1416 1215 1456 expressa
1253 1401 1392 1440 Claud.
1424 1402 1471 1438 R.
1508 1400 1550 1438 P.
1581 1398 1630 1446 ΙΙ,

902 1463 968 1504 58.
1001 1462 1066 1501 Sil.
1097 1461 1202 1510 XIV,
1235 1463 1318 1502 218
1351 1458 1449 1497 nihil
1478 1457 1631 1496 iuvant.

903 1534 1103 1570 magnam
1158 1519 1504 1570 interpretantur,
1563 1514 1632 1552 sed

904 1579 1015 1617 urbis
1039 1577 1345 1628 amplitudinem
1371 1588 1487 1613 nenio
1517 1579 1634 1612 vete-

903 1650 995 1675 rum
1015 1642 1222 1673 memorat.
1282 1634 1462 1672 Proclive
1480 1638 1558 1681 est,
1582 1630 1634 1667 ad

906 1693 1088 1732 dominos
1116 1693 1295 1741 referre,
1347 1697 1395 1729 ut
1436 1703 1550 1741 saepe
1593 1689 1634 1725 in

905 1751 1067 1791 urbium
1097 1750 1285 1802 epithetis
1313 1750 1385 1797 fit,
1416 1755 1464 1787 ut
1493 1748 1541 1785 ab
1568 1747 1633 1784 in-

904 1809 1084 1848 colarum
1102 1809 1166 1847 vel
1184 1808 1439 1845 dominorum
1458 1804 1637 1844 moribus

907 1875 946 1906 et
966 1866 1132 1918 ingeniis
1151 1866 1271 1904 ducta
1289 1866 1380 1903 sint.
1441 1864 1571 1914 Atque
1591 1876 1636 1899 eo

909 1925 1113 1964 devenisse
1148 1924 1268 1962 etiarn
1297 1922 1537 1961 Dorvillium
1574 1920 1637 1958 vi-

910 1984 984 2022 deo
1005 1984 1045 2021 in
1068 1982 1188 2020 Sicul.
1207 1997 1245 2034 p.
1270 1985 1361 2024 129.
1423 1981 1542 2018 Gelae
1570 1985 1636 2016 ta—

910 2055 1002 2080 men
1023 2047 1216 2093 tyrannos
1234 2053 1372 2078 saevos
1394 2045 1432 2076 et
1449 2040 1639 2077 immanes

911 2100 1052 2148 fuisse,
1083 2099 1191 2137 unde
1209 2098 1342 2136 doceri
1364 2098 1509 2150 possit,
1542 2094 1638 2133 mihi

911 2172 993 2196 non
1027 2157 1120 2194 satis
1149 2163 1318 2194 constat.
1379 2156 1498 2204 Nam,
1540 2166 1641 2204 quae

912 2215 1021 2268 apud
1044 2215 1240 2256 Herodot,
1271 2214 1352 2262 Vll,
1385 2213 1463 2255 153
1483 2235 1538 2240 —-
1561 2211 1640 2252 156

913 2274 961 2312 de
981 2274 1028 2310 iis
1051 2279 1348 2319 memorantur,
1378 2272 1429 2309 ad
1456 2269 1642 2308 immani-

912 2339 1036 2370 tatem
1057 2345 1138 2369 non
1158 2331 1391 2381 adsurgunt.
1450 2329 1574 2379 igitur
1595 2327 1643 2363 de

916 2390 1097 2441 tyrannis
1123 2389 1219 2426 Gela
1243 2387 1444 2435 oriundis,
1468 2386 1643 2423 Hierone

915 2455 955 2485 et
986 2447 1260 2498 Thrasybulo,
1303 2444 1465 2482 Gelonis
1504 2441 1643 2480 fratri—

915 2507 990 2543 bus
1003 2535 1012 2553 ,
1036 2507 1325 2556 Syracusarum
1343 2501 1526 2553 tyrannis
1540 2530 1549 2548 ,
1568 2500 1643 2537 erit

917 2561 1205 2613 accipiendum.
1264 2558 1645 2611 Proponituretiain

918 2635 940 2657 a
973 2619 1164 2658 Dorvillio
1193 2619 1316 2656 altera
1352 2615 1645 2668 interpretatio,

920 2684 967 2716 ut
1000 2678 1049 2714 ad
1091 2677 1201 2715 urbis
1243 2677 1363 2714 situm
1402 2675 1451 2712 ad
1491 2687 1647 2711 amnem

919 2736 1161 2774 verticosum
1184 2740 1223 2771 et
1254 2734 1468 2772 immanem
1497 2733 1648 2770 resera-

921 2800 1001 2830 tur.
1063 2793 1116 2830 lta
1141 2794 1246 2830 Gela
1278 2793 1468 2829 bruttianis
1500 2791 1578 2828 erit
1607 2791 1648 2827 in

923 2852 1010 2888 loco
1047 2850 1228 2898 immani,
1278 2849 1505 2898 horrendo,
1556 2848 1650 2885 sita:

923 2922 995 2946 nec
1025 2909 1125 2946 male
1158 2908 1245 2945 hoc.
1308 2908 1385 2946 Sed
1420 2920 1546 2959 neque
1575 2906 1651 2944 loci
