<?xml version="1.0" encoding="UTF-8"?>
<!DOCTYPE html PUBLIC "-//W3C//DTD XHTML 1.0 Transitional//EN"
    "http://www.w3.org/TR/xhtml1/DTD/xhtml1-transitional.dtd">
<html xmlns="http://www.w3.org/1999/xhtml" xml:lang="en" lang="en">
 <head>
  <title>
</title>
<meta http-equiv="Content-Type" content="text/html;charset=utf-8" />
  <meta name='ocr-system' content='tesseract 3.04.00' />
  <meta name='ocr-capabilities' content='ocr_page ocr_carea ocr_par ocr_line ocrx_word'/>
</head>
<body>
  <div class='ocr_page' id='page_1' title='image "./publiusvirgilius02virguoft/publiusvirgilius02virguoft_0779.png"; bbox 0 0 1811 3388; ppageno 0'>
   <div class='ocr_carea' id='block_1_1' title="bbox 391 200 1415 262">
    <p class='ocr_par' dir='ltr' id='par_1_1' title="bbox 391 200 1415 262">
     <span class='ocr_line' id='line_1_1' title="bbox 391 200 1415 262; baseline 0.004 -11"><span class='ocrx_word' id='word_1_1' title='bbox 391 200 798 251; x_wconf 88' lang='lat' dir='ltr'><strong>AENEIDOS</strong></span> <span class='ocrx_word' id='word_1_2' title='bbox 836 202 977 250; x_wconf 89' lang='lat' dir='ltr'>LIB.</span> <span class='ocrx_word' id='word_1_3' title='bbox 1015 203 1076 262; x_wconf 84' lang='lat' dir='ltr'><strong>V,</strong></span> <span class='ocrx_word' id='word_1_4' title='bbox 1117 207 1415 255; x_wconf 74' lang='lat'>327—344</span> 
     </span>
    </p>
   </div>
   <div class='ocr_carea' id='block_1_2' title="bbox 1554 212 1646 258">
    <p class='ocr_par' dir='ltr' id='par_1_2' title="bbox 1554 212 1646 258">
     <span class='ocr_line' id='line_1_2' title="bbox 1554 212 1646 258; baseline 0.022 -2"><span class='ocrx_word' id='word_1_5' title='bbox 1554 212 1646 258; x_wconf 78' lang='lat'><strong>771</strong></span> 
     </span>
    </p>
   </div>
   <div class='ocr_carea' id='block_1_3' title="bbox 146 325 1499 390">
    <p class='ocr_par' dir='ltr' id='par_1_3' title="bbox 146 325 1499 390">
     <span class='ocr_line' id='line_1_3' title="bbox 146 325 1499 390; baseline 0.001 -14"><span class='ocrx_word' id='word_1_6' title='bbox 146 332 266 378; x_wconf 91' lang='lat' dir='ltr'><strong>Non</strong></span> <span class='ocrx_word' id='word_1_7' title='bbox 286 337 462 375; x_wconf 88' lang='lat' dir='ltr'><strong>tamen</strong></span> <span class='ocrx_word' id='word_1_8' title='bbox 487 325 724 390; x_wconf 84' lang='lat' dir='ltr'><strong>Euryali,</strong></span> <span class='ocrx_word' id='word_1_9' title='bbox 758 343 868 375; x_wconf 90' lang='lat' dir='ltr'><strong>non</strong></span> <span class='ocrx_word' id='word_1_10' title='bbox 897 325 984 375; x_wconf 93' lang='lat' dir='ltr'><strong>ille</strong></span> <span class='ocrx_word' id='word_1_11' title='bbox 1007 325 1204 375; x_wconf 87' lang='lat' dir='ltr'><strong>oblitus</strong></span> <span class='ocrx_word' id='word_1_12' title='bbox 1228 342 1499 381; x_wconf 87' lang='lat' dir='ltr'><strong>amorum:</strong></span> 
     </span>
    </p>
   </div>
   <div class='ocr_carea' id='block_1_4' title="bbox 145 395 1464 462">
    <p class='ocr_par' dir='ltr' id='par_1_4' title="bbox 145 395 1464 462">
     <span class='ocr_line' id='line_1_4' title="bbox 145 395 1464 462; baseline 0 -16"><span class='ocrx_word' id='word_1_13' title='bbox 145 401 279 446; x_wconf 85' lang='lat' dir='ltr'><strong>Nam</strong></span> <span class='ocrx_word' id='word_1_14' title='bbox 304 411 416 445; x_wconf 87' lang='lat' dir='ltr'><strong>sese</strong></span> <span class='ocrx_word' id='word_1_15' title='bbox 442 395 693 461; x_wconf 91' lang='lat' dir='ltr'><strong>obposuit</strong></span> <span class='ocrx_word' id='word_1_16' title='bbox 714 396 853 444; x_wconf 90' lang='lat' dir='ltr'><strong>Salio</strong></span> <span class='ocrx_word' id='word_1_17' title='bbox 877 412 975 462; x_wconf 91' lang='lat' dir='ltr'><strong>per</strong></span> <span class='ocrx_word' id='word_1_18' title='bbox 998 395 1197 444; x_wconf 89' lang='lat' dir='ltr'><strong>lubrica</strong></span> <span class='ocrx_word' id='word_1_19' title='bbox 1218 411 1464 460; x_wconf 79' lang='lat' dir='ltr'><strong>surgens3</strong></span> 
     </span>
    </p>
   </div>
   <div class='ocr_carea' id='block_1_5' title="bbox 1554 406 1656 453">
    <p class='ocr_par' dir='ltr' id='par_1_5' title="bbox 1554 406 1656 453">
     <span class='ocr_line' id='line_1_5' title="bbox 1554 406 1656 453; baseline 0 0"><span class='ocrx_word' id='word_1_20' title='bbox 1554 406 1656 453; x_wconf 84' lang='lat'><strong>335</strong></span> 
     </span>
    </p>
   </div>
   <div class='ocr_carea' id='block_1_6' title="bbox 143 465 1654 739">
    <p class='ocr_par' dir='ltr' id='par_1_6' title="bbox 144 465 1296 530">
     <span class='ocr_line' id='line_1_6' title="bbox 144 465 1296 530; baseline -0.001 -15"><span class='ocrx_word' id='word_1_21' title='bbox 144 465 240 515; x_wconf 88' lang='lat' dir='ltr'><strong>Ille</strong></span> <span class='ocrx_word' id='word_1_22' title='bbox 267 474 443 514; x_wconf 89' lang='lat' dir='ltr'><strong>autem</strong></span> <span class='ocrx_word' id='word_1_23' title='bbox 468 467 628 530; x_wconf 86' lang='lat' dir='ltr'><strong>spissa</strong></span> <span class='ocrx_word' id='word_1_24' title='bbox 653 465 808 514; x_wconf 86' lang='lat' dir='ltr'><strong>iacuit</strong></span> <span class='ocrx_word' id='word_1_25' title='bbox 832 465 1107 514; x_wconf 88' lang='lat' dir='ltr'><strong>revolutus</strong></span> <span class='ocrx_word' id='word_1_26' title='bbox 1127 482 1296 516; x_wconf 85' lang='lat' dir='ltr'><strong>arena.</strong></span> 
     </span>
    </p>

    <p class='ocr_par' dir='ltr' id='par_1_7' title="bbox 143 534 1339 598">
     <span class='ocr_line' id='line_1_7' title="bbox 143 534 1339 598; baseline 0.001 -16"><span class='ocrx_word' id='word_1_27' title='bbox 143 534 346 583; x_wconf 81' lang='lat' dir='ltr'>Emicat</span> <span class='ocrx_word' id='word_1_28' title='bbox 365 534 619 598; x_wconf 70' lang='lat' dir='ltr'><strong>Euryalus</strong></span> <span class='ocrx_word' id='word_1_29' title='bbox 635 576 647 595; x_wconf 78' lang='lat'>‚</span> <span class='ocrx_word' id='word_1_30' title='bbox 681 543 733 583; x_wconf 92' lang='lat' dir='ltr'><strong>et</strong></span> <span class='ocrx_word' id='word_1_31' title='bbox 751 551 979 584; x_wconf 90' lang='lat' dir='ltr'><strong>munere</strong></span> <span class='ocrx_word' id='word_1_32' title='bbox 999 535 1168 583; x_wconf 87' lang='lat' dir='ltr'><strong>victor</strong></span> <span class='ocrx_word' id='word_1_33' title='bbox 1188 535 1339 584; x_wconf 88' lang='lat' dir='ltr'><strong>amici</strong></span> 
     </span>
    </p>

    <p class='ocr_par' dir='ltr' id='par_1_8' title="bbox 143 603 1654 739">
     <span class='ocr_line' id='line_1_8' title="bbox 143 603 1654 671; baseline 0.004 -20"><span class='ocrx_word' id='word_1_34' title='bbox 143 604 317 652; x_wconf 86' lang='lat' dir='ltr'><strong>Prima</strong></span> <span class='ocrx_word' id='word_1_35' title='bbox 339 612 512 666; x_wconf 78' lang='lat' dir='ltr'><strong>tenet,</strong></span> <span class='ocrx_word' id='word_1_36' title='bbox 550 604 845 669; x_wconf 87' lang='lat' dir='ltr'><strong>plausuque</strong></span> <span class='ocrx_word' id='word_1_37' title='bbox 874 604 1015 654; x_wconf 83' lang='lat' dir='ltr'><strong>volat</strong></span> <span class='ocrx_word' id='word_1_38' title='bbox 1039 603 1366 671; x_wconf 82' lang='lat' dir='ltr'><strong>fremituque</strong></span> <span class='ocrx_word' id='word_1_39' title='bbox 1400 605 1654 657; x_wconf 88' lang='lat' dir='ltr'><strong>secundO.</strong></span> 
     </span>
     <span class='ocr_line' id='line_1_9' title="bbox 143 673 1585 739; baseline 0.003 -19"><span class='ocrx_word' id='word_1_40' title='bbox 143 675 269 721; x_wconf 87' lang='lat' dir='ltr'><strong>Post</strong></span> <span class='ocrx_word' id='word_1_41' title='bbox 291 673 546 736; x_wconf 71' lang='lat' dir='ltr'><strong>Helymus</strong></span> <span class='ocrx_word' id='word_1_42' title='bbox 570 673 735 735; x_wconf 83' lang='lat' dir='ltr'><strong>subit,</strong></span> <span class='ocrx_word' id='word_1_43' title='bbox 776 682 828 722; x_wconf 93' lang='lat' dir='ltr'><strong>et</strong></span> <span class='ocrx_word' id='word_1_44' title='bbox 844 691 987 722; x_wconf 90' lang='lat' dir='ltr'><strong>nunc</strong></span> <span class='ocrx_word' id='word_1_45' title='bbox 1010 674 1159 722; x_wconf 80' lang='lat' dir='ltr'><strong>tertia</strong></span> <span class='ocrx_word' id='word_1_46' title='bbox 1186 673 1360 739; x_wconf 84' lang='lat' dir='ltr'><strong>palma</strong></span> <span class='ocrx_word' id='word_1_47' title='bbox 1381 675 1585 725; x_wconf 85' lang='lat' dir='ltr'>Diores,</span> 
     </span>
    </p>
   </div>
   <div class='ocr_carea' id='block_1_7' title="bbox 142 742 1447 806">
    <p class='ocr_par' dir='ltr' id='par_1_9' title="bbox 142 742 1447 806">
     <span class='ocr_line' id='line_1_10' title="bbox 142 742 1447 806; baseline 0.002 -16"><span class='ocrx_word' id='word_1_48' title='bbox 142 742 237 790; x_wconf 88' lang='lat' dir='ltr'><strong>Hic</strong></span> <span class='ocrx_word' id='word_1_49' title='bbox 260 751 434 790; x_wconf 85' lang='lat' dir='ltr'><strong>totum</strong></span> <span class='ocrx_word' id='word_1_50' title='bbox 462 759 647 791; x_wconf 82' lang='lat' dir='ltr'><strong>caveae</strong></span> <span class='ocrx_word' id='word_1_51' title='bbox 671 759 977 792; x_wconf 79' lang='lat' dir='ltr'><strong>consessum</strong></span> <span class='ocrx_word' id='word_1_52' title='bbox 1001 743 1241 806; x_wconf 82' lang='lat' dir='ltr'><strong>ingentis,</strong></span> <span class='ocrx_word' id='word_1_53' title='bbox 1283 752 1335 792; x_wconf 90' lang='lat' dir='ltr'><strong>et</strong></span> <span class='ocrx_word' id='word_1_54' title='bbox 1357 760 1447 793; x_wconf 82' lang='lat' dir='ltr'><strong>ora</strong></span> 
     </span>
    </p>
   </div>
   <div class='ocr_carea' id='block_1_8' title="bbox 1553 749 1654 796">
    <p class='ocr_par' dir='ltr' id='par_1_10' title="bbox 1553 749 1654 796">
     <span class='ocr_line' id='line_1_11' title="bbox 1553 749 1654 796; baseline 0.02 -2"><span class='ocrx_word' id='word_1_55' title='bbox 1553 749 1654 796; x_wconf 84' lang='lat'><strong>340</strong></span> 
     </span>
    </p>
   </div>
   <div class='ocr_carea' id='block_1_9' title="bbox 141 812 1550 1086">
    <p class='ocr_par' dir='ltr' id='par_1_11' title="bbox 141 812 1550 1086">
     <span class='ocr_line' id='line_1_12' title="bbox 142 812 1550 879; baseline 0 -19"><span class='ocrx_word' id='word_1_56' title='bbox 142 812 316 860; x_wconf 88' lang='lat' dir='ltr'><strong>Prima</strong></span> <span class='ocrx_word' id='word_1_57' title='bbox 338 821 573 876; x_wconf 71' lang='lat' dir='ltr'><strong>patrum„</strong></span> <span class='ocrx_word' id='word_1_58' title='bbox 610 814 814 875; x_wconf 84' lang='lat' dir='ltr'><strong>magnis</strong></span> <span class='ocrx_word' id='word_1_59' title='bbox 838 812 1004 861; x_wconf 86' lang='lat' dir='ltr'><strong>Salius</strong></span> <span class='ocrx_word' id='word_1_60' title='bbox 1028 812 1348 861; x_wconf 88' lang='lat' dir='ltr'><strong>clamoribus</strong></span> <span class='ocrx_word' id='word_1_61' title='bbox 1368 813 1550 879; x_wconf 78' lang='lat' dir='ltr'><strong>inplet,</strong></span> 
     </span>
     <span class='ocr_line' id='line_1_13' title="bbox 141 880 1458 947; baseline 0.002 -17"><span class='ocrx_word' id='word_1_62' title='bbox 141 883 508 946; x_wconf 84' lang='lat' dir='ltr'><strong>Ereptumque</strong></span> <span class='ocrx_word' id='word_1_63' title='bbox 530 880 657 929; x_wconf 90' lang='lat' dir='ltr'><strong>dolo</strong></span> <span class='ocrx_word' id='word_1_64' title='bbox 677 881 833 930; x_wconf 86' lang='lat' dir='ltr'><strong>reddi</strong></span> <span class='ocrx_word' id='word_1_65' title='bbox 859 882 954 930; x_wconf 90' lang='lat' dir='ltr'><strong>sibi</strong></span> <span class='ocrx_word' id='word_1_66' title='bbox 975 883 1145 947; x_wconf 89' lang='lat' dir='ltr'><strong>poscit</strong></span> <span class='ocrx_word' id='word_1_67' title='bbox 1174 881 1458 933; x_wconf 89' lang='lat' dir='ltr'><strong>honorem.</strong></span> 
     </span>
     <span class='ocr_line' id='line_1_14' title="bbox 144 950 1525 1016; baseline 0 -18"><span class='ocrx_word' id='word_1_68' title='bbox 144 953 367 998; x_wconf 76' lang='lat' dir='ltr'><strong>Tutatur</strong></span> <span class='ocrx_word' id='word_1_69' title='bbox 384 950 534 998; x_wconf 72' lang='lat' dir='ltr'><strong>lavor</strong></span> <span class='ocrx_word' id='word_1_70' title='bbox 553 951 864 1013; x_wconf 70' lang='lat' dir='ltr'><strong>Euryalum,</strong></span> <span class='ocrx_word' id='word_1_71' title='bbox 904 951 1257 1016; x_wconf 85' lang='lat' dir='ltr'><strong>lacrimaeque</strong></span> <span class='ocrx_word' id='word_1_72' title='bbox 1282 951 1525 1013; x_wconf 75' lang='lat' dir='ltr'><strong>decorae,</strong></span> 
     </span>
     <span class='ocr_line' id='line_1_15' title="bbox 144 1020 1417 1086; baseline 0.002 -19"><span class='ocrx_word' id='word_1_73' title='bbox 144 1020 352 1068; x_wconf 84' lang='lat' dir='ltr'><strong>Gratior</strong></span> <span class='ocrx_word' id='word_1_74' title='bbox 375 1028 426 1068; x_wconf 90' lang='lat' dir='ltr'><strong>et</strong></span> <span class='ocrx_word' id='word_1_75' title='bbox 450 1020 636 1085; x_wconf 87' lang='lat' dir='ltr'><strong>pulcro</strong></span> <span class='ocrx_word' id='word_1_76' title='bbox 661 1021 879 1069; x_wconf 86' lang='lat' dir='ltr'><strong>veniens</strong></span> <span class='ocrx_word' id='word_1_77' title='bbox 902 1022 954 1069; x_wconf 90' lang='lat' dir='ltr'><strong>in</strong></span> <span class='ocrx_word' id='word_1_78' title='bbox 984 1037 1210 1086; x_wconf 86' lang='lat' dir='ltr'><strong>corpore</strong></span> <span class='ocrx_word' id='word_1_79' title='bbox 1242 1022 1417 1071; x_wconf 80' lang='lat' dir='ltr'><strong>virtus,</strong></span> 
     </span>
    </p>
   </div>
   <div class='ocr_carea' id='block_1_10' title="bbox 235 1157 1649 1249">
    <p class='ocr_par' dir='ltr' id='par_1_12' title="bbox 235 1157 1649 1249">
     <span class='ocr_line' id='line_1_16' title="bbox 235 1157 1210 1204; baseline -0.002 -12"><span class='ocrx_word' id='word_1_80' title='bbox 235 1157 305 1192; x_wconf 72' lang='lat'><strong>334</strong></span> <span class='ocrx_word' id='word_1_81' title='bbox 339 1170 499 1191; x_wconf 79' lang='lat' dir='ltr'><strong>amorum</strong></span> <span class='ocrx_word' id='word_1_82' title='bbox 534 1167 588 1191; x_wconf 78' lang='lat' dir='ltr'><strong>est</strong></span> <span class='ocrx_word' id='word_1_83' title='bbox 622 1158 727 1192; x_wconf 84' lang='lat' dir='ltr'><strong>Witt.</strong></span> <span class='ocrx_word' id='word_1_84' title='bbox 773 1166 807 1191; x_wconf 89' lang='lat' dir='ltr'><strong>et</strong></span> <span class='ocrx_word' id='word_1_85' title='bbox 847 1159 895 1191; x_wconf 88' lang='lat' dir='ltr'><strong>sic</strong></span> <span class='ocrx_word' id='word_1_86' title='bbox 930 1158 1089 1204; x_wconf 78' lang='lat' dir='ltr'><strong>plerique</strong></span> <span class='ocrx_word' id='word_1_87' title='bbox 1121 1158 1210 1191; x_wconf 85' lang='lat' dir='ltr'><strong>Pier.</strong></span> 
     </span>
     <span class='ocr_line' id='line_1_17' title="bbox 748 1206 1649 1249; baseline -0.003 -9"><span class='ocrx_word' id='word_1_88' title='bbox 748 1206 817 1240; x_wconf 70' lang='lat'><strong>335</strong></span> <span class='ocrx_word' id='word_1_89' title='bbox 854 1210 902 1238; x_wconf 61' lang='lat' dir='ltr'><strong>Jic</strong></span> <span class='ocrx_word' id='word_1_90' title='bbox 935 1218 1014 1238; x_wconf 74' lang='lat' dir='ltr'><strong>sese</strong></span> <span class='ocrx_word' id='word_1_91' title='bbox 1049 1206 1143 1249; x_wconf 81' lang='lat' dir='ltr'><strong>apud</strong></span> <span class='ocrx_word' id='word_1_92' title='bbox 1171 1208 1266 1238; x_wconf 86' lang='lat' dir='ltr'><strong>Serv.</strong></span> <span class='ocrx_word' id='word_1_93' title='bbox 1304 1206 1346 1238; x_wconf 82' lang='lat' dir='ltr'><strong>ad</strong></span> <span class='ocrx_word' id='word_1_94' title='bbox 1380 1210 1464 1238; x_wconf 85' lang='lat' dir='ltr'><strong>Aen.</strong></span> <span class='ocrx_word' id='word_1_95' title='bbox 1492 1206 1534 1245; x_wconf 89' lang='lat'><strong>11,</strong></span> <span class='ocrx_word' id='word_1_96' title='bbox 1570 1206 1649 1239; x_wconf 75' lang='lat'>474.</span> 
     </span>
    </p>
   </div>
   <div class='ocr_carea' id='block_1_11' title="bbox 549 1252 1650 1296">
    <p class='ocr_par' dir='ltr' id='par_1_13' title="bbox 549 1252 1650 1296">
     <span class='ocr_line' id='line_1_18' title="bbox 549 1252 1650 1296; baseline -0.003 -10"><span class='ocrx_word' id='word_1_97' title='bbox 549 1252 618 1286; x_wconf 77' lang='grc'><strong>336</strong></span> <span class='ocrx_word' id='word_1_98' title='bbox 643 1253 747 1284; x_wconf 78' lang='lat' dir='ltr'><strong>tenui</strong></span> <span class='ocrx_word' id='word_1_99' title='bbox 770 1254 884 1284; x_wconf 77' lang='lat' dir='ltr'><strong>iacuit</strong></span> <span class='ocrx_word' id='word_1_100' title='bbox 907 1252 1046 1284; x_wconf 81' lang='lat' dir='ltr'><strong>Servius</strong></span> <span class='ocrx_word' id='word_1_101' title='bbox 1072 1252 1180 1295; x_wconf 48' lang='lat' dir='ltr'><strong>legit,</strong></span> <span class='ocrx_word' id='word_1_102' title='bbox 1217 1258 1252 1283; x_wconf 88' lang='lat' dir='ltr'><strong>et</strong></span> <span class='ocrx_word' id='word_1_103' title='bbox 1279 1252 1327 1284; x_wconf 88' lang='lat' dir='ltr'><strong>sic</strong></span> <span class='ocrx_word' id='word_1_104' title='bbox 1357 1264 1409 1296; x_wconf 86' lang='lat' dir='ltr'><strong>pr.</strong></span> <span class='ocrx_word' id='word_1_105' title='bbox 1438 1252 1604 1284; x_wconf 82' lang='lat' dir='ltr'><strong>Rottend.</strong></span> <span class='ocrx_word' id='word_1_106' title='bbox 1631 1264 1650 1283; x_wconf 75' lang='lat' dir='ltr'><strong>a</strong></span> 
     </span>
    </p>
   </div>
   <div class='ocr_carea' id='block_1_12' title="bbox 141 1205 643 1238">
    <p class='ocr_par' dir='ltr' id='par_1_14' title="bbox 141 1205 643 1238">
     <span class='ocr_line' id='line_1_19' title="bbox 141 1205 643 1238; baseline 0.002 -2"><span class='ocrx_word' id='word_1_107' title='bbox 141 1206 285 1237; x_wconf 77' lang='lat' dir='ltr'><strong>amoris.</strong></span> <span class='ocrx_word' id='word_1_108' title='bbox 340 1212 373 1236; x_wconf 74' lang='lat' dir='ltr'><strong>ut</strong></span> <span class='ocrx_word' id='word_1_109' title='bbox 408 1205 476 1238; x_wconf 80' lang='lat' dir='ltr'><strong>vid.</strong></span> <span class='ocrx_word' id='word_1_110' title='bbox 504 1206 643 1238; x_wconf 71' lang='lat' dir='ltr'><strong>Notaui.</strong></span> 
     </span>
    </p>
   </div>
   <div class='ocr_carea' id='block_1_13' title="bbox 142 1249 456 1283">
    <p class='ocr_par' dir='ltr' id='par_1_15' title="bbox 142 1249 456 1283">
     <span class='ocr_line' id='line_1_20' title="bbox 142 1249 456 1283; baseline -0.003 0"><span class='ocrx_word' id='word_1_111' title='bbox 142 1249 268 1283; x_wconf 74' lang='lat' dir='ltr'><strong>obiecit</strong></span> <span class='ocrx_word' id='word_1_112' title='bbox 294 1250 456 1283; x_wconf 70' lang='lat' dir='ltr'><strong>Parrhas.</strong></span> 
     </span>
    </p>
   </div>
   <div class='ocr_carea' id='block_1_14' title="bbox 1271 1158 1649 1203">
    <p class='ocr_par' dir='ltr' id='par_1_16' title="bbox 1271 1158 1649 1203">
     <span class='ocr_line' id='line_1_21' title="bbox 1271 1158 1649 1203; baseline -0.003 -12"><span class='ocrx_word' id='word_1_113' title='bbox 1271 1158 1338 1191; x_wconf 84' lang='lat' dir='ltr'><strong>Alii</strong></span> <span class='ocrx_word' id='word_1_114' title='bbox 1374 1160 1465 1203; x_wconf 74' lang='lat' dir='ltr'><strong>apud</strong></span> <span class='ocrx_word' id='word_1_115' title='bbox 1501 1159 1649 1190; x_wconf 84' lang='lat' dir='ltr'><strong>eundem</strong></span> 
     </span>
    </p>
   </div>
   <div class='ocr_carea' id='block_1_15' title="bbox 140 1297 1650 1390">
    <p class='ocr_par' dir='ltr' id='par_1_17' title="bbox 140 1297 1650 1390">
     <span class='ocr_line' id='line_1_22' title="bbox 140 1297 1649 1343; baseline 0.001 -15"><span class='ocrx_word' id='word_1_116' title='bbox 140 1309 183 1328; x_wconf 86' lang='lat' dir='ltr'><strong>ru.</strong></span> <span class='ocrx_word' id='word_1_117' title='bbox 209 1308 276 1329; x_wconf 87' lang='lat' dir='ltr'><strong>sec.</strong></span> <span class='ocrx_word' id='word_1_118' title='bbox 304 1304 339 1328; x_wconf 87' lang='lat' dir='ltr'><strong>et</strong></span> <span class='ocrx_word' id='word_1_119' title='bbox 364 1297 492 1340; x_wconf 78' lang='lat' dir='ltr'><strong>Regius</strong></span> <span class='ocrx_word' id='word_1_120' title='bbox 519 1310 581 1342; x_wconf 85' lang='lat' dir='ltr'><strong>pro</strong></span> <span class='ocrx_word' id='word_1_121' title='bbox 608 1297 747 1341; x_wconf 80' lang='lat' dir='ltr'><strong>glossa,</strong></span> <span class='ocrx_word' id='word_1_122' title='bbox 780 1311 880 1343; x_wconf 74' lang='lat' dir='ltr'><strong>quani</strong></span> <span class='ocrx_word' id='word_1_123' title='bbox 916 1299 1009 1331; x_wconf 85' lang='lat' dir='ltr'><strong>forte</strong></span> <span class='ocrx_word' id='word_1_124' title='bbox 1044 1298 1168 1343; x_wconf 86' lang='lat' dir='ltr'><strong>aliquis</strong></span> <span class='ocrx_word' id='word_1_125' title='bbox 1204 1298 1322 1330; x_wconf 85' lang='lat' dir='ltr'><strong>decori</strong></span> <span class='ocrx_word' id='word_1_126' title='bbox 1359 1298 1448 1330; x_wconf 83' lang='lat' dir='ltr'><strong>male</strong></span> <span class='ocrx_word' id='word_1_127' title='bbox 1483 1298 1649 1341; x_wconf 77' lang='lat' dir='ltr'><strong>providus</strong></span> 
     </span>
     <span class='ocr_line' id='line_1_23' title="bbox 140 1342 1650 1390; baseline 0.001 -16"><span class='ocrx_word' id='word_1_128' title='bbox 140 1342 316 1376; x_wconf 83' lang='lat' dir='ltr'><strong>intulerat.</strong></span> <span class='ocrx_word' id='word_1_129' title='bbox 364 1343 447 1385; x_wconf 77' lang='lat' dir='ltr'><strong>(vid.</strong></span> <span class='ocrx_word' id='word_1_130' title='bbox 479 1346 520 1384; x_wconf 84' lang='lat' dir='ltr'><strong>Q.</strong></span> <span class='ocrx_word' id='word_1_131' title='bbox 552 1345 594 1376; x_wconf 77' lang='lat' dir='ltr'><strong>V.</strong></span> <span class='ocrx_word' id='word_1_132' title='bbox 628 1346 725 1384; x_wconf 81' lang='lat' dir='ltr'>XVI,</span> <span class='ocrx_word' id='word_1_133' title='bbox 764 1348 795 1379; x_wconf 90' lang='grc'><strong>1.</strong></span> <span class='ocrx_word' id='word_1_134' title='bbox 826 1346 922 1388; x_wconf 61' lang='grc' dir='ltr'><strong>ΙΙ”’Ῑ.)</strong></span> <span class='ocrx_word' id='word_1_135' title='bbox 982 1346 1169 1377; x_wconf 73' lang='lat' dir='ltr'><strong>resolutus</strong></span> <span class='ocrx_word' id='word_1_136' title='bbox 1205 1346 1294 1378; x_wconf 79' lang='lat' dir='ltr'><strong>Ven.</strong></span> <span class='ocrx_word' id='word_1_137' title='bbox 1343 1346 1540 1390; x_wconf 77' lang='lat' dir='ltr'><strong>resupinus</strong></span> <span class='ocrx_word' id='word_1_138' title='bbox 1563 1344 1650 1376; x_wconf 86' lang='lat' dir='ltr'><strong>alter</strong></span> 
     </span>
    </p>
   </div>
   <div class='ocr_carea' id='block_1_16' title="bbox 139 1390 496 1469">
    <p class='ocr_par' dir='ltr' id='par_1_18' title="bbox 139 1390 496 1469">
     <span class='ocr_line' id='line_1_24' title="bbox 139 1390 241 1421; baseline 0.01 -1"><span class='ocrx_word' id='word_1_139' title='bbox 139 1390 241 1421; x_wconf 81' lang='lat' dir='ltr'><strong>voss.</strong></span> 
     </span>
     <span class='ocr_line' id='line_1_25' title="bbox 139 1436 496 1469; baseline 0.008 -3"><span class='ocrx_word' id='word_1_140' title='bbox 139 1436 321 1468; x_wconf 71' lang='lat' dir='ltr'><strong>adstruere</strong></span> <span class='ocrx_word' id='word_1_141' title='bbox 349 1436 496 1469; x_wconf 73' lang='lat' dir='ltr'><strong>laborat.</strong></span> 
     </span>
    </p>
   </div>
   <div class='ocr_carea' id='block_1_17' title="bbox 336 1390 1647 1482">
    <p class='ocr_par' dir='ltr' id='par_1_19' title="bbox 336 1390 1647 1482">
     <span class='ocr_line' id='line_1_26' title="bbox 336 1390 1647 1435; baseline -0.001 -11"><span class='ocrx_word' id='word_1_142' title='bbox 336 1391 403 1425; x_wconf 88' lang='grc'><strong>337</strong></span> <span class='ocrx_word' id='word_1_143' title='bbox 429 1403 579 1423; x_wconf 75' lang='lat' dir='ltr'><strong>munera</strong></span> <span class='ocrx_word' id='word_1_144' title='bbox 604 1390 693 1422; x_wconf 84' lang='lat' dir='ltr'><strong>alter</strong></span> <span class='ocrx_word' id='word_1_145' title='bbox 718 1392 853 1434; x_wconf 75' lang='lat' dir='ltr'><strong>Menag.</strong></span> <span class='ocrx_word' id='word_1_146' title='bbox 902 1393 1015 1424; x_wconf 76' lang='lat' dir='ltr'><strong>(unico</strong></span> <span class='ocrx_word' id='word_1_147' title='bbox 1040 1391 1164 1423; x_wconf 63' lang='lat' dir='ltr'><strong>Medic,</strong></span> <span class='ocrx_word' id='word_1_148' title='bbox 1195 1404 1213 1423; x_wconf 77' lang='lat' dir='ltr'><strong>a</strong></span> <span class='ocrx_word' id='word_1_149' title='bbox 1239 1403 1282 1423; x_wconf 88' lang='lat' dir='ltr'><strong>m.</strong></span> <span class='ocrx_word' id='word_1_150' title='bbox 1311 1403 1376 1435; x_wconf 65' lang='lat' dir='ltr'><strong>pr„</strong></span> <span class='ocrx_word' id='word_1_151' title='bbox 1403 1391 1497 1435; x_wconf 88' lang='lat' dir='ltr'><strong>quod</strong></span> <span class='ocrx_word' id='word_1_152' title='bbox 1527 1391 1647 1423; x_wconf 87' lang='lat' dir='ltr'><strong>Heius.</strong></span> 
     </span>
     <span class='ocr_line' id='line_1_27' title="bbox 590 1437 1647 1482; baseline -0.002 -11"><span class='ocrx_word' id='word_1_153' title='bbox 590 1438 658 1471; x_wconf 71' lang='grc'><strong>339</strong></span> <span class='ocrx_word' id='word_1_154' title='bbox 695 1446 730 1469; x_wconf 78' lang='lat' dir='ltr'><strong>et</strong></span> <span class='ocrx_word' id='word_1_155' title='bbox 766 1446 854 1470; x_wconf 77' lang='lat' dir='ltr'><strong>tunc</strong></span> <span class='ocrx_word' id='word_1_156' title='bbox 886 1438 1018 1482; x_wconf 78' lang='lat' dir='ltr'><strong>aliquot</strong></span> <span class='ocrx_word' id='word_1_157' title='bbox 1052 1440 1162 1470; x_wconf 85' lang='lat' dir='ltr'><strong>Burm.</strong></span> <span class='ocrx_word' id='word_1_158' title='bbox 1213 1437 1323 1470; x_wconf 69' lang='lat' dir='ltr'><strong>subiit</strong></span> <span class='ocrx_word' id='word_1_159' title='bbox 1357 1446 1392 1469; x_wconf 76' lang='lat' dir='ltr'><strong>ec</strong></span> <span class='ocrx_word' id='word_1_160' title='bbox 1428 1446 1454 1469; x_wconf 80' lang='grc' dir='ltr'><strong>ι.</strong></span> <span class='ocrx_word' id='word_1_161' title='bbox 1490 1438 1647 1469; x_wconf 72' lang='lat' dir='ltr'><strong>Parrhus.</strong></span> 
     </span>
    </p>
   </div>
   <div class='ocr_carea' id='block_1_18' title="bbox 137 1483 1648 1528">
    <p class='ocr_par' dir='ltr' id='par_1_20' title="bbox 137 1483 1648 1528">
     <span class='ocr_line' id='line_1_28' title="bbox 137 1483 1648 1528; baseline 0 -13"><span class='ocrx_word' id='word_1_162' title='bbox 137 1483 207 1516; x_wconf 64' lang='lat'><strong>340</strong></span> <span class='ocrx_word' id='word_1_163' title='bbox 231 1495 445 1514; x_wconf 73' lang='lat' dir='ltr'><strong>consensum</strong></span> <span class='ocrx_word' id='word_1_164' title='bbox 481 1487 532 1527; x_wconf 74' lang='lat' dir='ltr'><strong>(ut</strong></span> <span class='ocrx_word' id='word_1_165' title='bbox 557 1484 588 1516; x_wconf 73' lang='grc' dir='ltr'><strong>Ξ.</strong></span> <span class='ocrx_word' id='word_1_166' title='bbox 615 1485 646 1518; x_wconf 89' lang='grc'><strong>5.</strong></span> <span class='ocrx_word' id='word_1_167' title='bbox 685 1490 719 1515; x_wconf 86' lang='lat' dir='ltr'><strong>et</strong></span> <span class='ocrx_word' id='word_1_168' title='bbox 745 1484 871 1517; x_wconf 79' lang='lat' dir='ltr'><strong>Medic.</strong></span> <span class='ocrx_word' id='word_1_169' title='bbox 908 1497 926 1516; x_wconf 74' lang='lat' dir='ltr'><strong>a</strong></span> <span class='ocrx_word' id='word_1_170' title='bbox 952 1497 995 1516; x_wconf 89' lang='lat' dir='ltr'><strong>m.</strong></span> <span class='ocrx_word' id='word_1_171' title='bbox 1023 1497 1076 1528; x_wconf 88' lang='lat' dir='ltr'><strong>pr.</strong></span> <span class='ocrx_word' id='word_1_172' title='bbox 1106 1484 1201 1525; x_wconf 78' lang='lat' dir='ltr'><strong>lVr.)</strong></span> <span class='ocrx_word' id='word_1_173' title='bbox 1239 1491 1273 1515; x_wconf 84' lang='lat' dir='ltr'><strong>et</strong></span> <span class='ocrx_word' id='word_1_174' title='bbox 1307 1496 1516 1516; x_wconf 76' lang='lat' dir='ltr'><strong>concessum</strong></span> <span class='ocrx_word' id='word_1_175' title='bbox 1551 1483 1648 1516; x_wconf 85' lang='lat' dir='ltr'><strong>multi</strong></span> 
     </span>
    </p>
   </div>
   <div class='ocr_carea' id='block_1_19' title="bbox 137 1528 942 1574">
    <p class='ocr_par' dir='ltr' id='par_1_21' title="bbox 137 1528 942 1574">
     <span class='ocr_line' id='line_1_29' title="bbox 137 1528 942 1574; baseline 0.004 -15"><span class='ocrx_word' id='word_1_176' title='bbox 137 1528 225 1560; x_wconf 80' lang='lat' dir='ltr'><strong>Picr.</strong></span> <span class='ocrx_word' id='word_1_177' title='bbox 253 1530 370 1560; x_wconf 65' lang='lat' dir='ltr'><strong>Heius.</strong></span> <span class='ocrx_word' id='word_1_178' title='bbox 398 1536 432 1561; x_wconf 75' lang='lat' dir='ltr'><strong>et</strong></span> <span class='ocrx_word' id='word_1_179' title='bbox 457 1529 576 1561; x_wconf 79' lang='lat' dir='ltr'><strong>nostri.</strong></span> <span class='ocrx_word' id='word_1_180' title='bbox 616 1530 684 1562; x_wconf 81' lang='lat' dir='ltr'><strong>vid.</strong></span> <span class='ocrx_word' id='word_1_181' title='bbox 705 1542 780 1574; x_wconf 86' lang='lat' dir='ltr'><strong>sup.</strong></span> <span class='ocrx_word' id='word_1_182' title='bbox 807 1543 836 1562; x_wconf 87' lang='lat' dir='ltr'><strong>v.</strong></span> <span class='ocrx_word' id='word_1_183' title='bbox 862 1532 942 1565; x_wconf 74' lang='lat'><strong>290.</strong></span> 
     </span>
    </p>
   </div>
   <div class='ocr_carea' id='block_1_20' title="bbox 1036 1529 1647 1574">
    <p class='ocr_par' dir='ltr' id='par_1_22' title="bbox 1036 1529 1647 1574">
     <span class='ocr_line' id='line_1_30' title="bbox 1036 1529 1647 1574; baseline -0.005 -9"><span class='ocrx_word' id='word_1_184' title='bbox 1036 1529 1105 1565; x_wconf 62' lang='lat'><strong>344</strong></span> <span class='ocrx_word' id='word_1_185' title='bbox 1130 1530 1289 1572; x_wconf 68' lang='lat' dir='ltr'><strong>Plerique.</strong></span> <span class='ocrx_word' id='word_1_186' title='bbox 1326 1530 1427 1562; x_wconf 85' lang='lat' dir='ltr'><strong>codd.</strong></span> <span class='ocrx_word' id='word_1_187' title='bbox 1463 1538 1543 1574; x_wconf 88' lang='lat' dir='ltr'><strong>post</strong></span> <span class='ocrx_word' id='word_1_188' title='bbox 1571 1532 1647 1562; x_wconf 78' lang='lat' dir='ltr'><strong>vir-</strong></span> 
     </span>
    </p>
   </div>
   <div class='ocr_carea' id='block_1_21' title="bbox 135 1575 1647 1809">
    <p class='ocr_par' dir='ltr' id='par_1_23' title="bbox 135 1575 1647 1809">
     <span class='ocr_line' id='line_1_31' title="bbox 138 1575 1645 1619; baseline 0.003 -13"><span class='ocrx_word' id='word_1_189' title='bbox 138 1583 198 1606; x_wconf 77' lang='lat' dir='ltr'><strong>tus</strong></span> <span class='ocrx_word' id='word_1_190' title='bbox 230 1575 395 1607; x_wconf 72' lang='lat' dir='ltr'><strong>Adiuvat</strong></span> <span class='ocrx_word' id='word_1_191' title='bbox 425 1576 663 1618; x_wconf 76' lang='lat' dir='ltr'><strong>distinguunt,</strong></span> <span class='ocrx_word' id='word_1_192' title='bbox 710 1578 884 1619; x_wconf 84' lang='lat' dir='ltr'><strong>quomodo</strong></span> <span class='ocrx_word' id='word_1_193' title='bbox 920 1583 956 1609; x_wconf 87' lang='lat' dir='ltr'><strong>et</strong></span> <span class='ocrx_word' id='word_1_194' title='bbox 981 1577 1114 1609; x_wconf 86' lang='lat' dir='ltr'><strong>Nonius</strong></span> <span class='ocrx_word' id='word_1_195' title='bbox 1151 1577 1208 1619; x_wconf 68' lang='lat' dir='ltr'><strong>(dc</strong></span> <span class='ocrx_word' id='word_1_196' title='bbox 1234 1576 1394 1608; x_wconf 79' lang='lat' dir='ltr'><strong>Numeris</strong></span> <span class='ocrx_word' id='word_1_197' title='bbox 1432 1583 1467 1608; x_wconf 87' lang='lat' dir='ltr'><strong>et</strong></span> <span class='ocrx_word' id='word_1_198' title='bbox 1492 1577 1645 1610; x_wconf 83' lang='lat' dir='ltr'><strong>Casibus.</strong></span> 
     </span>
     <span class='ocr_line' id='line_1_32' title="bbox 140 1620 1646 1666; baseline 0.004 -14"><span class='ocrx_word' id='word_1_199' title='bbox 140 1620 235 1660; x_wconf 57' lang='lat' dir='ltr'><strong>Jl’r.)</strong></span> <span class='ocrx_word' id='word_1_200' title='bbox 260 1622 438 1664; x_wconf 79' lang='lat' dir='ltr'><strong>agnoscit3</strong></span> <span class='ocrx_word' id='word_1_201' title='bbox 463 1623 524 1654; x_wconf 84' lang='lat' dir='ltr'><strong>sed</strong></span> <span class='ocrx_word' id='word_1_202' title='bbox 550 1623 648 1654; x_wconf 69' lang='lat' dir='ltr'><strong>male.</strong></span> <span class='ocrx_word' id='word_1_203' title='bbox 675 1623 743 1655; x_wconf 68' lang='lat' dir='ltr'><strong>vid.</strong></span> <span class='ocrx_word' id='word_1_204' title='bbox 770 1624 889 1655; x_wconf 82' lang='lat' dir='ltr'><strong>Heius.</strong></span> <span class='ocrx_word' id='word_1_205' title='bbox 942 1625 1093 1656; x_wconf 74' lang='lat' dir='ltr'><strong>Cratior</strong></span> <span class='ocrx_word' id='word_1_206' title='bbox 1118 1632 1172 1655; x_wconf 72' lang='lat' dir='ltr'><strong>est</strong></span> <span class='ocrx_word' id='word_1_207' title='bbox 1200 1626 1330 1655; x_wconf 69' lang='lat' dir='ltr'><strong>Seneca</strong></span> <span class='ocrx_word' id='word_1_208' title='bbox 1351 1624 1412 1666; x_wconf 83' lang='lat' dir='ltr'><strong>Ep.</strong></span> <span class='ocrx_word' id='word_1_209' title='bbox 1432 1624 1476 1658; x_wconf 83' lang='grc'><strong>66</strong></span> <span class='ocrx_word' id='word_1_210' title='bbox 1503 1629 1538 1655; x_wconf 83' lang='lat' dir='ltr'><strong>et</strong></span> <span class='ocrx_word' id='word_1_211' title='bbox 1562 1635 1646 1666; x_wconf 63' lang='lat' dir='ltr'><strong>pas-</strong></span> 
     </span>
     <span class='ocr_line' id='line_1_33' title="bbox 136 1666 1647 1714; baseline 0.002 -16"><span class='ocrx_word' id='word_1_212' title='bbox 136 1666 197 1698; x_wconf 79' lang='lat' dir='ltr'><strong>sini</strong></span> <span class='ocrx_word' id='word_1_213' title='bbox 221 1667 296 1708; x_wconf 70' lang='lat' dir='ltr'><strong>alii,</strong></span> <span class='ocrx_word' id='word_1_214' title='bbox 334 1674 371 1699; x_wconf 85' lang='lat' dir='ltr'><strong>ut</strong></span> <span class='ocrx_word' id='word_1_215' title='bbox 396 1669 589 1701; x_wconf 75' lang='lat' dir='ltr'><strong>sententiae</strong></span> <span class='ocrx_word' id='word_1_216' title='bbox 624 1669 737 1701; x_wconf 81' lang='lat' dir='ltr'><strong>locum</strong></span> <span class='ocrx_word' id='word_1_217' title='bbox 764 1676 893 1702; x_wconf 75' lang='lat' dir='ltr'><strong>teneat.</strong></span> <span class='ocrx_word' id='word_1_218' title='bbox 945 1671 986 1702; x_wconf 90' lang='lat' dir='ltr'><strong>G.</strong></span> <span class='ocrx_word' id='word_1_219' title='bbox 1013 1679 1048 1702; x_wconf 78' lang='lat' dir='ltr'><strong>ec</strong></span> <span class='ocrx_word' id='word_1_220' title='bbox 1069 1670 1208 1714; x_wconf 71' lang='lat' dir='ltr'><strong>populo</strong></span> <span class='ocrx_word' id='word_1_221' title='bbox 1234 1682 1267 1701; x_wconf 78' lang='lat' dir='ltr'><strong>v.</strong></span> <span class='ocrx_word' id='word_1_222' title='bbox 1294 1669 1401 1702; x_wconf 82' lang='lat' dir='ltr'><strong>Witt.</strong></span> <span class='ocrx_word' id='word_1_223' title='bbox 1452 1671 1603 1702; x_wconf 71' lang='lat' dir='ltr'><strong>veniens</strong></span> <span class='ocrx_word' id='word_1_224' title='bbox 1628 1683 1647 1701; x_wconf 84' lang='lat' dir='ltr'><strong>e</strong></span> 
     </span>
     <span class='ocr_line' id='line_1_34' title="bbox 135 1715 1644 1759; baseline 0.002 -14"><span class='ocrx_word' id='word_1_225' title='bbox 135 1726 286 1759; x_wconf 76' lang='lat' dir='ltr'><strong>corpore</strong></span> <span class='ocrx_word' id='word_1_226' title='bbox 310 1717 438 1747; x_wconf 84' lang='lat' dir='ltr'><strong>Seneca</strong></span> <span class='ocrx_word' id='word_1_227' title='bbox 467 1716 487 1747; x_wconf 94' lang='grc'><strong>1.</strong></span> <span class='ocrx_word' id='word_1_228' title='bbox 515 1729 554 1755; x_wconf 78' lang='lat'>‹·.,</span> <span class='ocrx_word' id='word_1_229' title='bbox 581 1722 615 1747; x_wconf 85' lang='lat' dir='ltr'><strong>et</strong></span> <span class='ocrx_word' id='word_1_230' title='bbox 641 1715 689 1747; x_wconf 86' lang='lat' dir='ltr'><strong>sie</strong></span> <span class='ocrx_word' id='word_1_231' title='bbox 718 1716 844 1758; x_wconf 74' lang='lat' dir='ltr'><strong>passim</strong></span> <span class='ocrx_word' id='word_1_232' title='bbox 869 1728 987 1749; x_wconf 80' lang='lat' dir='ltr'><strong>versus</strong></span> <span class='ocrx_word' id='word_1_233' title='bbox 1012 1716 1181 1748; x_wconf 70' lang='lat' dir='ltr'><strong>laudatur.</strong></span> <span class='ocrx_word' id='word_1_234' title='bbox 1233 1715 1417 1748; x_wconf 75' lang='lat' dir='ltr'><strong>Enimvero</strong></span> <span class='ocrx_word' id='word_1_235' title='bbox 1446 1723 1498 1747; x_wconf 85' lang='lat' dir='ltr'><strong>est</strong></span> <span class='ocrx_word' id='word_1_236' title='bbox 1522 1716 1644 1756; x_wconf 85' lang='lat' dir='ltr'><strong>virtus,</strong></span> 
     </span>
     <span class='ocr_line' id='line_1_35' title="bbox 135 1761 1645 1809; baseline 0.003 -19"><span class='ocrx_word' id='word_1_237' title='bbox 135 1772 222 1803; x_wconf 80' lang='lat' dir='ltr'><strong>quae</strong></span> <span class='ocrx_word' id='word_1_238' title='bbox 248 1761 355 1803; x_wconf 72' lang='lat' dir='ltr'><strong>magis</strong></span> <span class='ocrx_word' id='word_1_239' title='bbox 381 1769 477 1805; x_wconf 77' lang='lat' dir='ltr'><strong>grata</strong></span> <span class='ocrx_word' id='word_1_240' title='bbox 504 1769 556 1794; x_wconf 83' lang='lat' dir='ltr'><strong>est</strong></span> <span class='ocrx_word' id='word_1_241' title='bbox 580 1762 615 1794; x_wconf 86' lang='lat' dir='ltr'><strong>iu</strong></span> <span class='ocrx_word' id='word_1_242' title='bbox 640 1761 761 1806; x_wconf 85' lang='lat' dir='ltr'><strong>pulcro</strong></span> <span class='ocrx_word' id='word_1_243' title='bbox 787 1774 947 1807; x_wconf 81' lang='lat' dir='ltr'><strong>corpore.</strong></span> <span class='ocrx_word' id='word_1_244' title='bbox 992 1772 1143 1809; x_wconf 72' lang='lat' dir='ltr'><strong>pectore</strong></span> <span class='ocrx_word' id='word_1_245' title='bbox 1175 1761 1290 1806; x_wconf 81' lang='lat' dir='ltr'><strong>Bigot.</strong></span> <span class='ocrx_word' id='word_1_246' title='bbox 1321 1764 1402 1795; x_wconf 78' lang='lat' dir='ltr'><strong>Exc.</strong></span> <span class='ocrx_word' id='word_1_247' title='bbox 1428 1762 1541 1796; x_wconf 87' lang='lat' dir='ltr'><strong>Burm.</strong></span> <span class='ocrx_word' id='word_1_248' title='bbox 1575 1770 1609 1794; x_wconf 86' lang='lat' dir='ltr'><strong>et</strong></span> <span class='ocrx_word' id='word_1_249' title='bbox 1626 1776 1645 1795; x_wconf 82' lang='lat' dir='ltr'><strong>a</strong></span> 
     </span>
    </p>
   </div>
   <div class='ocr_carea' id='block_1_22' title="bbox 134 1808 341 1851">
    <p class='ocr_par' dir='ltr' id='par_1_24' title="bbox 134 1808 341 1851">
     <span class='ocr_line' id='line_1_36' title="bbox 134 1808 341 1851; baseline 0.01 -14"><span class='ocrx_word' id='word_1_250' title='bbox 134 1818 177 1838; x_wconf 90' lang='lat' dir='ltr'><strong>m.</strong></span> <span class='ocrx_word' id='word_1_251' title='bbox 199 1819 251 1851; x_wconf 87' lang='lat' dir='ltr'><strong>pr.</strong></span> <span class='ocrx_word' id='word_1_252' title='bbox 269 1808 341 1840; x_wconf 81' lang='lat' dir='ltr'><strong>Erf.</strong></span> 
     </span>
    </p>
   </div>
   <div class='ocr_carea' id='block_1_23' title="bbox 126 1923 857 2877">
    <p class='ocr_par' dir='ltr' id='par_1_25' title="bbox 126 1923 857 2877">
     <span class='ocr_line' id='line_1_37' title="bbox 132 1923 857 1965; baseline 0.003 -5"><span class='ocrx_word' id='word_1_253' title='bbox 132 1923 218 1961; x_wconf 89' lang='lat' dir='ltr'><strong>bus.</strong></span> <span class='ocrx_word' id='word_1_254' title='bbox 285 1923 381 1965; x_wconf 81' lang='lat'>334.</span> <span class='ocrx_word' id='word_1_255' title='bbox 420 1938 572 1961; x_wconf 79' lang='lat' dir='ltr'><strong>amores</strong></span> <span class='ocrx_word' id='word_1_256' title='bbox 603 1925 702 1962; x_wconf 82' lang='lat' dir='ltr'><strong>male</strong></span> <span class='ocrx_word' id='word_1_257' title='bbox 736 1925 857 1963; x_wconf 89' lang='lat' dir='ltr'><strong>modo</strong></span> 
     </span>
     <span class='ocr_line' id='line_1_38' title="bbox 134 1980 857 2033; baseline 0.004 -17"><span class='ocrx_word' id='word_1_258' title='bbox 134 1980 184 2016; x_wconf 85' lang='lat' dir='ltr'><strong>ad</strong></span> <span class='ocrx_word' id='word_1_259' title='bbox 221 1986 378 2031; x_wconf 79' lang='lat' dir='ltr'><strong>turpem</strong></span> <span class='ocrx_word' id='word_1_260' title='bbox 418 1981 538 2018; x_wconf 83' lang='lat' dir='ltr'><strong>modo</strong></span> <span class='ocrx_word' id='word_1_261' title='bbox 579 1982 626 2018; x_wconf 81' lang='lat' dir='ltr'><strong>ad</strong></span> <span class='ocrx_word' id='word_1_262' title='bbox 670 1996 857 2033; x_wconf 76' lang='lat' dir='ltr'><strong>maguum</strong></span> 
     </span>
     <span class='ocr_line' id='line_1_39' title="bbox 133 2037 855 2076; baseline 0.003 -2"><span class='ocrx_word' id='word_1_263' title='bbox 133 2050 308 2074; x_wconf 85' lang='lat' dir='ltr'><strong>amorem</strong></span> <span class='ocrx_word' id='word_1_264' title='bbox 348 2037 526 2075; x_wconf 80' lang='lat' dir='ltr'><strong>trahunt.</strong></span> <span class='ocrx_word' id='word_1_265' title='bbox 606 2038 711 2075; x_wconf 71' lang='lat' dir='ltr'><strong>Nihil</strong></span> <span class='ocrx_word' id='word_1_266' title='bbox 746 2039 855 2076; x_wconf 88' lang='lat' dir='ltr'><strong>aliud</strong></span> 
     </span>
     <span class='ocr_line' id='line_1_40' title="bbox 133 2095 856 2146; baseline 0.006 -17"><span class='ocrx_word' id='word_1_267' title='bbox 133 2100 213 2141; x_wconf 87' lang='lat' dir='ltr'><strong>est,</strong></span> <span class='ocrx_word' id='word_1_268' title='bbox 243 2108 360 2143; x_wconf 78' lang='lat' dir='ltr'><strong>quam</strong></span> <span class='ocrx_word' id='word_1_269' title='bbox 380 2095 528 2145; x_wconf 85' lang='lat' dir='ltr'><strong>poetica</strong></span> <span class='ocrx_word' id='word_1_270' title='bbox 550 2097 652 2133; x_wconf 81' lang='lat' dir='ltr'><strong>ratio</strong></span> <span class='ocrx_word' id='word_1_271' title='bbox 672 2110 744 2146; x_wconf 90' lang='lat' dir='ltr'><strong>pro</strong></span> <span class='ocrx_word' id='word_1_272' title='bbox 763 2097 856 2133; x_wconf 85' lang='lat' dir='ltr'><strong>vul-</strong></span> 
     </span>
     <span class='ocr_line' id='line_1_41' title="bbox 133 2152 857 2204; baseline 0.004 -18"><span class='ocrx_word' id='word_1_273' title='bbox 133 2152 239 2200; x_wconf 76' lang='lat' dir='ltr'><strong>gari,</strong></span> <span class='ocrx_word' id='word_1_274' title='bbox 264 2166 377 2187; x_wconf 80' lang='lat' dir='ltr'><strong>amor</strong></span> <span class='ocrx_word' id='word_1_275' title='bbox 394 2152 488 2201; x_wconf 77' lang='lat' dir='ltr'><strong>sing.</strong></span> <span class='ocrx_word' id='word_1_276' title='bbox 515 2166 691 2189; x_wconf 82' lang='lat' dir='ltr'><strong>numero.</strong></span> <span class='ocrx_word' id='word_1_277' title='bbox 725 2152 857 2204; x_wconf 78' lang='lat' dir='ltr'><strong>(atno-</strong></span> 
     </span>
     <span class='ocr_line' id='line_1_42' title="bbox 132 2208 856 2257; baseline 0.006 -14"><span class='ocrx_word' id='word_1_278' title='bbox 132 2223 190 2243; x_wconf 72' lang='lat' dir='ltr'><strong>res</strong></span> <span class='ocrx_word' id='word_1_279' title='bbox 213 2208 437 2256; x_wconf 81' lang='lat' dir='ltr'><strong>interdum,</strong></span> <span class='ocrx_word' id='word_1_280' title='bbox 478 2216 522 2246; x_wconf 87' lang='lat' dir='ltr'><strong>ut</strong></span> <span class='ocrx_word' id='word_1_281' title='bbox 544 2209 581 2246; x_wconf 89' lang='lat' dir='ltr'><strong>h.</strong></span> <span class='ocrx_word' id='word_1_282' title='bbox 602 2210 648 2257; x_wconf 88' lang='lat' dir='ltr'><strong>l.‚</strong></span> <span class='ocrx_word' id='word_1_283' title='bbox 690 2210 856 2247; x_wconf 82' lang='lat' dir='ltr'><strong>denotat</strong></span> 
     </span>
     <span class='ocr_line' id='line_1_43' title="bbox 133 2266 855 2304; baseline 0.004 -3"><span class='ocrx_word' id='word_1_284' title='bbox 133 2278 286 2302; x_wconf 83' lang='lat' dir='ltr'><strong>omnen]</strong></span> <span class='ocrx_word' id='word_1_285' title='bbox 315 2266 443 2303; x_wconf 84' lang='lat' dir='ltr'><strong>mutui</strong></span> <span class='ocrx_word' id='word_1_286' title='bbox 468 2267 611 2303; x_wconf 79' lang='lat' dir='ltr'><strong>amoris</strong></span> <span class='ocrx_word' id='word_1_287' title='bbox 636 2279 792 2304; x_wconf 82' lang='lat' dir='ltr'><strong>sensum</strong></span> <span class='ocrx_word' id='word_1_288' title='bbox 817 2273 855 2304; x_wconf 89' lang='lat' dir='ltr'><strong>et</strong></span> 
     </span>
     <span class='ocr_line' id='line_1_44' title="bbox 132 2323 852 2374; baseline 0.004 -16"><span class='ocrx_word' id='word_1_289' title='bbox 132 2323 336 2371; x_wconf 59' lang='lat' dir='ltr'><strong>allk¹ctu1n3</strong></span> <span class='ocrx_word' id='word_1_290' title='bbox 357 2323 410 2359; x_wconf 83' lang='lat' dir='ltr'><strong>sic</strong></span> <span class='ocrx_word' id='word_1_291' title='bbox 429 2337 547 2374; x_wconf 87' lang='lat' dir='ltr'><strong>supra</strong></span> <span class='ocrx_word' id='word_1_292' title='bbox 567 2324 629 2371; x_wconf 74' lang='lat' dir='ltr'><strong>lv,</strong></span> <span class='ocrx_word' id='word_1_293' title='bbox 649 2328 733 2364; x_wconf 75' lang='grc'><strong>28.;</strong></span> <span class='ocrx_word' id='word_1_294' title='bbox 759 2325 852 2371; x_wconf 74' lang='lat' dir='ltr'><strong>„ille</strong></span> 
     </span>
     <span class='ocr_line' id='line_1_45' title="bbox 130 2381 853 2430; baseline 0.003 -14"><span class='ocrx_word' id='word_1_295' title='bbox 130 2392 249 2427; x_wconf 87' lang='lat' dir='ltr'><strong>meos,</strong></span> <span class='ocrx_word' id='word_1_296' title='bbox 274 2381 424 2430; x_wconf 85' lang='lat' dir='ltr'><strong>primus</strong></span> <span class='ocrx_word' id='word_1_297' title='bbox 443 2381 507 2430; x_wconf 86' lang='lat' dir='ltr'><strong>qui</strong></span> <span class='ocrx_word' id='word_1_298' title='bbox 534 2394 594 2417; x_wconf 87' lang='lat' dir='ltr'><strong>me</strong></span> <span class='ocrx_word' id='word_1_299' title='bbox 614 2381 685 2418; x_wconf 86' lang='lat' dir='ltr'><strong>sibi</strong></span> <span class='ocrx_word' id='word_1_300' title='bbox 707 2381 853 2429; x_wconf 60' lang='lat' dir='ltr'><strong>iunxit,</strong></span> 
     </span>
     <span class='ocr_line' id='line_1_46' title="bbox 131 2438 853 2488; baseline 0.004 -15"><span class='ocrx_word' id='word_1_301' title='bbox 131 2449 318 2474; x_wconf 81' lang='lat' dir='ltr'><strong>amores</strong></span> <span class='ocrx_word' id='word_1_302' title='bbox 341 2438 554 2475; x_wconf 78' lang='lat' dir='ltr'><strong>Abstulit.“</strong></span> <span class='ocrx_word' id='word_1_303' title='bbox 580 2439 699 2488; x_wconf 61' lang='lat' dir='ltr'><strong>l1Vr.)</strong></span> <span class='ocrx_word' id='word_1_304' title='bbox 758 2442 853 2479; x_wconf 80' lang='lat'>338.</span> 
     </span>
     <span class='ocr_line' id='line_1_47' title="bbox 130 2492 852 2547; baseline 0.001 -16"><span class='ocrx_word' id='word_1_305' title='bbox 130 2496 275 2531; x_wconf 76' lang='lat' dir='ltr'><strong>Prima</strong></span> <span class='ocrx_word' id='word_1_306' title='bbox 296 2503 418 2542; x_wconf 72' lang='lat' dir='ltr'><strong>tenet,</strong></span> <span class='ocrx_word' id='word_1_307' title='bbox 454 2492 501 2534; x_wconf 70' lang='grc' dir='ltr'><em>τᾶ</em></span> <span class='ocrx_word' id='word_1_308' title='bbox 528 2498 687 2547; x_wconf 77' lang='grc' dir='ltr'><em>πρῶτα,</em></span> <span class='ocrx_word' id='word_1_309' title='bbox 719 2496 852 2533; x_wconf 77' lang='lat' dir='ltr'><strong>victo—</strong></span> 
     </span>
     <span class='ocr_line' id='line_1_48' title="bbox 128 2551 851 2603; baseline 0.003 -16"><span class='ocrx_word' id='word_1_310' title='bbox 128 2551 227 2588; x_wconf 82' lang='lat' dir='ltr'><strong>riam</strong></span> <span class='ocrx_word' id='word_1_311' title='bbox 251 2552 406 2589; x_wconf 76' lang='lat' dir='ltr'><strong>obtinet</strong></span> <span class='ocrx_word' id='word_1_312' title='bbox 436 2553 564 2603; x_wconf 85' lang='lat' dir='ltr'><strong>primo</strong></span> <span class='ocrx_word' id='word_1_313' title='bbox 598 2553 706 2600; x_wconf 86' lang='lat' dir='ltr'><strong>loco,</strong></span> <span class='ocrx_word' id='word_1_314' title='bbox 739 2567 851 2590; x_wconf 77' lang='lat' dir='ltr'><strong>aino-</strong></span> 
     </span>
     <span class='ocr_line' id='line_1_49' title="bbox 127 2608 852 2652; baseline 0.003 -8"><span class='ocrx_word' id='word_1_315' title='bbox 127 2608 182 2644; x_wconf 87' lang='lat' dir='ltr'><strong>ris</strong></span> <span class='ocrx_word' id='word_1_316' title='bbox 198 2608 386 2646; x_wconf 77' lang='lat' dir='ltr'><strong>beneficio</strong></span> <span class='ocrx_word' id='word_1_317' title='bbox 405 2616 440 2646; x_wconf 77' lang='lat' dir='ltr'><strong>et</strong></span> <span class='ocrx_word' id='word_1_318' title='bbox 457 2611 601 2647; x_wconf 85' lang='lat' dir='ltr'><strong>studio.</strong></span> <span class='ocrx_word' id='word_1_319' title='bbox 662 2612 757 2652; x_wconf 78' lang='lat'><strong>339.</strong></span> <span class='ocrx_word' id='word_1_320' title='bbox 775 2619 852 2647; x_wconf 72' lang='lat' dir='ltr'><strong>ter-</strong></span> 
     </span>
     <span class='ocr_line' id='line_1_50' title="bbox 130 2667 849 2715; baseline 0.006 -15"><span class='ocrx_word' id='word_1_321' title='bbox 130 2667 186 2701; x_wconf 75' lang='lat' dir='ltr'><strong>tia</strong></span> <span class='ocrx_word' id='word_1_322' title='bbox 209 2667 379 2715; x_wconf 78' lang='lat' dir='ltr'><strong>palma,</strong></span> <span class='ocrx_word' id='word_1_323' title='bbox 425 2667 545 2704; x_wconf 77' lang='lat' dir='ltr'><strong>tertio</strong></span> <span class='ocrx_word' id='word_1_324' title='bbox 582 2668 668 2704; x_wconf 83' lang='grc' dir='ltr'>10(ῑο</span> <span class='ocrx_word' id='word_1_325' title='bbox 707 2668 849 2714; x_wconf 72' lang='lat' dir='ltr'><strong>victor,</strong></span> 
     </span>
     <span class='ocr_line' id='line_1_51' title="bbox 127 2722 849 2774; baseline 0.006 -17"><span class='ocrx_word' id='word_1_326' title='bbox 127 2722 281 2758; x_wconf 76' lang='lat' dir='ltr'><strong>ratione</strong></span> <span class='ocrx_word' id='word_1_327' title='bbox 308 2724 458 2774; x_wconf 81' lang='lat' dir='ltr'><strong>poetica</strong></span> <span class='ocrx_word' id='word_1_328' title='bbox 478 2754 487 2772; x_wconf 87' lang='lat'><em>‚</em></span> <span class='ocrx_word' id='word_1_329' title='bbox 526 2738 643 2774; x_wconf 76' lang='lat' dir='ltr'><strong>quan]</strong></span> <span class='ocrx_word' id='word_1_330' title='bbox 672 2725 753 2774; x_wconf 76' lang='lat' dir='ltr'><strong>ipsa</strong></span> <span class='ocrx_word' id='word_1_331' title='bbox 785 2725 849 2761; x_wconf 81' lang='lat' dir='ltr'><strong>illa</strong></span> 
     </span>
     <span class='ocr_line' id='line_1_52' title="bbox 128 2780 849 2831; baseline 0.008 -18"><span class='ocrx_word' id='word_1_332' title='bbox 128 2780 306 2829; x_wconf 81' lang='lat' dir='ltr'><strong>exempla</strong></span> <span class='ocrx_word' id='word_1_333' title='bbox 337 2781 568 2829; x_wconf 79' lang='lat' dir='ltr'><strong>illustrant,</strong></span> <span class='ocrx_word' id='word_1_334' title='bbox 611 2795 710 2831; x_wconf 76' lang='lat' dir='ltr'><strong>quae</strong></span> <span class='ocrx_word' id='word_1_335' title='bbox 745 2783 849 2819; x_wconf 73' lang='lat' dir='ltr'><strong>Bur-</strong></span> 
     </span>
     <span class='ocr_line' id='line_1_53' title="bbox 126 2837 849 2877; baseline 0.006 -6"><span class='ocrx_word' id='word_1_336' title='bbox 126 2848 295 2872; x_wconf 85' lang='lat' dir='ltr'><strong>mannus</strong></span> <span class='ocrx_word' id='word_1_337' title='bbox 320 2837 455 2874; x_wconf 76' lang='lat' dir='ltr'><strong>laudat</strong></span> <span class='ocrx_word' id='word_1_338' title='bbox 480 2837 585 2875; x_wconf 84' lang='lat' dir='ltr'><strong>adh.</strong></span> <span class='ocrx_word' id='word_1_339' title='bbox 616 2839 639 2876; x_wconf 89' lang='lat' dir='ltr'><strong>l.</strong></span> <span class='ocrx_word' id='word_1_340' title='bbox 676 2845 715 2876; x_wconf 75' lang='lat' dir='ltr'><strong>et</strong></span> <span class='ocrx_word' id='word_1_341' title='bbox 747 2840 849 2877; x_wconf 82' lang='lat' dir='ltr'><strong>l)ra-·</strong></span> 
     </span>
    </p>
   </div>
   <div class='ocr_carea' id='block_1_24' title="bbox 126 2891 846 2943">
    <p class='ocr_par' dir='ltr' id='par_1_26' title="bbox 126 2891 846 2943">
     <span class='ocr_line' id='line_1_54' title="bbox 126 2891 846 2943; baseline 0.006 -15"><span class='ocrx_word' id='word_1_342' title='bbox 126 2891 241 2929; x_wconf 81' lang='lat' dir='ltr'><strong>kenb.</strong></span> <span class='ocrx_word' id='word_1_343' title='bbox 271 2893 320 2930; x_wconf 81' lang='lat' dir='ltr'><strong>ad</strong></span> <span class='ocrx_word' id='word_1_344' title='bbox 353 2894 491 2931; x_wconf 86' lang='lat' dir='ltr'><strong>Silium</strong></span> <span class='ocrx_word' id='word_1_345' title='bbox 529 2895 633 2943; x_wconf 77' lang='lat' dir='ltr'>XVI,</span> <span class='ocrx_word' id='word_1_346' title='bbox 665 2896 756 2937; x_wconf 78' lang='lat'>504.</span> <span class='ocrx_word' id='word_1_347' title='bbox 801 2897 846 2933; x_wconf 71' lang='lat' dir='ltr'><strong>cs.</strong></span> 
     </span>
    </p>
   </div>
   <div class='ocr_carea' id='block_1_25' title="bbox 906 1924 1643 2945">
    <p class='ocr_par' dir='ltr' id='par_1_27' title="bbox 913 1924 1643 2203">
     <span class='ocr_line' id='line_1_55' title="bbox 917 1924 1642 1975; baseline 0.001 -13"><span class='ocrx_word' id='word_1_348' title='bbox 917 1926 1057 1975; x_wconf 75' lang='lat' dir='ltr'><strong>Georg.</strong></span> <span class='ocrx_word' id='word_1_349' title='bbox 1079 1925 1108 1973; x_wconf 88' lang='grc' dir='ltr'><strong>Ι,</strong></span> <span class='ocrx_word' id='word_1_350' title='bbox 1132 1924 1198 1966; x_wconf 83' lang='lat'><strong>59.</strong></span> <span class='ocrx_word' id='word_1_351' title='bbox 1226 1924 1293 1962; x_wconf 89' lang='lat' dir='ltr'><strong>ubi</strong></span> <span class='ocrx_word' id='word_1_352' title='bbox 1318 1925 1487 1974; x_wconf 75' lang='lat' dir='ltr'><strong>palmas</strong></span> <span class='ocrx_word' id='word_1_353' title='bbox 1518 1927 1642 1963; x_wconf 65' lang='lat' dir='ltr'><em>Elta-</em></span> 
     </span>
     <span class='ocr_line' id='line_1_56' title="bbox 914 1982 1643 2032; baseline 0.001 -14"><span class='ocrx_word' id='word_1_354' title='bbox 914 1983 1010 2018; x_wconf 79' lang='lat' dir='ltr'><strong>‹lum</strong></span> <span class='ocrx_word' id='word_1_355' title='bbox 1030 1996 1220 2032; x_wconf 77' lang='lat' dir='ltr'><strong>equarum</strong></span> <span class='ocrx_word' id='word_1_356' title='bbox 1242 1987 1359 2032; x_wconf 82' lang='lat' dir='ltr'><strong>poeta</strong></span> <span class='ocrx_word' id='word_1_357' title='bbox 1391 1982 1493 2019; x_wconf 82' lang='lat' dir='ltr'><strong>dixit</strong></span> <span class='ocrx_word' id='word_1_358' title='bbox 1522 1995 1643 2032; x_wconf 87' lang='lat' dir='ltr'><strong>equas</strong></span> 
     </span>
     <span class='ocr_line' id='line_1_57' title="bbox 914 2038 1641 2091; baseline 0.001 -15"><span class='ocrx_word' id='word_1_359' title='bbox 914 2039 1097 2076; x_wconf 82' lang='lat' dir='ltr'><strong>victrices</strong></span> <span class='ocrx_word' id='word_1_360' title='bbox 1116 2038 1156 2075; x_wconf 85' lang='lat' dir='ltr'><strong>in</strong></span> <span class='ocrx_word' id='word_1_361' title='bbox 1191 2038 1421 2075; x_wconf 79' lang='lat' dir='ltr'><strong>decursibus</strong></span> <span class='ocrx_word' id='word_1_362' title='bbox 1455 2039 1641 2091; x_wconf 85' lang='lat' dir='ltr'><strong>Olympi-</strong></span> 
     </span>
     <span class='ocr_line' id='line_1_58' title="bbox 913 2096 1641 2143; baseline 0.003 -11"><span class='ocrx_word' id='word_1_363' title='bbox 913 2096 978 2133; x_wconf 83' lang='lat' dir='ltr'><strong>cis.</strong></span> <span class='ocrx_word' id='word_1_364' title='bbox 1041 2096 1195 2132; x_wconf 74' lang='lat' dir='ltr'><strong>Palma</strong></span> <span class='ocrx_word' id='word_1_365' title='bbox 1213 2125 1221 2141; x_wconf 87' lang='lat'>‚</span> <span class='ocrx_word' id='word_1_366' title='bbox 1275 2101 1322 2131; x_wconf 81' lang='lat' dir='ltr'><strong>ut</strong></span> <span class='ocrx_word' id='word_1_367' title='bbox 1358 2098 1549 2143; x_wconf 53' lang='lat' dir='ltr'><strong>victoria,</strong></span> <span class='ocrx_word' id='word_1_368' title='bbox 1601 2104 1641 2134; x_wconf 86' lang='lat' dir='ltr'><strong>et</strong></span> 
     </span>
     <span class='ocr_line' id='line_1_59' title="bbox 915 2152 1637 2203; baseline 0.001 -14"><span class='ocrx_word' id='word_1_369' title='bbox 915 2166 1028 2203; x_wconf 81' lang='lat' dir='ltr'><strong>saepe</strong></span> <span class='ocrx_word' id='word_1_370' title='bbox 1045 2152 1118 2189; x_wconf 74' lang='lat' dir='ltr'><strong>alia</strong></span> <span class='ocrx_word' id='word_1_371' title='bbox 1145 2152 1356 2198; x_wconf 80' lang='lat' dir='ltr'><strong>abstracta,</strong></span> <span class='ocrx_word' id='word_1_372' title='bbox 1377 2165 1451 2202; x_wconf 87' lang='lat' dir='ltr'><strong>pro</strong></span> <span class='ocrx_word' id='word_1_373' title='bbox 1475 2153 1637 2191; x_wconf 81' lang='lat' dir='ltr'><strong>victore.</strong></span> 
     </span>
    </p>

    <p class='ocr_par' dir='ltr' id='par_1_28' title="bbox 906 2209 1638 2945">
     <span class='ocr_line' id='line_1_60' title="bbox 980 2209 1638 2259; baseline -0.002 -10"><span class='ocrx_word' id='word_1_374' title='bbox 980 2210 1238 2250; x_wconf 72' lang='lat'><strong>340—347.</strong></span> <span class='ocrx_word' id='word_1_375' title='bbox 1293 2209 1426 2246; x_wconf 83' lang='lat' dir='ltr'><strong>Simile</strong></span> <span class='ocrx_word' id='word_1_376' title='bbox 1466 2210 1638 2259; x_wconf 73' lang='lat' dir='ltr'><strong>iurgium</strong></span> 
     </span>
     <span class='ocr_line' id='line_1_61' title="bbox 913 2265 1635 2318; baseline 0.003 -16"><span class='ocrx_word' id='word_1_377' title='bbox 913 2267 1020 2317; x_wconf 83' lang='lat' dir='ltr'><strong>apud</strong></span> <span class='ocrx_word' id='word_1_378' title='bbox 1048 2266 1207 2303; x_wconf 81' lang='lat' dir='ltr'><strong>Homer.</strong></span> <span class='ocrx_word' id='word_1_379' title='bbox 1238 2265 1346 2303; x_wconf 80' lang='lat' dir='ltr'><strong>Iliad.</strong></span> <span class='ocrx_word' id='word_1_380' title='bbox 1367 2276 1414 2315; x_wconf 77' lang='grc' dir='ltr'><strong>ψ,</strong></span> <span class='ocrx_word' id='word_1_381' title='bbox 1441 2268 1521 2309; x_wconf 73' lang='lat'><strong>543</strong></span> <span class='ocrx_word' id='word_1_382' title='bbox 1553 2281 1635 2318; x_wconf 88' lang='lat' dir='ltr'><strong>sqq.</strong></span> 
     </span>
     <span class='ocr_line' id='line_1_62' title="bbox 915 2322 1635 2373; baseline 0.003 -14"><span class='ocrx_word' id='word_1_383' title='bbox 915 2324 1090 2360; x_wconf 71' lang='lat' dir='ltr'><strong>Caveam</strong></span> <span class='ocrx_word' id='word_1_384' title='bbox 1108 2353 1116 2369; x_wconf 89' lang='lat'>,</span> <span class='ocrx_word' id='word_1_385' title='bbox 1158 2335 1255 2360; x_wconf 67' lang='lat' dir='ltr'><strong>voce</strong></span> <span class='ocrx_word' id='word_1_386' title='bbox 1277 2337 1297 2359; x_wconf 82' lang='lat' dir='ltr'><strong>a</strong></span> <span class='ocrx_word' id='word_1_387' title='bbox 1322 2322 1478 2361; x_wconf 79' lang='lat' dir='ltr'><strong>theatro</strong></span> <span class='ocrx_word' id='word_1_388' title='bbox 1501 2324 1635 2373; x_wconf 77' lang='lat' dir='ltr'><strong>ducta,</strong></span> 
     </span>
     <span class='ocr_line' id='line_1_63' title="bbox 912 2380 1634 2433; baseline 0.006 -17"><span class='ocrx_word' id='word_1_389' title='bbox 912 2381 1010 2417; x_wconf 87' lang='lat' dir='ltr'><strong>bene</strong></span> <span class='ocrx_word' id='word_1_390' title='bbox 1044 2380 1146 2417; x_wconf 77' lang='lat' dir='ltr'><strong>dixit</strong></span> <span class='ocrx_word' id='word_1_391' title='bbox 1174 2381 1303 2417; x_wconf 85' lang='lat' dir='ltr'><strong>locum</strong></span> <span class='ocrx_word' id='word_1_392' title='bbox 1329 2384 1571 2433; x_wconf 74' lang='grc' dir='ltr'><em>θεατροειδῆ</em></span> <span class='ocrx_word' id='word_1_393' title='bbox 1594 2383 1634 2420; x_wconf 88' lang='lat' dir='ltr'><strong>in</strong></span> 
     </span>
     <span class='ocr_line' id='line_1_64' title="bbox 911 2437 1635 2488; baseline 0.003 -13"><span class='ocrx_word' id='word_1_394' title='bbox 911 2439 1014 2476; x_wconf 81' lang='lat' dir='ltr'><strong>valle</strong></span> <span class='ocrx_word' id='word_1_395' title='bbox 1034 2438 1139 2475; x_wconf 82' lang='lat' dir='ltr'><strong>inter</strong></span> <span class='ocrx_word' id='word_1_396' title='bbox 1159 2437 1295 2474; x_wconf 86' lang='lat' dir='ltr'><strong>colles:</strong></span> <span class='ocrx_word' id='word_1_397' title='bbox 1326 2444 1373 2475; x_wconf 86' lang='lat' dir='ltr'><strong>ut</strong></span> <span class='ocrx_word' id='word_1_398' title='bbox 1393 2441 1476 2480; x_wconf 68' lang='lat'><strong>288</strong></span> <span class='ocrx_word' id='word_1_399' title='bbox 1499 2453 1553 2488; x_wconf 87' lang='lat' dir='ltr'><strong>sq.</strong></span> <span class='ocrx_word' id='word_1_400' title='bbox 1571 2441 1635 2477; x_wconf 78' lang='lat' dir='ltr'><strong>vi-</strong></span> 
     </span>
     <span class='ocr_line' id='line_1_65' title="bbox 912 2495 1632 2545; baseline 0.001 -13"><span class='ocrx_word' id='word_1_401' title='bbox 912 2495 1107 2532; x_wconf 80' lang='lat' dir='ltr'><strong>deramus.</strong></span> <span class='ocrx_word' id='word_1_402' title='bbox 1177 2509 1245 2531; x_wconf 83' lang='lat' dir='ltr'><strong>ora</strong></span> <span class='ocrx_word' id='word_1_403' title='bbox 1277 2497 1415 2544; x_wconf 63' lang='lat' dir='ltr'><strong>[nima</strong></span> <span class='ocrx_word' id='word_1_404' title='bbox 1453 2505 1632 2545; x_wconf 72' lang='lat' dir='ltr'><strong>patrum,</strong></span> 
     </span>
     <span class='ocr_line' id='line_1_66' title="bbox 910 2552 1632 2602; baseline 0.003 -13"><span class='ocrx_word' id='word_1_405' title='bbox 910 2554 1081 2590; x_wconf 70' lang='lat' dir='ltr'><strong>seniores</strong></span> <span class='ocrx_word' id='word_1_406' title='bbox 1123 2552 1159 2588; x_wconf 86' lang='lat' dir='ltr'><strong>in</strong></span> <span class='ocrx_word' id='word_1_407' title='bbox 1203 2552 1340 2602; x_wconf 83' lang='lat' dir='ltr'><strong>primis</strong></span> <span class='ocrx_word' id='word_1_408' title='bbox 1381 2552 1498 2601; x_wconf 84' lang='lat' dir='ltr'><strong>locis,</strong></span> <span class='ocrx_word' id='word_1_409' title='bbox 1542 2562 1632 2592; x_wconf 83' lang='lat' dir='ltr'><strong>ante</strong></span> 
     </span>
     <span class='ocr_line' id='line_1_67' title="bbox 909 2609 1630 2660; baseline 0 -13"><span class='ocrx_word' id='word_1_410' title='bbox 909 2611 1026 2658; x_wconf 70' lang='grc'><strong>31105,</strong></span> <span class='ocrx_word' id='word_1_411' title='bbox 1056 2609 1259 2658; x_wconf 74' lang='lat' dir='ltr'><strong>sedente.5‚</strong></span> <span class='ocrx_word' id='word_1_412' title='bbox 1288 2610 1440 2660; x_wconf 84' lang='lat' dir='ltr'><strong>priores</strong></span> <span class='ocrx_word' id='word_1_413' title='bbox 1461 2611 1630 2659; x_wconf 61' lang='lat' dir='ltr'><strong>omines,</strong></span> 
     </span>
     <span class='ocr_line' id='line_1_68' title="bbox 909 2666 1630 2718; baseline 0.003 -15"><span class='ocrx_word' id='word_1_414' title='bbox 909 2668 1052 2718; x_wconf 86' lang='lat' dir='ltr'><strong>quibus</strong></span> <span class='ocrx_word' id='word_1_415' title='bbox 1086 2667 1257 2704; x_wconf 82' lang='lat' dir='ltr'><strong>seniores</strong></span> <span class='ocrx_word' id='word_1_416' title='bbox 1286 2673 1324 2703; x_wconf 86' lang='lat' dir='ltr'><strong>et</strong></span> <span class='ocrx_word' id='word_1_417' title='bbox 1354 2666 1630 2705; x_wconf 75' lang='lat' dir='ltr'><strong>lionoraliores</strong></span> 
     </span>
     <span class='ocr_line' id='line_1_69' title="bbox 908 2724 1627 2773; baseline 0 -11"><span class='ocrx_word' id='word_1_418' title='bbox 908 2725 1109 2762; x_wconf 80' lang='lat' dir='ltr'><strong>sedebant..</strong></span> <span class='ocrx_word' id='word_1_419' title='bbox 1147 2724 1244 2773; x_wconf 71' lang='lat' dir='ltr'><strong>(vid.</strong></span> <span class='ocrx_word' id='word_1_420' title='bbox 1267 2724 1316 2770; x_wconf 88' lang='lat' dir='ltr'><strong>Q.</strong></span> <span class='ocrx_word' id='word_1_421' title='bbox 1339 2724 1383 2761; x_wconf 93' lang='lat' dir='ltr'><strong>V.</strong></span> <span class='ocrx_word' id='word_1_422' title='bbox 1405 2726 1627 2772; x_wconf 72' lang='lat' dir='ltr'><strong>xxxviii,</strong></span> 
     </span>
     <span class='ocr_line' id='line_1_70' title="bbox 908 2781 1627 2833; baseline -0.006 -13"><span class='ocrx_word' id='word_1_423' title='bbox 908 2785 947 2829; x_wconf 78' lang='lat'><strong>2,</strong></span> <span class='ocrx_word' id='word_1_424' title='bbox 970 2797 1001 2820; x_wconf 79' lang='lat'><strong>8.</strong></span> <span class='ocrx_word' id='word_1_425' title='bbox 1040 2785 1081 2820; x_wconf 70' lang='lat' dir='ltr'><strong>l}</strong></span> <span class='ocrx_word' id='word_1_426' title='bbox 1096 2781 1157 2833; x_wconf 79' lang='grc'><strong>1)</strong></span> <span class='ocrx_word' id='word_1_427' title='bbox 1206 2782 1471 2832; x_wconf 66' lang='lat' dir='ltr'><strong>lacrimaeque</strong></span> <span class='ocrx_word' id='word_1_428' title='bbox 1510 2784 1627 2818; x_wconf 73' lang='lat' dir='ltr'><strong>‹leco-</strong></span> 
     </span>
     <span class='ocr_line' id='line_1_71' title="bbox 907 2838 1626 2890; baseline -0.001 -14"><span class='ocrx_word' id='word_1_429' title='bbox 907 2855 974 2876; x_wconf 82' lang='lat' dir='ltr'><strong>rae</strong></span> <span class='ocrx_word' id='word_1_430' title='bbox 1004 2840 1115 2890; x_wconf 88' lang='lat' dir='ltr'><strong>pueri</strong></span> <span class='ocrx_word' id='word_1_431' title='bbox 1150 2838 1432 2888; x_wconf 83' lang='lat' dir='ltr'><strong>supplicantis,</strong></span> <span class='ocrx_word' id='word_1_432' title='bbox 1474 2852 1522 2874; x_wconf 85' lang='lat' dir='ltr'><strong>ne</strong></span> <span class='ocrx_word' id='word_1_433' title='bbox 1554 2839 1626 2876; x_wconf 80' lang='lat' dir='ltr'><strong>sibi</strong></span> 
     </span>
     <span class='ocr_line' id='line_1_72' title="bbox 906 2894 1626 2945; baseline -0.001 -12"><span class='ocrx_word' id='word_1_434' title='bbox 906 2896 1098 2934; x_wconf 76' lang='lat' dir='ltr'><strong>victoriae</strong></span> <span class='ocrx_word' id='word_1_435' title='bbox 1120 2894 1247 2932; x_wconf 86' lang='lat' dir='ltr'><strong>honos</strong></span> <span class='ocrx_word' id='word_1_436' title='bbox 1267 2895 1499 2945; x_wconf 78' lang='lat' dir='ltr'><strong>eriperetur.</strong></span> <span class='ocrx_word' id='word_1_437' title='bbox 1557 2910 1626 2932; x_wconf 69' lang='grc' dir='ltr'><strong>νε-</strong></span> 
     </span>
    </p>
   </div>
   <div class='ocr_carea' id='block_1_26' title="bbox 1222 2962 1346 3006">
    <p class='ocr_par' dir='ltr' id='par_1_29' title="bbox 1222 2962 1346 3006">
     <span class='ocr_line' id='line_1_73' title="bbox 1222 2962 1346 3006; baseline 0 0"><span class='ocrx_word' id='word_1_438' title='bbox 1222 2962 1346 3006; x_wconf 78' lang='lat'><strong>49*</strong></span> 
     </span>
    </p>
   </div>
  </div>
 </body>
</html>
