1779 3420
29 190 162 236 1016
279 182 889 232 EXCURSUS
963 182 1095 232 VII.
1149 182 1301 231 VIII

400 365 987 425 EXCURSUS
1072 366 1206 423 VH

546 481 650 524 De
723 481 1063 525 Mesena

149 601 216 652 VI,
250 604 333 642 162
352 613 437 652 sqq.
471 599 528 637 De
553 600 721 637 fl‘liseno
743 598 1021 637 narrationem
1050 596 1231 636 intexuit
1251 603 1420 651 propter
1453 600 1575 638 sabu-

36 663 98 700 lae
131 659 241 713 apud
271 659 391 697 Italos
421 656 719 696 auctoritatem.
758 669 799 695 v.
835 657 1004 696 Excurs.
1036 657 1090 695 IV
1109 655 1162 693 ad
1188 654 1230 693 11.
1251 655 1334 705 lib„
1365 663 1406 695 et
1434 658 1577 697 habuit

36 720 158 758 etiam
179 716 389 770 Elpenoris
419 715 673 767 exemplum,
713 713 824 765 quod
849 722 1113 767 sequeretur,
1154 713 1264 766 apud
1287 714 1407 755 Hom.
1431 717 1577 769 Odyss.

38 783 72 828 λ,
104 779 156 820 51
178 790 263 827 sqq.
324 774 541 813 Molestum
568 779 702 812 tamen
723 772 816 821 1100,
847 774 961 824 quod
981 773 1061 812 duo
1082 774 1429 812 commemorandi
1448 782 1578 824 erant,

39 836 107 888 qui
136 835 277 874 eodem
307 834 393 871 sato
422 832 639 885 perierant.
710 831 836 880 Quod
867 845 960 871 eum
992 832 1208 870 tubicinem
1250 833 1427 871 nobilem
1459 834 1580 872 fuisse

39 894 187 942 tradit,
221 892 270 930 cf.
293 892 359 940 111,
391 893 490 940 239,
521 890 563 928 in
588 890 668 929 hoc
686 890 855 928 Homeri
878 891 941 929 sui
969 891 1256 929 auctoritatem
1286 891 1458 942 deserit;
1489 906 1581 931 cum

42 951 228 992 Troianis
264 949 519 1001 temporibus
553 963 629 987 nec
659 949 803 988 tubam
830 962 906 987 nec
938 949 1086 988 lituum
1114 949 1327 987 inventum
1347 951 1467 989 fuisse
1488 951 1583 989 satis

42 1015 215 1050 constet.
284 1008 429 1047 Maluit
468 1008 606 1058 itaque
645 1014 686 1046 et
724 1006 793 1046 1110
822 1008 993 1060 tragicos
1032 1007 1165 1058 sequi,
1206 1021 1245 1047 v.
1274 1023 1307 1047 0.
1337 1008 1583 1062 Aeschylum

45 1071 210 1109 Eumen.
252 1081 292 1106 v.
323 1067 421 1116 570,
464 1066 653 1119 Sophocl.
687 1066 747 1105 Ai.
782 1069 835 1107 17
866 1073 907 1105 et
948 1067 997 1105 al.
1058 1066 1158 1104 Mox
1185 1080 1224 1105 v.
1260 1070 1342 1110 172
1374 1068 1584 1106 Tritonem

44 1134 168 1167 cantu
192 1131 391 1179 provocat
413 1124 601 1164 Misenus.
662 1125 752 1163 Hoc
776 1124 1069 1176 elegantissimo
1093 1131 1235 1176 poetae
1256 1125 1413 1178 ingenio
1446 1126 1585 1165 deberi

44 1186 220 1234 videtur,
246 1183 538 1223 adumbratum
558 1197 609 1222 ex
628 1183 824 1222 similibus
848 1183 1152 1222 narrationibus
1175 1184 1283 1235 apud
1304 1191 1462 1224 veteres
1486 1199 1586 1238 poe-

50 1252 130 1294 tas,
165 1243 348 1296 inprimis
373 1242 619 1292 Homerum,
651 1256 744 1280 cum
763 1242 805 1279 in
823 1242 981 1294 vulgari
1012 1255 1173 1293 quoque
1195 1243 1423 1295 priscorum
1450 1244 1587 1283 homi-

47 1317 147 1342 num
167 1314 376 1350 sermone,
409 1307 459 1339 ut
477 1301 647 1352 quisque
677 1301 720 1338 in
753 1307 841 1338 arte
871 1315 943 1339 sua
966 1301 1204 1349 excelleret,
1236 1301 1292 1339 ita
1313 1302 1436 1341 modo
1459 1309 1587 1342 artem

49 1377 69 1400 a
98 1361 173 1399 diis
197 1360 415 1412 accepisse,
448 1359 569 1398 modo
591 1373 635 1396 ea
659 1365 746 1397 arte
767 1373 860 1397 cum
880 1359 956 1398 diis
979 1359 1225 1397 contendere
1246 1359 1463 1401 diceretur.
1522 1362 1590 1401 Sic

48 1419 264 1471 Thamyris
293 1433 386 1457 cum
416 1418 541 1457 Musis
571 1417 685 1456 Iliad.
723 1418 760 1470 β,
786 1416 870 1460 595
900 1431 998 1468 sqq„
1031 1418 1086 1456 sic
1116 1418 1313 1468 Pierides,
1355 1419 1410 1457 sic
1432 1420 1592 1459 Sirenes

51 1493 142 1518 cum
166 1477 309 1527 Musis,
341 1476 523 1529 Marsyas
555 1490 648 1515 cum
666 1476 877 1528 Apolline,
908 1477 1090 1529 Eurytus
1125 1491 1223 1515 arcu
1243 1491 1334 1516 cum
1353 1478 1494 1517 eodem
1514 1479 1591 1519 Od.

50 1543 96 1586 θ,
132 1537 217 1578 224
253 1550 338 1587 sqq.
371 1541 596 1574 certarunt.
656 1534 807 1574 Passim
835 1534 915 1573 hoc
950 1536 1154 1573 monitum
1190 1535 1242 1574 ad
1282 1535 1593 1589 Apollodorum.

51 1595 250 1634 Aeoliden
269 1594 445 1647 appellat
465 1594 684 1643 Misenum,
722 1593 837 1631 Aeoli
864 1593 1015 1642 filium,
1057 1600 1254 1645 tanquam
1278 1595 1457 1634 eiusdem
1480 1595 1594 1636 Aeoli

54 1653 233 1704 Troiani,
264 1667 384 1705 quem
402 1653 444 1691 in
465 1666 600 1706 pugna
622 1666 715 1692 cum
730 1651 881 1691 Latinis
902 1652 1138 1692 occubuisse
1156 1659 1298 1692 narrat
1316 1654 1406 1706 XII,
1429 1655 1514 1698 542
1535 1670 1593 1708 sq.

343 1980 1051 2042 EXCURSUS
1134 1981 1304 2039 VIII

153 2107 511 2167 Clzorograplzia
539 2109 747 2154 locorum
778 2108 1040 2169 inferorum
1071 2126 1125 2154 ex
1145 2117 1320 2169 poetae
1349 2118 1512 2154 mente.

180 2238 271 2278 Non
299 2238 570 2278 iniucundum
600 2252 682 2277 esse
707 2245 866 2292 potest,
919 2254 1004 2279 uno
1039 2240 1129 2279 loco
1158 2239 1410 2293 propositam
1451 2239 1603 2278 habere

66 2296 199 2335 animo
219 2303 350 2335 totam
373 2298 559 2336 locorum
576 2298 802 2337 inferorum
827 2298 1163 2352 descriptionem,
1206 2298 1335 2349 qualis
1361 2299 1431 2337 illa
1459 2313 1482 2336 a
1505 2298 1604 2338 Vir-

66 2355 158 2406 gilio
178 2354 258 2394 hoc
277 2355 381 2394 libro
403 2362 462 2394 est
481 2357 678 2409 exposita.
739 2357 856 2405 Quae
882 2357 949 2395 alii
972 2370 1043 2395 seu
1067 2357 1268 2396 imitando
1290 2370 1362 2395 seu
1383 2371 1492 2396 nova
1520 2357 1605 2394 fin-

66 2413 198 2464 gendo
226 2414 448 2464 variarint,
494 2422 544 2453 ut
574 2417 723 2453 Seneca
747 2415 867 2454 Herc.
892 2417 971 2454 sur.
1006 2415 1089 2457 658
1117 2429 1214 2466 sqq„
1259 2415 1390 2454 Valer.
1410 2415 1469 2454 Fl.
1500 2414 1605 2454 lib.I

69 2471 143 2509 sub
162 2472 187 2509 f.
210 2473 294 2513 827
315 2487 372 2524 sq.
402 2487 515 2513 nune
536 2488 617 2512 non
640 2487 841 2513 curamus.
902 2474 1094 2512 Tentavit
1111 2475 1190 2512 iam
1207 2474 1315 2513 idem
1343 2473 1536 2525 Spencius
1565 2478 1606 2511 et

69 2528 249 2567 Iortinus
274 2530 373 2569 Diss.
407 2531 469 2581 VI,
502 2546 539 2583 p.
570 2533 654 2574 258
682 2538 846 2584 praeter
876 2532 973 2571 alios
1007 2532 1139 2585 Intpp.
1221 2532 1425 2571 Nonnulla
1455 2533 1606 2570 iterum

71 2588 266 2626 tractavit
284 2589 538 2628 Wernsdorf.
559 2590 671 2628 Poet.
692 2591 789 2629 min.
815 2591 928 2629 Tom.
950 2591 985 2628 II
1010 2591 1179 2629 Excurs.
1199 2590 1343 2629 XVIII.
1403 2591 1482 2628 Res
1514 2603 1606 2627 cum

71 2658 144 2698 per
176 2658 219 2682 se
251 2660 335 2683 non
362 2647 515 2684 inutilis
550 2661 632 2685 esse
663 2654 799 2701 potest
828 2649 880 2686 ad
914 2654 1057 2700 poetae
1087 2648 1482 2701 interpretationem,
1516 2653 1607 2685 tum

72 2717 172 2742 >vero
207 2703 329 2741 etiam
354 2704 403 2741 iis
431 2711 546 2755 grata
577 2718 659 2742 esse
681 2706 824 2755 debet,
864 2707 934 2757 qui
962 2707 1102 2744 Dantis
1122 2707 1351 2754 Insa-num,
1383 2706 1533 2758 partim
1557 2719 1608 2743 ex

74 2761 265 2810 Marone,
298 2776 378 2812 quo
410 2762 442 2800 is
462 2763 563 2800 duce
588 2763 736 2812 utitur,
767 2777 1015 2815 expressum,
1044 2770 1133 2803 tum
1162 2765 1284 2802 etiam
1314 2764 1487 2802 aliorum
1506 2777 1606 2817 poe—

76 2827 214 2858 tarum
254 2821 344 2858 loca
381 2834 618 2872 comparare
649 2821 808 2860 volunt.
868 2822 930 2859 Ita
955 2821 1074 2860 Silius
1108 2822 1224 2872 XIII,
1257 2823 1340 2864 526
1370 2836 1454 2873 sqq.
1480 2829 1610 2861 totam

77 2879 303 2917 inferorum
330 2878 643 2931 descriptionem
666 2878 867 2928 variavit,
902 2879 1041 2917 decem
1070 2881 1219 2932 portis,
1259 2887 1299 2919 et
1319 2881 1465 2934 septis,
1497 2886 1609 2933 puto,

79 2937 121 2975 in
149 2937 196 2975 iis
221 2937 480 2988 constitutis,
521 2943 567 2976 ut
586 2937 766 2976 Platonis
789 2936 930 2976 circuli
959 2943 1052 2977 ante
1072 2939 1210 2978 oculos
1237 2939 1356 2978 fuisse
1370 2939 1612 2989 videantur,
