1811 3388
610 852 1273 912 EXCURSUSI

307 990 387 1033 De
427 991 659 1033 Didone
693 994 920 1049 eiusque
961 991 1247 1034 amoribus
1286 1000 1335 1034 et
1372 999 1574 1035 aetate.

184 1096 337 1170 Cum,
380 1122 410 1158 si
450 1122 678 1159 historicam
721 1120 841 1158 Iidem
883 1121 1078 1171 sequaris,
1127 1120 1289 1158 Didonis
1319 1126 1423 1158 aetas
1455 1122 1544 1173 plus
1575 1135 1694 1172 quam

183 1183 276 1221 CCC
308 1181 419 1217 annis
451 1195 471 1216 a
503 1180 646 1217 Troiae
678 1178 838 1215 excidio
870 1178 1104 1228 Aeneaeque
1137 1178 1340 1216 erroribus
1372 1179 1541 1216 abfuisse
1575 1180 1694 1230 vulgo

184 1245 374 1279 narretur
406 1236 533 1289 (quod
570 1238 648 1274 iam
679 1251 700 1273 a
731 1236 870 1274 Servio
911 1237 1169 1274 observatum
1212 1236 1347 1274 videas
1387 1236 1437 1273 ad
1478 1251 1517 1276 V.
1561 1237 1696 1290 459.);

185 1297 305 1336 modo
335 1297 377 1333 in
407 1295 630 1333 accusando
662 1295 783 1332 modo
813 1294 854 1331 in
886 1294 1114 1331 excusando
1139 1300 1279 1345 poeta,
1311 1295 1378 1344 qui
1403 1294 1566 1331 Didonis
1585 1309 1699 1332 amo—

184 1357 296 1395 ribus
327 1355 498 1391 Aeneam
528 1353 744 1404 implicuit,
786 1352 904 1389 multi
937 1353 1046 1389 docti
1089 1352 1161 1390 viri
1201 1352 1344 1402 passim
1386 1365 1547 1403 operam
1587 1366 1698 1390 suam

188 1417 424 1466 posuerunt.
484 1411 562 1448 Sed
592 1410 697 1448 hanc
729 1410 1039 1461 disputationem
1072 1416 1285 1460 antequam
1317 1410 1578 1461 attingamuS,
1612 1410 1699 1459 alia,

186 1483 310 1521 eaque
341 1475 479 1506 nostro
511 1468 672 1519 quidem
712 1468 859 1506 iudicio
898 1469 1079 1519 gravior,
1119 1467 1294 1517 quaestio
1339 1473 1398 1504 est
1439 1468 1699 1519 expedienda,

187 1543 306 1579 quam
345 1528 539 1564 intactam
578 1527 658 1563 fere
696 1525 868 1575 relinqui
907 1525 1064 1572 videas,
1113 1525 1209 1575 quid
1249 1524 1413 1562 tandem
1452 1532 1611 1577 poetam
1650 1525 1701 1563 ad

185 1586 291 1625 hane
321 1584 597 1635 cogitationem
629 1597 674 1620 ac
704 1584 912 1621 consilium
944 1582 1158 1620 adduxisse
1190 1582 1319 1620 videri
1360 1584 1504 1634 possit,
1546 1589 1590 1620 ut
1632 1583 1701 1620 Di-

187 1644 304 1682 donis
334 1655 488 1679 amores
518 1643 558 1679 in
590 1655 749 1679 carmen
781 1655 897 1679 suum
937 1641 1133 1678 inferret?
1178 1653 1322 1677 casune
1366 1654 1416 1677 an
1457 1642 1613 1678 ratione
1651 1655 1700 1678 an

187 1701 378 1755 exemplo¹
400 1699 479 1737 hoc
508 1699 758 1750 potissimum
789 1698 964 1750 episodio
996 1712 1090 1735 usus
1121 1697 1189 1746 sit,
1231 1711 1321 1735 cum
1355 1698 1429 1735 alia
1468 1699 1572 1736 forte
1611 1712 1702 1736 culn

187 1766 414 1811 temporum
445 1758 601 1795 ratione
632 1757 752 1808 magis
787 1762 1052 1794 consentanea
1083 1755 1132 1793 ad
1164 1769 1327 1793 manum
1358 1756 1516 1793 essent'?

302 1816 385 1853 Iam
425 1815 524 1865 quid
561 1821 677 1866 poeta
716 1815 758 1852 in
800 1821 888 1852 tota
934 1813 1012 1851 hac
1049 1814 1206 1851 ratione
1254 1819 1449 1863 sequutus
1487 1814 1560 1864 sit,
1604 1813 1701 1852 dum

189 1877 361 1912 Aeneam
393 1873 443 1910 ad
476 1873 632 1910 Africae
664 1873 775 1910 littus
804 1878 1039 1923 tempestate
1071 1871 1314 1908 atrocissima
1345 1877 1480 1909 actum
1510 1871 1702 1920 admovit,

188 1939 228 1970 et
259 1944 379 1983 supra
423 1938 483 1968 est
519 1932 767 1982 expositum,
817 1937 857 1967 et
898 1930 970 1979 iis,
1011 1931 1080 1980 qui
1118 1929 1336 1980 Odyssean]
1383 1929 1513 1967 animo
1553 1936 1703 1977 tenent,

193 1990 408 2028 obscurum
437 2001 518 2025 esse
549 1989 702 2038 nequit.
762 1989 861 2025 Cum
892 1987 996 2024 enim
1028 1987 1176 2037 'Ulyssis
1207 1999 1363 2023 errores
1405 2000 1497 2024 cum
1539 2000 1588 2024 ex
1621 1987 1703 2024 aliis

189 2046 374 2099 periculis
405 2060 449 2082 ac
475 2046 629 2083 casibus
657 2052 745 2083 tum
777 2058 827 2082 ex
857 2045 1062 2095 naufragio
1093 2044 1266 2081 maxime
1296 2050 1334 2080 et
1364 2044 1555 2081 eiectione
1584 2045 1701 2095 >Ulys-

191 2104 243 2142 sis
290 2105 331 2141 in
374 2103 551 2154 ignotam
603 2109 781 2149 terram,
827 2103 1000 2140 multum
1039 2101 1186 2139 habere
1227 2101 1437 2138 suavitatis
1477 2102 1705 2152 variarique

192 2161 463 2199 narrationem
502 2160 677 2208 videret,
729 2173 821 2197 cum
865 2160 898 2196 is
939 2159 1012 2196 alia
1049 2159 1136 2196 loca
1178 2164 1335 2196 tantum
1379 2158 1575 2209 attigisse,
1620 2159 1703 2196 aliis

192 2218 437 2268 aliquamdiu
474 2217 710 2255 immoratus
749 2230 830 2254 esse
870 2216 1092 2265 diceretur,
1140 2216 1213 2253 nisi
1262 2215 1439 2253 ieiunam
1478 2222 1518 2253 et
1560 2230 1703 2268 parum

193 2289 355 2314 suavem
402 2289 512 2312 suam
559 2275 678 2312 vellet
725 2288 805 2312 esse
845 2274 1117 2311 narrationem
1159 2273 1207 2311 de
1245 2272 1398 2310 Aeneae
1438 2273 1703 2324 navigatione,

192 2333 270 2371 hoc
298 2333 405 2370 idem
434 2333 508 2369 sibi
538 2332 642 2370 vidit
673 2346 754 2369 esse
785 2332 1052 2382 sequendum,
1090 2338 1135 2368 ut
1166 2330 1338 2368 Aeneam
1367 2332 1498 2370 ventis
1529 2345 1575 2369 ac
1604 2346 1703 2383 pro-

193 2391 301 2429 cellis
334 2405 354 2427 a
387 2404 509 2428 cursu
540 2390 737 2428 deiectum
777 2391 817 2427 in
859 2396 1056 2426 remotam
1097 2395 1269 2435 terram,
1311 2388 1359 2426 de
1396 2402 1474 2439 qua
1514 2403 1620 2427 nova
1660 2403 1705 2427 ac

193 2449 293 2486 mira
323 2448 518 2498 quaedam
551 2448 704 2485 narrari
736 2453 916 2498 possent,
955 2446 1182 2498 expelleret.
1242 2447 1342 2483 Cum
1372 2453 1506 2484 autem
1534 2447 1575 2484 in
1605 2447 1705 2485 mari

193 2505 505 2555 mediterraneo,
556 2519 577 2542 a
628 2505 785 2543 Troade
835 2518 974 2542 versus
1024 2504 1196 2552 Italiam,
1251 2504 1452 2554 navigatio
1493 2504 1625 2553 fieret,
1673 2505 1706 2541 si

194 2577 330 2601 onmes
361 2563 492 2601 animo
523 2563 716 2600 littorales
751 2563 882 2614 plagas
914 2575 1166 2613 percenseas,
1209 2562 1319 2598 nulla
1350 2561 1463 2599 facile
1505 2568 1704 2613 opportu—

194 2622 284 2658 nior
315 2627 422 2658 terra
453 2621 617 2671 cogitari
648 2626 800 2671 potest,
831 2633 972 2670 quam,
1012 2633 1088 2669 qua
1121 2633 1215 2656 usus
1256 2625 1315 2656 est
1355 2626 1493 2671 poeta,
1534 2619 1705 2657 Cartha-

194 2678 388 2727 giniensis.
447 2679 528 2716 Iam
566 2678 738 2729 primum
779 2677 888 2728 quod
931 2678 1104 2714 australe
1144 2677 1393 2728 potissimum
1438 2677 1554 2714 littus
1597 2677 1705 2714 adire

194 2741 406 2785 tempestas
446 2736 572 2786 coegit
622 2736 817 2784 Aeneam,
866 2736 1016 2773 sactum
1064 2734 1210 2785 partim
1262 2741 1471 2785 poetarum
1523 2734 1705 2785 exemplo

196 2793 343 2842 partim
373 2799 587 2830 ventorum
618 2799 776 2831 natura.
836 2793 936 2830 Nam
966 2792 1007 2829 in
1038 2792 1157 2828 maris
1187 2790 1307 2829 huius
1342 2792 1463 2843 plagis
1505 2791 1704 2838 austrinis,

194 2849 298 2885 infra
326 2849 517 2899 Cycladas
545 2850 682 2886 saltem
715 2864 760 2888 ac
793 2852 971 2896 Cretam,
1004 2849 1257 2899 gravissimae
1289 2849 1337 2885 ab
1369 2849 1553 2898 aquilone
1584 2853 1704 2885 vento

197 2905 423 2943 excitantur
471 2914 751 2957 tempestates,
807 2908 1033 2956 durantque
1085 2911 1191 2944 certo
1234 2907 1325 2945 anni
1371 2914 1547 2956 tempore
1588 2905 1704 2943 ssatus
