1779 3420
155 236 259 283 732
480 229 536 275 P.
572 219 913 276 VIRGILII
948 215 1317 265 MARONIS

160 357 388 419 Semper
407 351 732 400 honoratum
753 346 847 408 (sic
869 343 921 392 di
941 340 1222 404 voluistis),
1261 339 1490 391 habebo.

156 427 311 474 Hunc
334 437 458 486 egO,
496 417 725 469 Gaetulis
749 429 963 478 agerem
988 411 1030 459 si
1053 410 1289 474 Syrtibus
1315 408 1472 472 exsul,

1601 342 1668 390 50

156 571 227 598 tam
252 561 370 607 paucis
396 556 563 601 exemplis
588 568 644 588 res
670 565 739 587 non
764 558 887 597 potest
910 552 1020 585 omnis
1046 549 1181 583 confici.
1229 549 1356 582 Contra
1389 549 1430 581 ni
1462 546 1668 592 particulam

156 622 226 644 non
253 609 344 642 solet
367 605 506 649 negatio
532 602 756 646 praecedere.
804 598 924 632 Multis
951 610 969 630 e
994 597 1081 630 locis
1108 608 1168 629 eos
1194 602 1327 628 tantum
1353 595 1484 635 affero,
1520 594 1579 626 ubi
1605 605 1669 637 per

156 663 303 690 metrum
327 661 471 696 utraque
497 648 667 693 particula
690 647 805 680 locum
830 645 1003 678 habebat:
1037 645 1101 676 Ge.
1130 644 1156 684 1,
1183 644 1260 677 198.
1285 643 1346 683 IV,
1374 643 1450 677 116.
1477 641 1555 676 455.
1581 643 1667 673 Aen.

158 705 219 743 VI,
244 702 299 738 34.
324 701 403 734 292.
441 698 530 737 VIII,
556 697 634 729 510.
693 693 807 727 Semel
841 699 958 724 tamen
992 691 1032 723 ni
1066 689 1244 733 negationi
1279 688 1473 721 subiectum
1506 691 1591 720 Aen.
1625 688 1668 728 Il,

159 750 248 789 178.,
273 747 335 780 sed
359 746 427 785 ita,
452 750 489 775 ut
514 742 710 774 adiunctam
742 740 892 779 habeat,
927 745 965 770 ut
1000 736 1138 781 saepius
1173 736 1265 780 apud
1299 734 1501 775 Horatium,
1535 734 1668 766 cohor—

157 795 254 830 tandi
279 791 466 826 notionem.
515 788 604 821 Hinc
628 787 737 820 videri
763 785 877 832 possit
902 786 942 818 ni
971 795 1046 817 cum
1078 782 1255 815 deteriore
1290 782 1447 814 codicum
1480 787 1579 823 parte
1612 779 1667 812 Ie-

157 842 306 887 gendum
333 849 419 871 esse.
467 838 580 879 Atque
606 841 643 866 ut
668 834 859 867 concedam
882 832 957 865 nisi
980 837 1016 863 et
1050 831 1089 862 ni
1125 829 1299 862 interdum
1335 827 1531 872 promiscue
1566 838 1669 859 usur-

157 888 255 935 pari,
281 892 411 919 certum
437 890 550 915 tamen
586 881 760 925 quoddam
791 877 980 912 intercedit
1014 877 1106 908 inter
1139 876 1201 908 has
1240 874 1428 920 particulas
1461 873 1667 906 discrimen:

157 937 198 968 m'
224 934 311 967 enim
338 929 560 969 affirmantis,
588 948 630 951 —
657 928 770 960 addo:
797 924 949 970 graviter
973 923 1156 964 minantis,
1189 928 1226 954 ut
1257 933 1312 964 ap.
1348 920 1446 964 Virg.
1484 923 1570 953 Aen.
1604 921 1668 962 IX,

157 982 236 1016 805.
262 980 341 1018 XII,
366 978 446 1012 568.
473 995 515 1000 -
541 976 615 1007 nisi
636 973 796 1018 negantis
822 979 882 1005 aut
917 969 1125 1014 ambigentis
1160 975 1222 1001 est.
1280 966 1368 1000 Hinc
1403 968 1554 1008 miram,
1589 979 1668 999 mo-

156 1029 445 1072 riat-‚peream,
480 1023 539 1063 ni,
575 1021 693 1054 dicere
728 1019 903 1059 solemus,
939 1029 1008 1049 nou
1048 1018 1198 1057 mirum,
1234 1021 1293 1047 aut
1325 1015 1478 1054 moriar,
1507 1025 1668 1060 peream,

157 1075 247 1113 nisi,
291 1081 495 1116 quamquam
533 1068 605 1101 scio
640 1066 711 1111 legi
742 1066 810 1099 hoc
841 1064 1016 1097 nonnullis
1049 1063 1157 1102 locis;
1189 1068 1311 1095 contra
1341 1062 1412 1093 nisi
1450 1072 1558 1100 vero,
1597 1060 1670 1092 nisi

149 1120 274 1166 sorte,
300 1130 368 1150 non
395 1117 435 1149 ni
458 1128 564 1154 vero,
600 1115 642 1147 ni
667 1113 779 1159 sorte.
829 1112 912 1144 Inde
947 1111 1002 1149 fit,
1036 1117 1073 1143 ut
1106 1110 1146 1142 ni
1177 1120 1282 1152 saepe
1315 1119 1391 1140 cum
1423 1106 1594 1151 particula
1627 1113 1668 1138 at

156 1164 343 1211 permutari
368 1161 503 1208 possit,
539 1168 576 1193 ut
601 1161 693 1206 apud
727 1159 853 1203 Virgil.
890 1159 954 1191 Ge.
990 1158 1050 1198 lv,
1084 1157 1162 1191 116.
1196 1155 1276 1189 455.
1310 1158 1394 1187 Aen.
1430 1154 1473 1195 11,
1507 1154 1588 1188 599.
1622 1153 1668 1193 V,

156 1214 236 1248 233.
261 1212 342 1246 355.
369 1211 428 1250 vl,
453 1208 510 1243 34.
537 1209 618 1243 359.
654 1208 747 1247 VIII,
772 1207 852 1241 510.
910 1205 984 1236 Hac
1018 1215 1055 1235 re
1090 1203 1133 1235 ad
1164 1208 1322 1234 nostrum
1353 1200 1467 1233 locum
1502 1198 1667 1232 translata

156 1258 362 1301 intelligitur
386 1261 566 1300 praestare
603 1254 783 1286 meliorum
820 1251 978 1285 codicum
1001 1249 1188 1282 lectionem
1214 1260 1233 1280 a
1258 1260 1312 1279 me
1344 1253 1542 1279 revocatam
1575 1247 1667 1284 711‘51'3

155 1318 225 1338 uon
252 1305 341 1337 enim
368 1308 467 1348 putat
492 1313 528 1333 se
563 1300 660 1338 falli3
693 1302 732 1332 ni
757 1298 879 1345 sicllor
912 1298 1021 1330 soret:
1060 1296 1161 1329 facile
1194 1302 1310 1327 tamen
1345 1293 1420 1325 lieri
1457 1298 1596 1337 potest,
1631 1298 1668 1323 ut

154 1353 268 1386 fallar.
294 1350 365 1383 Cic.
391 1350 434 1382 ad
459 1352 531 1381 Att.
552 1349 642 1388 VIII,
663 1349 715 1381 7.:
743 1345 866 1387 „nisi
889 1356 951 1377 me
977 1342 1122 1376 omnia
1147 1341 1364 1375 fallunt.“
1390 1340 1434 1372 ad
1449 1339 1550 1372 eund.
1570 1339 1668 1379 XIV,

157 1402 230 1434 12:
255 1398 346 1439 „Sed
371 1407 458 1435 1105,
493 1394 669 1426 nisime
698 1393 852 1429 fallit,
890 1390 1114 1424 iacebimus.“
1150 1390 1194 1421 ad
1228 1389 1322 1420 Fam.
1356 1388 1400 1426 V,
1434 1387 1510 1420 20.:
1544 1384 1668 1427 „nisi

191 1446 267 1478 uid
292 1456 353 1477 nie
380 1442 556 1474 sallit.“
582 1441 696 1473 Plaut.
723 1438 938 1472 Menaechm.
964 1438 1007 1476 V,
1033 1438 1066 1477 9,
1091 1436 1165 1471 23.:
1204 1436 1317 1475 „Nam
1342 1432 1439 1465 nisi
1463 1444 1525 1466 me
1565 1431 1668 1464 ani-

155 1505 247 1525 mus
272 1489 441 1524 fallitf‘
468 1488 558 1521 adde
585 1489 732 1520 Terent.
758 1487 946 1518 Heautont.
972 1485 1033 1524 IV,
1062 1486 1092 1524 1,
1120 1485 1149 1517 1.
1182 1482 1321 1514 Phorm.
1347 1481 1390 1520 V,
1427 1481 1457 1520 1,
1491 1480 1523 1513 8.
1572 1478 1667 1511 Nolo

154 1547 267 1572 tamen
298 1535 538 1575 dissimulare,
564 1535 603 1567 ni
619 1532 758 1580 fallor,
793 1538 906 1564 metro
942 1531 1092 1562 fortasse
1131 1535 1299 1572 cogente,
1332 1526 1402 1570 legi
1438 1526 1531 1569 apud
1566 1525 1666 1557 ovid.

155 1588 249 1619 Fast.
276 1586 335 1625 IV,
361 1583 441 1617 623.
472 1581 567 1623 Wr.)
664 1582 705 1616 51
742 1580 850 1612 Nunc
886 1590 953 1623 ego
986 1576 1159 1609 refellitur
1193 1587 1211 1607 a
1245 1576 1356 1606 Burm.
1406 1573 1517 1615 (hunc
1549 1583 1667 1604 omnes

155 1633 279 1670 codd.;
316 1642 413 1663 nunc
438 1628 597 1660 mondum
623 1627 657 1659 in
684 1626 785 1658 Fabri
813 1625 996 1657 Thesauro
1023 1636 1043 1655 a
1068 1624 1180 1654 Burm.
1207 1627 1395 1664 repertum.
1428 1618 1522 1659 Wr.)
1571 1631 1666 1662 age-

156 1692 215 1712 rer
242 1680 375 1720 llugeu.
424 1674 689 1706 Distiuctiouem
715 1680 794 1717 post
829 1673 937 1703 Hunc
963 1682 1029 1715 ego
1066 1667 1205 1701 sustulit
1240 1669 1375 1707 Bur1n.‚
1408 1671 1446 1696 ut
1479 1665 1568 1696 adeo
1600 1664 1666 1697 sit:

155 1728 265 1757 Ilum:
290 1737 355 1768 ego
383 1733 546 1766 agerem,
574 1721 606 1752 si
629 1720 735 1752 exsul
759 1730 913 1762 agerem.
952 1716 1104 1759 (potiusz
1133 1717 1242 1747 Hunc
1267 1725 1334 1758 ego
1367 1713 1401 1744 si
1433 1711 1540 1743 exsul
1575 1724 1665 1755 age-

156 1784 240 1804 rem.
273 1769 364 1811 ll'r.)
415 1767 561 1806 Dubito,
600 1778 642 1799 an
668 1765 717 1798 sic
742 1770 848 1809 poeta
874 1761 1041 1795 senserit:
1080 1761 1137 1805 qui
1173 1761 1267 1792 sorte
1301 1771 1363 1802 per
1400 1753 1666 1791 α’νταπόδοτον

155 1817 254 1862 loqui
280 1815 417 1849 maluit:
445 1816 554 1846 Ilmzc
579 1825 667 1858 ego,
692 1813 724 1844 si
740 1831 782 1835 —
806 1817 841 1842 et
865 1821 953 1841 nunc
978 1815 1151 1841 structura
1177 1812 1326 1839 mutata:
1353 1817 1479 1837 annua
1500 1823 1542 1828 -
1560 1816 1665 1836 exse—

155 1877 295 1909 querer.
345 1860 484 1905 (Hvynii
511 1859 597 1891 ratio
624 1858 743 1890 eudem
771 1864 843 1896 est,
869 1868 955 1900 quae
982 1855 1115 1894 Servii,
1151 1865 1295 1898 agerem
1320 1863 1382 1896 per
1407 1862 1519 1882 essem
1550 1850 1666 1894 expli—

155 1911 287 1948 cantis;
315 1915 349 1940 et
376 1914 455 1951 post
482 1919 548 1951 ego
577 1905 678 1937 etium
705 1904 738 1936 in
765 1903 924 1935 Mrdicco
951 1899 1217 1945 interpungitur.
1266 1901 1335 1931 Iam
1377 1909 1477 1942 quum
1508 1897 1552 1928 de
1589 1896 1665 1928 sol-

154 1957 326 1990 lemniae
352 1956 442 1987 sesto
468 1953 524 1985 die
553 1952 607 1984 liic
640 1958 783 1994 agatur,
817 1949 981 1993 displicet
1015 1946 1243 1991 ambiguitas,
1278 1956 1365 1989 quae
1402 1949 1454 1975 est
1488 1943 1522 1975 iu
1556 1943 1664 1975 verbo

158 2016 315 2047 agerem,
342 2000 435 2046 quod
465 2000 530 2031 hoc
557 1999 591 2030 iu
617 1997 786 2030 orationis
813 2008 900 2028 nexu
926 1994 1061 2027 facilius
1088 2006 1152 2038 pro
1180 1992 1398 2025 celebrarem
1418 1989 1545 2022 dictum
1569 1989 1665 2022 acci-

155 2051 254 2095 pias,
279 2049 372 2093 quod
397 2054 510 2079 tamen
536 2046 688 2077 refutant
713 2057 779 2077 vsS.
806 2044 851 2077 53
875 2055 926 2086 sq.
977 2044 1097 2085 Itaque
1126 2039 1221 2072 nolui
1257 2039 1298 2071 ub
1330 2036 1458 2080 Heyuii
1495 2036 1665 2069 sententia

154 2096 348 2130 discedere.
398 2095 440 2125 Et
465 2093 576 2124 simile
604 2099 674 2131 est,
713 2091 805 2134 quod
838 2089 966 2133 legitur
1000 2088 1090 2120 inl'ra
1124 2088 1200 2126 vn,
1233 2087 1300 2120 611
1337 2096 1427 2127 sqq-1
1465 2085 1593 2123 „Has
1620 2102 1662 2106 —-

182 2152 356 2182 ortas—-‚
382 2140 439 2172 ubi
466 2147 558 2171 certa
583 2138 683 2170 sedet
712 2137 866 2179 patribus
893 2135 1066 2167 sententia
1093 2145 1250 2177 pugnae,
1285 2134 1363 2175 Ipse
1391 2129 1563 2170 Quirinali
1589 2138 1664 2162 tra—

149 2157 220 2223 iiea
256 2189 436 2231 cinctuque
473 2186 609 2217 Gabino
646 2184 793 2227 Insignis
831 2189 965 2215 reserat
1000 2179 1265 2214 stridentia
1298 2176 1457 2210 limina
1490 2176 1663 2213 consul;“

155 2237 213 2268 ubi
250 2248 332 2268 cave
367 2234 470 2265 verbu
507 2232 701 2264 stridentia
737 2231 863 2262 limina
896 2227 1094 2274 pronomini
1130 2229 1210 2260 llas
1242 2224 1406 2270 apposita
1441 2235 1516 2256 esse
1552 2230 1663 2267 putes.

153 2282 291 2315 Iulinius
317 2281 472 2325 sequitur
497 2279 736 2311 Burmannum.
763 2277 860 2320 lVr.)

939 2409 998 2441 tas
1013 2434 1021 2450 ,
1045 2402 1118 2440 nisi
1141 2415 1191 2439 ex
1214 2406 1319 2449 arte,
1349 2403 1417 2435 est.
1477 2398 1663 2434 Ceterum

154 2416 192 2446 et
236 2410 406 2446 cinerem
462 2421 560 2445 urna
613 2404 880 2453 condendum,

939 2475 1007 2498 vv.
1027 2460 1080 2501 49
1102 2472 1205 2508 seqq.
1236 2454 1472 2494 ornatissimi
1502 2460 1595 2491 sunt
1627 2460 1663 2490 et

155 2467 336 2505 Manibus
362 2466 490 2502 flebat.
523 2466 569 2501 cf.
594 2478 630 2501 v.
658 2466 725 2505 86.
786 2463 880 2499 Mox

153 2525 337 2573 uisitllor
359 2523 457 2559 :nale
474 2522 523 2558 ad
553 2521 644 2558 anui
677 2520 881 2557 confusio-

155 2595 265 2627 nem,
306 2593 404 2629 quae
437 2585 522 2616 erat
563 2577 668 2627 apud
702 2577 879 2623 maiores,

153 2640 276 2676 refert
297 2637 469 2673 Servium
526 2635 700 2671 lloroicis
723 2641 879 2683 tempo—

154 2697 264 2734 ribus
288 2708 364 2731 uon
389 2694 458 2730 uisi
482 2692 529 2727 :ul
560 2692 650 2727 solis
680 2691 878 2727 siderum-

152 2767 228 2803 que
252 2751 550 2793 conversiones,
583 2748 715 2797 (futiles
744 2748 879 2783 cuius-

152 2825 227 2861 que
249 2809 373 2846 oculis
396 2806 682 2849 occurrebant,
712 2817 879 2854 compu-

153 2870 340 2905 tulzanlut·
366 2866 456 2901 anni
481 2871 518 2900 ‹et
540 2863 630 2899 (lies.
696 2862 811 2910 Atqui
843 2861 878 2896 in

153 2927 211 2963 luis
239 2939 315 2962 nou
352 2935 503 2973 semper
538 2933 686 2958 summa
721 2918 880 2955 subtili-

939 2517 1080 2568 pallios
1104 2516 1274 2562 habont3
1301 2526 1339 2549 sc
1362 2512 1463 2548 dien»
1486 2512 1662 2548 celebra—

940 2582 1077 2611 turum
1097 2586 1176 2610 esse
1202 2583 1355 2621 sempor
1374 2575 1412 2605 et
1435 2569 1601 2618 ubique,
1620 2569 1659 2605 iu

941 2632 1098 2667 deserto
1121 2660 1130 2676 ,
1173 2630 1210 2666 iu
1252 2627 1349 2665 mari
1386 2631 1421 2662 el
1453 2626 1590 2663 mediis
1622 2626 1660 2663 in

938 2688 1129 2724 hos-tibus.

997 2746 1042 2784 51
1073 2768 1122 2773 -
1147 2743 1212 2784 54.
1276 2741 1474 2777 Gaetulae

940 2802 1070 2853 paullo
1104 2802 1220 2837 latius.
1267 2799 1419 2844 dictae,
1471 2810 1518 2834 ex
1554 2809 1662 2834 more

940 2866 1159 2911 poetarum.
1212 2858 1307 2893 Nam
1337 2855 1493 2892 Gaetuli
1527 2867 1663 2891 versus

941 2917 1184 2953 occidentem
1220 2914 1371 2951 Africae
1403 2919 1441 2949 ct
1471 2913 1510 2949 in
1543 2911 1663 2948 meri-

1533 2742 1662 2790 §Zyrles
