1779 3420
93 207 190 253 176

418 205 471 253 Ρ.
517 205 873 255 VIRGILII
918 205 1286 258 MARONIS

87 331 211 379 Non
238 327 429 378 obtusa
453 329 589 379 adeo
614 340 882 395 gestamus
904 341 1121 398 pectora
1148 332 1348 393 Poeni3

89 400 201 448 Nec
226 407 335 447 tam
361 416 573 449 aversus
599 417 768 467 equos
800 403 954 466 Tyria
981 402 1075 451 Sol
1096 403 1265 466 iungit
1286 402 1351 451 ab
1377 401 1527 453 urbe.

91 470 199 518 Seu
223 485 318 518 vos
339 470 657 536 Hesperiam
677 487 927 535 magnam
950 473 1305 539 Saturniaque
1328 489 1464 536 arva,

183 598 253 633 567
281 596 438 631 obtunsa
465 596 590 631 scribit
619 598 720 632 Rom.
746 598 876 633 Medic.
909 612 986 633 cum
1012 599 1090 633 aliis
1119 601 1242 634 Heius.

89 645 159 679 568
184 645 366 678 adversus
391 644 512 686 multi,
550 651 588 676 ut
608 656 758 689 semper.

89 692 252 725 Medeam
274 694 328 725 10.

1294 600 1450 635 obscura
1482 600 1618 635 Zulieh.

807 648 902 679 Bene
925 649 1040 680 Burm.
1064 649 1219 681 Gronov.
1250 648 1372 681 laudat
1400 649 1444 682 ad
1464 651 1619 682 Senecae

377 691 568 736 subiungit
593 690 638 723 ab
657 705 691 725 u.
718 705 788 726 sec.
813 694 938 727 Hamb.

989 694 1048 728 sol
1065 697 1196 741 mergit
1215 697 1354 740 Meuag.
1377 707 1432 740 pr.
1467 696 1518 739 (et
1539 696 1617 729 Alb.

98 739 192 782 lVr.)
241 739 361 785 vergit
378 740 467 771 Ven.
489 737 645 778 Heiusii3
678 739 743 772 sed
761 752 792 773 v.
815 742 929 774 Burm-

90 843 315 894 samiliaris3
346 844 468 883 modo
514 845 571 883 ita
611 845 826 899 intelligas:

90 902 200 941 viros
223 902 368 940 eximia
392 903 560 941 virtutis
579 903 699 943 laude
727 919 827 944 con-

92 960 316 998 decoratos.
366 961 418 999 Et
441 961 521 999 iam
541 976 731 1016 compara
750 965 829 1002 Ca-

90 1018 180 1056 tull.
221 1018 329 1069 Eleg.
376 1018 429 1057 ad
467 1020 590 1062 Manl,
635 1036 694 1060 vs,
734 1025 826 1064 90.:

91 1076 242 1126 „Troia
270 1076 444 1115 virum
475 1084 523 1116 et
552 1079 826 1118 virtutum

91 1133 271 1172 omnium
320 1135 463 1173 acerba
511 1136 654 1176 cinis.“
697 1136 824 1191 Ilfr.)

91 1192 188 1233 567.
208 1193 305 1235 568.
343 1194 434 1232 Νοη
459 1194 560 1233 adeo
586 1196 726 1234 obtusa
745 1210 826 1247 pe-

92 1259 218 1299 elom,
252 1249 293 1288 h.
317 1263 349 1292 e.
373 1252 538 1304 stupida
557 1254 728 1305 ingenia,
748 1253 827 1292 ha-

92 1308 251 1356 bemus,
285 1323 366 1359 non
386 1316 472 1348 tam
491 1311 655 1351 barbari
675 1326 827 1361 sumus,

91 1372 139 1404 ut
161 1366 433 1407 Troianorum
454 1382 518 1407 res
535 1371 738 1422 praeclare
758 1383 829 1422 ge-

90 1430 172 1462 stas
192 1429 234 1462 et
246 1425 328 1462 sata
349 1427 590 1478 ignoremus.
633 1430 726 1467 Nec
743 1437 829 1466 lam,

91 1496 257 1521 aversus
289 1498 410 1535 equos
447 1488 570 1537 'syria
599 1488 661 1525 sol
693 1489 828 1538 iungit

91 1540 144 1578 ab
166 1540 274 1590 urbe,
309 1541 350 1581 h.
377 1556 409 1581 e.
440 1558 515 1582 nec
544 1551 629 1583 tam
650 1551 827 1584 remotas

93 1612 116 1636 a
149 1598 251 1649 sole,
282 1613 304 1636 a
334 1602 427 1639 solis
455 1616 578 1642 cursu
610 1610 651 1641 et
681 1604 828 1653 orbita,

92 1662 223 1695 terras
251 1656 475 1700 incolimus.
517 1662 560 1700 id
586 1662 698 1713 quod
735 1668 828 1700 tan-

93 1714 186 1753 dem
210 1715 261 1753 ad
295 1717 464 1756 eandem
491 1720 731 1759 sententiam
758 1733 828 1759 re-

95 1773 175 1823 dit,
214 1780 414 1824 quatenus
432 1777 578 1829 frigus
615 1778 667 1816 ad
708 1778 830 1816 animi

93 1837 304 1884 stuporem
337 1834 517 1886 adeoque
547 1836 599 1874 ad
628 1837 830 1875 feritatem

94 1895 134 1927 et
164 1889 458 1930 immanitatem
491 1896 759 1945 transfertur,
791 1901 832 1932 et

93 1950 331 1988 remotiores
362 1965 383 1988 a
416 1952 509 1990 solis
541 1954 673 1992 orbita
697 1960 831 1991 terrae

93 2005 179 2058 pati
231 2008 273 2046 id
322 2010 562 2052 creduntur.
644 2012 832 2050 Alienum

93 2065 212 2117 plane
230 2072 303 2115 est,
324 2069 434 2118 quod
458 2070 622 2108 Servius
646 2076 687 2108 et
708 2071 829 2108 Pom-

93 2123 238 2176 ponius
270 2124 384 2164 Atrei
411 2133 452 2164 et
482 2127 680 2180 Thyestae
709 2128 829 2167 fabu-

93 2182 173 2219 lam
192 2182 274 2221 huc
297 2183 520 2224 advocant:
549 2186 663 2225 aliter
681 2186 748 2224 hic
769 2188 833 2224 sol

94 2254 259 2278 aversus
281 2242 331 2279 ob
353 2243 567 2283 horrorem
598 2251 638 2283 et
667 2259 831 2284 aversa-

93 2299 247 2337 tionem
275 2302 453 2352 sceleris3
484 2309 531 2341 ut
558 2309 597 2341 et
629 2303 696 2341 alii
727 2317 828 2356 poe-

94 2362 160 2394 tae
197 2357 246 2394 de
275 2359 448 2399 nefando
485 2362 673 2400 facinore.
764 2362 828 2399 Sic

95 2415 216 2452 caesis
252 2418 406 2456 maritis
444 2420 615 2457 Lemniis
648 2422 750 2459 Stat.
780 2420 827 2468 V,

96 2475 181 2516 297
215 2476 414 2513 Λνθνειιηι
448 2480 604 2515 Lemno
645 2477 763 2515 iubar
792 2486 828 2514 et

94 2530 271 2569 declinia
319 2535 440 2571 Tilsm
489 2535 691 2585 Opposita
724 2537 828 2586 iuga

93 2588 197 2627 nube
247 2590 379 2641 nstra.
463 2593 688 2644 Sapientius
737 2592 827 2642 hoc,

94 2661 214 2697 quam
242 2647 284 2685 in
312 2649 390 2687 alio
424 2663 565 2699 versu,
597 2651 666 2688 ubi
698 2651 828 2701 Virgi-

95 2705 246 2744 lianum
268 2706 402 2745 locum
423 2708 601 2746 imitatus
623 2715 682 2746 est
701 2707 826 2746 Theb.

95 2763 123 2813 l,
145 2767 227 2806 683
246 2778 304 2815 sq.
367 2767 540 2814 Scimus,
575 2768 650 2815 αίί,
676 2781 747 2803 nec
769 2768 827 2803 sic·

94 2837 279 2860 aversum
307 2823 439 2874 sinna
471 2825 650 2875 ,Mycenis
687 2825 827 2862 Voluit

95 2882 180 2921 iter.
242 2882 433 2932 Regnmn
459 2882 647 2933 etjicrias
667 2882 826 2919 oculos-

93 2953 169 2992 que
201 2939 398 2991 pudentes
439 2939 621 2994 (pudore
663 2938 826 2993 erutos)

887 850 1034 887 Novit.
1115 848 1333 886 Extremae
1361 854 1493 887 terrae
1521 862 1620 900 par-

888 913 946 945 tes
973 907 1032 945 ita
1062 906 1227 944 omnino
1259 905 1541 958 designantur,
1573 912 1620 944 ut

886 973 1000 1003 extra
1038 965 1134 1002 solis
1174 967 1264 1002 vias
1296 977 1378 1003 esse
1418 965 1619 1013 dieantur,

887 1030 1085 1074 quatenus
1106 1023 1174 1061 vel
1195 1023 1302 1060 intra
1325 1022 1406 1061 duo
1427 1023 1620 1075 Tropicos

883 1081 951 1121 vel
995 1081 1104 1119 intra
1155 1082 1460 1133 temperatiores
1498 1095 1620 1119 zonas

885 1153 968 1178 non
984 1137 1398 1191 comprehenduntur.
1431 1140 1523 1188 Quo
1546 1139 1621 1191 igi-

885 1206 956 1236 tur
985 1199 1106 1249 magis
1136 1203 1266 1235 terrae
1292 1212 1429 1236 versus
1458 1204 1621 1250 septen-

885 1256 1061 1294 trionem
1088 1255 1154 1293 vel
1175 1269 1317 1294 versus
1349 1262 1531 1294 austrum
1552 1269 1620 1294 re-

886 1315 1058 1362 cedunt,
1095 1326 1141 1351 eo
1171 1314 1291 1365 magis
1327 1329 1492 1352 aversus
1517 1313 1557 1352 h.
1587 1327 1619 1352 e.

887 1372 1122 1424 simpliciter
1148 1378 1329 1410 remotus
1361 1370 1472 1425 (nam
1498 1386 1620 1424 argu—

891 1437 1029 1469 tantur
1061 1430 1103 1468 in
1134 1429 1210 1467 hac
1241 1430 1358 1483 voce)
1393 1431 1440 1468 ab
1473 1430 1520 1468 iis
1551 1431 1623 1468 Sol

888 1490 1022 1540 iungit
1043 1503 1162 1540 equos
1182 1487 1222 1527 h.
1243 1502 1275 1527 e.
1302 1488 1436 1527 oritur
1466 1489 1621 1540 iterque

887 1561 1005 1586 suum
1025 1546 1218 1585 diurnum
1238 1547 1412 1586 conficit.
1442 1547 1621 1598 adeoque

885 1620 986 1659 pro,
1019 1618 1101 1643 non
1128 1610 1210 1642 tam
1240 1620 1405 1643 aversus
1425 1615 1504 1644 est.-
1537 1619 1621 1643 non

886 1669 1066 1702 remotus
1097 1668 1170 1703 est.
1233 1661 1353 1717 (Male
1383 1663 1513 1701 Cerda
1546 1663 1619 1700 ali—

888 1721 984 1775 ter).
1044 1721 1104 1759 Ita
1136 1735 1219 1759 non
1247 1722 1393 1771 modo,
1424 1722 1493 1772 qui
1524 1735 1620 1759 ver—

888 1794 954 1818 sus
983 1779 1320 1831 septentrionem,
1354 1781 1500 1818 arctois
1530 1780 1619 1831 pla-

888 1839 944 1891 gis
966 1837 1165 1887 habitant,
1199 1840 1333 1876 aversi
1358 1853 1379 1875 a
1402 1838 1483 1876 sole
1504 1837 1619 1875 dicti:

888 1910 1034 1936 verum
1061 1896 1177 1934 etiam
1210 1898 1366 1945 avers-i,
1402 1896 1470 1947 qui
1501 1910 1521 1933 a
1555 1909 1620 1934 se-

890 1955 1123 2008 ptentrione
1176 1955 1322 1992 remoti
1374 1954 1620 1993 australibus

890 2013 1014 2066 plagis
1043 2011 1253 2062 habitant3
1292 2026 1367 2064 pro
1399 2013 1619 2050 sententia-

887 2085 980 2110 rum
1007 2072 1178 2110 ratione.
1238 2071 1324 2110 Val.
1362 2071 1419 2109 F1.
1457 2070 1487 2119 I,
1523 2070 1618 2112 518.

888 2130 959 2168 ubi
1000 2130 1069 2168 Sol
1116 2129 1302 2180 loquitur
1348 2128 1396 2167 de
1446 2128 1619 2167 Colchis:

895 2188 1006 2239 Quid
1019 2189 1129 2238 regio
1157 2189 1364 2236 immanis,
1400 2188 1502 2239 quid
1524 2186 1619 2224 bar-

887 2246 1008 2284 baras
1042 2245 1230 2284 amnibus
1267 2247 1362 2283 ullis
1398 2245 1554 2283 Phasis
1584 2253 1621 2281 et

889 2304 1040 2343 aversis
1061 2305 1198 2355 proles
1221 2319 1311 2341 mesa
1336 2303 1520 2354 gentibus
1550 2301 1619 2340 ob—

887 2363 997 2400 slal?
1038 2363 1118 2400 Iam
1150 2362 1192 2399 in
1223 2362 1387 2413 Virgilio
1412 2360 1512 2399 haec
1537 2374 1620 2398 non

887 2434 968 2458 esse
995 2420 1192 2458 subtiliter
1221 2419 1415 2471 exigenda
1441 2424 1619 2471 apparet,

888 2478 921 2515 si
972 2478 1147 2516 Africam
1198 2479 1366 2529 cogites;
1413 2478 1484 2515 sed
1542 2476 1621 2514 hoc

886 2550 1015 2574 unum
1059 2536 1304 2584 tenendum,
1344 2536 1497 2574 Poenos
1538 2549 1619 2573 non

888 2606 970 2631 esse
1009 2594 1229 2642 barbaros,
1281 2607 1361 2631 non
1403 2593 1502 2630 adeo
1539 2605 1619 2629 esse

886 2658 1063 2690 remotos
1094 2665 1114 2688 a
1135 2651 1391 2688 clementiore
1413 2651 1511 2688 coeli
1534 2656 1620 2688 ter-

886 2722 1035 2760 raeque
1067 2709 1207 2761 plaga,
1252 2715 1438 2760 respectu
1472 2708 1619 2746 Troia-

885 2781 1045 2806 nortun.

944 2824 1041 2867 569.
1120 2826 1359 2875 lie-speriam
1421 2838 1621 2875 magnam

887 2882 1017 2935 simpl.
1047 2888 1266 2935 potentem.
1328 2881 1456 2921 Aliter
1487 2883 1620 2920 Grae-

887 2943 953 2979 cia
977 2955 1134 2993 magna
1161 2941 1327 2981 dieitur.
1359 2940 1477 2993 (nota
1506 2952 1620 2992 pares
