1811 3388
464 195 585 242 AD
657 193 1093 240 LIBRUM
1164 194 1245 242 IV
1504 199 1605 246 715

103 330 163 371 ct,
195 324 225 361 si
257 321 460 359 doctrinae
489 320 576 358 laus
608 326 763 371 poetam
794 319 928 368 dccet,
961 333 1040 357 non
1075 325 1204 356 tamen
1244 320 1309 357 illa
1356 333 1407 358 ex
1453 328 1604 373 tempo-

103 394 192 419 rum
226 378 362 416 subtili
390 377 545 415 ratione
575 383 635 414 est
664 377 932 428 expectanda,
976 390 1048 414 nec
1077 377 1118 414 111
1148 383 1267 428 poeta
1306 376 1432 415 ullum
1469 391 1612 429 pecea-

103 444 191 475 tum
220 436 340 474 habet
368 434 739 486 reprehensionem,
771 434 846 472 nisi
877 435 1029 485 quoties
1061 434 1306 472 audientium
1350 434 1502 472 animos
1544 449 1612 473 seu

103 506 238 532 rerum
268 505 337 530 seu
366 506 628 531 numerorum
656 492 852 530 illecebris
883 498 1018 530 tenere
1056 492 1228 542 nequiit:
1269 491 1346 529 hoc
1385 506 1508 530 unuin
1541 499 1611 541 est,

104 565 183 601 quo
214 550 404 588 adversus
434 550 680 602 praescripta
721 550 817 587 artis
854 563 946 587 suae
988 563 1166 601 peccasse
1210 549 1339 587 videri
1378 549 1520 599 debet3
1563 549 1614 587 ad

103 607 182 646 hoc
211 608 315 645 enim
344 608 516 646 redeunt
545 621 609 657 ea,
659 621 759 658 quae
799 607 1030 645 Aristoteles
1072 607 1120 645 de
1162 607 1320 644 Poetiea
1361 607 1540 659 disputat
1582 621 1614 645 c.

105 666 160 707 25
190 665 470 717 distinguendo
501 666 606 704 inter
638 664 856 718 ἁμαρτίας,
899 662 975 718 τήν
1013 662 1086 717 μὲν
1125 660 1226 705 καθ’
1273 663 1426 718 αὑτήν,
1464 661 1541 718 τὴν
1572 662 1614 705 δὲ

105 720 206 763 κατὰ
241 720 285 763 τό
321 719 581 776 συμβεβηκός.

223 780 261 817 Si
295 787 427 818 tamen
457 781 497 818 in
532 781 635 832 ipsas
666 778 914 829 Carthaginis
953 779 1121 830 origines
1162 780 1370 831 variasque
1407 793 1526 832 super
1569 780 1615 818 iis

107 844 290 876 veterum
331 839 580 877 narrationes
618 837 842 876 accuratius
879 837 1081 887 inquirere
1124 838 1342 876 voluissent
1379 838 1455 875 viri
1495 838 1615 886 docti,

112 901 236 934 totuin
268 895 345 933 hoc
372 902 512 948 poetae
542 902 750 948 peccatum
780 901 820 932 et
858 895 1107 932 accusatione
1136 902 1176 933 et
1207 896 1433 933 defensione
1476 909 1616 934 vacare

109 953 349 1003 omninoque
380 967 459 991 esse
494 954 648 991 nullum
681 953 793 990 facile
824 953 1122 991 intellexissent.
1183 954 1277 990 Tam
1319 953 1472 991 diverse
1513 953 1614 991 enirn

111 1011 159 1048 de
194 1011 354 1049 condita
385 1010 619 1062 Carthagine
649 1010 827 1049 traditur
857 1017 896 1047 et
927 1010 967 1047 in
1007 1016 1087 1048 tam
1121 1011 1276 1048 diversa
1313 1017 1491 1061 tempora
1536 1011 1617 1048 eius

109 1069 351 1106 incunabula
388 1069 647 1117 reficiuntur,
688 1074 733 1106 ut
771 1067 834 1105 vel
872 1067 1065 1105 historico
1104 1069 1234 1106 minus
1275 1069 1409 1106 subtili
1452 1069 1617 1106 liberum

112 1127 247 1163 suisset
278 1127 436 1177 eligere,
472 1127 578 1177 quod
611 1127 782 1164 maxime
813 1125 921 1175 sequi
953 1126 1084 1163 vellet.
1144 1126 1396 1176 Quamquam
1436 1139 1477 1162 ea
1521 1140 1617 1163 nar-

112 1183 277 1221 rationis
307 1185 479 1221 varietas
511 1185 623 1222 facile
654 1184 705 1222 ad
744 1189 892 1221 certam
938 1183 1133 1220 rationem
1171 1184 1350 1221 revocari
1391 1190 1546 1234 potest,
1587 1183 1618 1220 si

112 1242 337 1279 memineris
368 1242 487 1280 condi
516 1243 633 1280 urbes
673 1242 748 1279 dici
785 1255 864 1278 non
905 1254 986 1278 uno
1027 1254 1162 1289 sensu,
1208 1255 1279 1278 nec
1323 1241 1442 1278 niodo
1484 1241 1619 1292 primis

113 1298 224 1335 iactis
255 1299 542 1347 fundamentis,
584 1299 653 1336 sed
693 1306 729 1337 et
770 1297 975 1335 moenibus
1017 1298 1168 1346 ductis,
1210 1299 1361 1336 colonia
1402 1313 1505 1336 nova
1546 1298 1618 1335 ad-

114 1356 280 1406 scripta,
312 1363 429 1394 aucta
461 1357 629 1406 denique
662 1364 701 1394 et
737 1356 974 1407 amplificata
1005 1369 1241 1406 quocunque
1282 1356 1401 1394 niodo
1445 1356 1618 1394 civitate.

115 1414 240 1451 Certis
271 1414 385 1451 etiam
417 1421 643 1466 temporum
676 1413 896 1452 intervallis
932 1427 950 1449 a
983 1413 1244 1451 Phoenicibus
1284 1414 1457 1451 Africani
1500 1427 1620 1451 occu-

115 1477 270 1522 patam,
312 1485 333 1508 a
375 1472 561 1510 Sallustio
602 1485 759 1521 quoque
798 1471 1025 1522 proditum,
1066 1471 1167 1508 bello
1209 1471 1290 1521 lug.
1331 1474 1397 1513 22.
1459 1471 1621 1522 Saepius

114 1529 249 1578 itaque
280 1528 389 1566 haud
423 1530 542 1567 dubie
572 1529 734 1566 condita
764 1536 823 1566 est
850 1527 1070 1578 Carthago,
1109 1535 1147 1566 et
1184 1535 1349 1577 possunt
1387 1529 1497 1566 varie
1536 1535 1622 1566 tra-

115 1586 222 1623 ditae
253 1586 334 1623 eius
375 1588 540 1638 origines
579 1586 786 1625 commode
826 1585 876 1623 ad
917 1592 1044 1623 certas
1081 1586 1250 1636 epochas
1290 1586 1483 1624 revocari.
1543 1587 1620 1623 Iam

109 1646 290 1693 primum
332 1644 370 1683 L.
411 1651 503 1682 ante
543 1644 701 1682 Troiam
739 1649 892 1694 captam
941 1644 1052 1680 annis
1093 1643 1288 1691 Carthago
1332 1643 1493 1680 condita
1542 1655 1624 1680 esse

118 1701 265 1738 dicitur
296 1715 323 1751 a·
355 1703 475 1739 Tzoro
507 1708 547 1740 et
583 1702 858 1747 Carchedone,
893 1701 1000 1751 apud
1030 1700 1197 1751 Appian.
1230 1701 1364 1738 Punic.
1396 1715 1478 1751 piu,
1515 1700 1623 1751 quod

116 1758 219 1796 idem
256 1771 304 1795 ex
336 1758 500 1797 Philisto
530 1760 674 1810 repetit
702 1759 973 1809 Hieronymus
1001 1759 1042 1795 in
1083 1759 1251 1796 Eusebio
1283 1758 1404 1796 latine
1435 1759 1541 1796 sacto
1574 1757 1623 1795 ad

117 1816 233 1854 Num.
264 1817 346 1858 805
376 1819 416 1854 in
451 1817 511 1855 ed.
552 1817 690 1867 Scalig.
727 1831 765 1867 p.
797 1819 846 1857 91
883 1822 922 1853 et
953 1815 1002 1852 ad
1033 1816 1147 1853 Num.
1181 1818 1263 1858 798
1294 1816 1335 1853 in
1367 1829 1426 1867 ep.
1457 1815 1626 1854 Pontani

119 1880 159 1911 et
189 1873 378 1922 vallars,
409 1873 449 1912 h.
481 1888 513 1913 e.
545 1881 637 1911 ante
668 1873 760 1912 Chr.
798 1876 906 1914 1198
939 1872 1009 1924 (ad
1041 1874 1181 1911 Euseb.
1221 1880 1453 1924 computum
1499 1871 1624 1924 1217)

118 1937 158 1968 et
186 1937 278 1968 ante
307 1931 448 1969 Troiae
478 1933 700 1979 excidium,
729 1944 779 1968 ex
810 1931 948 1967 eadem
980 1931 1118 1968 Euseb.
1149 1932 1468 1982 computatione,
1508 1945 1529 1966 a
1560 1933 1626 1970 37.

121 1990 270 2026 Graeca
306 1989 461 2026 Eusebii
487 1996 644 2027 servata
680 1994 775 2026 sunt
807 2003 828 2025 a
857 1989 1040 2039 Syna-ello
1078 2002 1115 2039 p.
1153 1991 1232 2029 172
1265 1990 1326 2025 ed.
1367 1989 1477 2035 Par„
1520 1987 1627 2026 unde

121 2047 290 2095 Scaliger
313 2046 515 2084 transtulit
536 2048 575 2084 in
597 2048 744 2083 Graeca
768 2046 921 2083 Eusebii
947 2059 981 2095 p.
1002 2047 1067 2087 33.
1091 2046 1116 2083 1.
1136 2047 1202 2085 31.
1262 2045 1377 2082 Adde
1401 2044 1628 2082 Chronicon

122 2103 188 2140 lib.
224 2104 250 2151 Ι,
281 2117 316 2154 p.
347 2106 397 2144 18
427 2109 467 2140 et
508 2118 545 2154 p.
586 2106 676 2145 126.
738 2102 854 2140 Tzori
886 2102 1046 2152 quidem
1079 2108 1117 2139 et
1153 2101 1442 2149 Cmchedonis,
1483 2102 1628 2152 quippe

122 2161 307 2208 urbium,
339 2161 498 2197 nomina
521 2160 718 2211 imperite,
761 2173 810 2196 ex
845 2160 1006 2209 antiquo
1037 2165 1170 2196 tamen
1199 2172 1330 2207 inore,
1369 2159 1419 2196 ad
1445 2161 1627 2196 virorum

123 2231 310 2269 personas
329 2217 587 2267 designandas
613 2231 693 2254 esse
709 2217 920 2264 traducta,
953 2217 1000 2253 ab
1022 2217 1105 2253 aliis
1126 2216 1287 2253 Didonis
1316 2229 1458 2253 nomen
1483 2221 1628 2253 temere

123 2276 163 2313 in
187 2274 263 2311 hoc
290 2281 444 2324 tempus
472 2275 634 2323 resen-ri,
666 2274 779 2312 facile
809 2280 994 2325 apparet3
1025 2280 1156 2310 manet
1188 2279 1317 2310 tamen
1342 2274 1462 2321 illud,
1494 2273 1628 2324 paullo

125 2339 216 2369 ante
238 2332 329 2369 belli
358 2332 520 2369 ''l'roiani
550 2338 751 2383 tempora,
785 2332 814 2368 L
840 2331 901 2369 vel
933 2331 1030 2367 adeo
1058 2331 1248 2368 XXXVM
1283 2344 1429 2378 annos,
1457 2329 1629 2369 Cartha-

124 2390 223 2440 ginis
262 2390 386 2440 prima
425 2389 591 2427 exordia
628 2390 666 2426 in
705 2389 831 2427 veteri
878 2387 1045 2425 historia
1095 2389 1305 2426 memorari
1345 2388 1461 2425 solita
1498 2389 1629 2426 fuisse.

125 2448 264 2484 Altera
293 2446 542 2497 Carthaginis
565 2447 749 2484 conditae
776 2445 922 2497 epocha
957 2451 1015 2482 est
1047 2446 1243 2483 CLXXIII
1274 2460 1305 2482 a.
1339 2452 1430 2496 post
1456 2447 1629 2497 priorem

125 2504 255 2551 illam,
296 2505 428 2555 paullo
453 2511 543 2542 ante
578 2505 779 2542 Coloniam
817 2503 1011 2550 ionicam,
1057 2503 1275 2541 secundum
1307 2502 1451 2540 Chron.
1491 2503 1630 2541 Euseb.

126 2561 359 2613 Hieronymi
382 2562 432 2599 ad
454 2563 567 2600 Num.
589 2565 693 2609 971,
726 2568 795 2599 aut
826 2560 888 2613 (ut
918 2561 1050 2597 verius
1078 2561 1184 2610 apud
1215 2561 1440 2611 Syncellum
1472 2561 1629 2611 legitur,

128 2620 195 2668 qui
219 2619 367 2656 Graeca
383 2620 538 2657 Eusebii
558 2620 732 2657 servavit
749 2634 786 2670 p.
812 2621 887 2659 181
915 2618 980 2665 A),
1001 2618 1203 2655 CXXXIII
1227 2618 1339 2655 annis
1359 2623 1450 2668 post
1474 2618 1631 2655 Troiam

129 2682 305 2726 captam,
336 2676 376 2714 h.
398 2691 428 2715 e.
449 2691 482 2718 a,
512 2678 552 2715 C.
575 2678 681 2718 1025
702 2676 792 2729 (sec.
812 2675 952 2713 Euseb.
976 2674 1114 2727 1044).
1175 2675 1259 2712 Hae
1290 2687 1447 2725 quoque
1483 2674 1632 2726 epocha

128 2732 291 2770 Didonis
319 2747 437 2785 opera
476 2735 700 2772 celebratur
720 2764 729 2782 ,
778 2746 878 2783 quae
908 2732 1184 2783 amplificanda
1218 2746 1261 2769 ac
1290 2732 1504 2769 munienda
1534 2732 1633 2769 urbe

130 2789 303 2838 Cartha,
334 2797 374 2828 et
391 2792 514 2842 Byrsa
537 2805 625 2830 arce
657 2790 887 2839 condenda,
925 2790 1095 2827 maxime
1127 2790 1203 2827 suit
1237 2795 1459 2840 conspecta.
1515 2785 1632 2828 'Ene-

130 2848 276 2897 κτίσθη
305 2847 528 2899 Καρχηδών
551 2849 605 2885 ait
625 2848 848 2899 Syncellus:
879 2847 1028 2898 accepit
1063 2847 1181 2884 etiam
1211 2847 1278 2883 illo
1307 2852 1486 2895 tempore
1517 2858 1630 2881 suum

133 2916 298 2952 nomen,
332 2918 421 2942 cuin
441 2912 554 2944 antea
579 2906 698 2956 Origo
718 2911 816 2942 esset
838 2904 963 2952 dictam
995 2904 1024 2941 si
1050 2905 1167 2942 modo
1190 2916 1283 2942 vera
1315 2903 1438 2940 tradit
1465 2901 1631 2953 Syncel-
