1811 3388
475 156 596 202 AD
669 154 1106 203 LIBRUM
1181 160 1220 204 V
1508 169 1604 217 849

98 294 190 319 cum
221 280 348 318 altero
376 280 444 318 illo
475 280 628 318 Siciliae
665 279 781 319 iuxta
820 281 1037 331 Entellam,
1078 295 1150 320 nec
1187 284 1300 336 longe
1343 287 1391 324 ab
1430 289 1604 341 Aegesta,

97 339 298 376 confusus.
358 337 505 389 Atglii
535 337 653 375 simili
684 337 773 375 lusu
802 338 841 376 in
882 340 1052 378 nominis
1095 340 1243 392 origine
1286 344 1446 383 Caietae
1484 361 1604 387 naves

94 395 272 432 incensas
304 394 564 433 tradiderant.
623 394 756 434 Aurel.
791 395 892 435 Vict.
921 397 966 435 Ο.
997 398 1042 435 G.
1073 398 1120 435 R.
1155 401 1227 440 10:
1258 400 1313 437 Aa
1342 416 1430 439 vero
1459 404 1606 444 Caesar

96 460 133 489 et
163 453 418 501 Sempronius
448 454 563 490 aiant
582 481 591 498 ‚
630 453 791 490 Caietae
821 468 1040 504 cognomen
1058 455 1195 506 fiiis-se
1225 455 1391 509 (nutrici
1420 460 1602 516 Aeneae),

94 523 172 546 non
204 523 370 558 nomen,
403 523 451 546 ex
481 524 524 546 eo
556 511 705 547 scilicet
734 511 930 559 inclitum,
974 513 1083 563 qnod
1118 515 1203 550 eius
1245 517 1409 553 consilio
1450 520 1604 569 impul-

93 579 216 617 suque
247 575 393 603 matres
429 569 627 604 Troianae
657 569 788 605 taedio
823 569 937 619 longi
964 572 1127 619 navigii
1167 569 1223 623 (b.
1255 584 1286 610 e.
1323 574 1602 631 navigationis)

93 624 262 660 classem
291 623 439 661 ibidem
478 626 719 661 incenderint
727 639 744 671 ;
792 626 951 663 Graeca
988 628 1137 664 scilieet
1177 630 1474 682 appellatione,
1527 631 1606 676 ἀπὸ

92 682 166 720 τοῦ
195 681 347 728 καίειν,
393 682 503 733 qnod
537 690 594 718 est
623 683 841 719 incendere.
904 684 1082 721 Tandem
1122 685 1234 723 fuere
1277 689 1414 738 multi,
1455 691 1521 741 qui
1561 693 1602 730 in

93 737 246 775 Tiberis
284 739 394 776 ostiis
435 751 556 777 naves
597 739 788 776 Troianas
839 740 967 790 aliqua
1012 743 1139 779 Roma
1177 749 1339 782 auctore
1378 748 1602 788 combustas

92 801 321 844 narrarent,
371 810 471 847 quae
501 796 582 847 ipsa
622 797 711 834 urbi
751 798 900 835 Romae
939 812 1081 836 nomen
1126 799 1308 839 dedisset.
1368 804 1428 841 Ita
1470 807 1600 845 tradi-

93 852 208 890 derat
238 859 378 891 auctor
407 867 543 892 rerum
574 853 814 904 Argivarum
845 856 1065 894 seeundum
1087 858 1360 908 sacerdotum,
1392 875 1492 911 quae
1522 864 1600 902 Ar—

90 910 147 961 gis
178 917 315 959 erant,
347 925 493 961 annos,
525 912 726 949 Damastes
756 913 946 963 Sigeensis
978 914 1140 964 aliique3
1179 921 1236 965 et,
1279 930 1519 969 quamquam
1559 923 1599 960 in

91 968 232 1005 ceteris
264 968 466 1017 diversus,
504 968 735 1006 Aristoteles
766 983 825 1020 ap.
866 970 1026 1021 Dionys·
1072 972 1101 1020 Ι,
1142 975 1207 1013 72.
1267 973 1350 1012 Hos
1390 978 1600 1029 scriptores

91 1031 281 1076 sequutus
313 1032 371 1063 est
401 1026 639 1064 Plutarchus
668 1027 711 1063 in
740 1026 911 1065 Romulo
941 1042 1003 1078 pr.
1038 1035 1077 1066 et
1109 1028 1157 1065 de
1195 1030 1407 1070 Mulierum
1450 1035 1597 1078 Virtut.

90 1097 172 1120 non
204 1084 320 1134 longe
352 1098 373 1120 a
402 1098 487 1135 pn,
530 1090 569 1121 et
609 1084 715 1121 inter
753 1085 910 1123 eosdem
950 1085 1030 1122 suit
1070 1085 1298 1125 Heraclides
1337 1090 1517 1130 Lembus.
1563 1109 1596 1132 v.

90 1141 212 1178 Solin.
253 1155 284 1178 c.
329 1144 363 1182 1.
431 1141 568 1179 Festus
606 1141 648 1178 in
686 1144 863 1179 Romam
900 1156 987 1194 pag.
1026 1142 1122 1191 455,
1164 1144 1233 1182 ubi
1272 1148 1373 1184 conf.
1413 1149 1502 1188 Dae.
1543 1158 1596 1199 et,

91 1211 208 1248 quem
264 1212 373 1235 nunc
425 1198 540 1237 video
603 1198 796 1237 disertum
856 1200 897 1237 in
955 1199 1016 1237 his
1072 1200 1189 1238 fuisse
1211 1232 1220 1250 ,
1279 1204 1455 1255 Rutgers.
1504 1208 1594 1246 Var.

89 1255 196 1294 Lect.
226 1255 253 1303 Ι,
285 1258 351 1296 20.

447 1481 1020 1542 EXCURSUS
1106 1487 1234 1542 VII

242 1583 743 1641 Episoclizcm
827 1587 910 1628 cle,
997 1587 1438 1633 Palinuro.

203 1687 248 1736 V,
281 1689 364 1730 833
394 1701 476 1739 sqq.
535 1689 574 1726 Si
606 1702 792 1739 quaeras,
824 1692 922 1741 quid
950 1698 1069 1743 poeta
1099 1693 1273 1745 episodio
1311 1694 1388 1732 hoc
1430 1696 1479 1733 de
1517 1697 1592 1734 Pa—

86 1744 242 1793 linuro,
283 1745 392 1795 quod
423 1759 445 1782 a
479 1748 535 1783 rei
566 1760 715 1785 summa
756 1749 928 1787 alienum
970 1749 1100 1787 videri
1142 1756 1297 1801 potest,
1340 1755 1592 1804 spectaverit,

87 1816 108 1838 a
141 1801 321 1839 doctrina
351 1809 488 1854 poetae
521 1804 599 1841 tale
630 1805 837 1843 consilium
866 1807 1130 1857 repetendum
1161 1821 1241 1845 esse
1272 1809 1451 1857 videtur,
1483 1812 1592 1861 quod

86 1861 275 1896 Palinuri
316 1861 507 1898 memoria
544 1861 586 1899 in
626 1862 763 1900 Italiae
803 1864 1146 1914 Troianorumque
1184 1866 1235 1902 ad
1283 1878 1368 1904 eam
1415 1881 1591 1906 accessus

87 1916 302 1967 originibus
334 1926 371 1954 et
399 1918 575 1956 historiis
609 1933 688 1956 non
720 1927 806 1957 erat
837 1921 1022 1969 obscura;
1051 1923 1327 1972 promontorio
1359 1924 1498 1972 etiam,
1544 1927 1591 1963 ab

87 1974 169 2011 eius
200 1974 358 2011 nomine
388 1976 594 2025 insignito,
628 1976 678 2013 ad
711 1978 842 2014 sinum
874 1979 1111 2026 Veliensem‚
1143 1979 1326 2028 celebris3
1356 1994 1440 2018 rem
1461 1982 1590 2032 itaque

87 2032 178 2068 satis
208 2032 502 2069 memorabilem
533 2032 713 2070 omittere
744 2034 894 2082 noluit;
924 2048 1087 2085 eamque
1118 2035 1182 2073 lib.
1215 2036 1278 2084 VI,
1311 2040 1394 2078 337
1414 2052 1495 2088 sqq.
1526 2040 1590 2077 in-

86 2088 227 2136 seruit,
259 2103 367 2126 nunc
397 2090 651 2140 praestruxit.
709 2091 788 2128 Sed
826 2092 962 2130 eadem
992 2092 1218 2130 narratione
1248 2106 1356 2130 nunc
1385 2096 1590 2134 commode

85 2151 205 2197 poeta
234 2159 328 2184 usus
369 2152 424 2183 est
467 2147 516 2183 ad
559 2160 692 2184 rerum
725 2148 976 2197 varietatem,
1017 2162 1066 2186 ne
1113 2156 1290 2188 extrema
1330 2152 1589 2203 navigationis

86 2216 178 2254 pars
208 2209 248 2241 et
279 2204 468 2241 traiectus
499 2217 518 2240 e
550 2204 679 2241 Sicilia
710 2205 751 2242 in
781 2206 931 2243 Italiam
973 2206 1081 2243 omni
1120 2220 1211 2244 casu
1249 2215 1420 2246 vacaret.
1481 2211 1589 2248 Tan-

87 2260 179 2297 dem
219 2274 366 2298 novam
403 2262 460 2298 rei
502 2262 740 2299 suavitatem
782 2262 990 2301 Homerica
1030 2263 1250 2301 imitatione
1288 2265 1448 2313 affudit3
1498 2281 1588 2305 nam

85 2317 227 2368 Odyss.
259 2334 293 2372 y,
322 2321 405 2359 278
438 2332 520 2369 sqq.
551 2318 740 2357 Phrontis
770 2319 935 2359 Menelai
963 2321 1206 2373 gubernator
1235 2322 1276 2359 in
1307 2323 1437 2360 medio
1469 2338 1587 2363 cursu

86 2375 243 2413 occidit.

425 2588 993 2648 EXCURSUS
1073 2591 1238 2646 VlIl

199 2692 478 2733 Somnus
551 2692 977 2736 Palinurum
1051 2693 1461 2749 opprimens.

200 2794 246 2842 V,
278 2797 360 2836 838
392 2809 447 2845 sq.
510 2796 609 2834 C'zim
638 2798 737 2834 levis
766 2797 951 2834 aetheriis
978 2798 1163 2847 delapsus
1194 2797 1361 2834 Somnus
1390 2795 1440 2832 ab
1469 2798 1584 2832 astris

86 2851 195 2888 Aera
226 2853 393 2890 dimovit
423 2852 664 2890 tenebrosam
694 2862 730 2891 et
758 2854 927 2905 dispulit
956 2854 1140 2902 umbras,
1189 2856 1243 2890 Te
1284 2854 1474 2890 Palinure
1507 2866 1584 2901 pe-

153 2918 358 2966 VIRGIL.
400 2918 540 2967 ΤΟΜ.
577 2920 639 2967 ΙΙ.
1244 2919 1312 2964 54
