1827 3436
398 223 816 271 AENEIDOS
855 224 993 273 LIB.
1032 226 1072 285 1,
1116 230 1406 280 474—487
1566 239 1661 284 163

153 350 278 399 Diva
304 349 418 397 solo
446 348 579 397 fixos
604 347 790 397 oculos
815 366 991 398 aversa
1017 351 1246 401 tenebat.

154 422 261 466 Ter
290 418 487 466 circum
514 418 700 467 Iliacos
722 426 1018 483 raptaverat
1037 422 1266 469 Hectora
1287 438 1483 481 muros,

149 488 575 554 Exanimumque
610 503 738 536 auro
767 504 960 553 corpus
981 489 1250 539 vendebat
1267 490 1510 543 Achilles.

153 559 293 606 Tum
352 573 480 605 vero
537 558 810 621 ingentem
863 559 1122 622 gemitum
1184 559 1270 608 dat
1326 570 1545 626 pectore
1601 564 1662 611 ab

940 628 1068 688 imo,
1566 637 1664 685 485

153 696 222 744 Ut
260 695 451 760 spolia,
499 704 556 744 ut
594 712 802 759 currus,
850 705 1017 763 utque
1062 699 1235 763 ipsum
1273 715 1465 765 corpus
1498 702 1663 765 amici,

153 764 608 831 Tendentemque
631 782 820 827 manus
842 767 1114 816 Priamum
1140 770 1411 834 conspexit
1435 770 1663 822 inermis,

242 905 312 940 482
335 905 494 938 adversa
521 906 630 939 multi.
712 906 781 942 483
817 916 1046 940 tractaverat
1073 908 1133 941 alii
1160 921 1214 952 ap.
1243 909 1387 942 Corrad.
1466 911 1536 946 486
1573 913 1664 944 Cur-

150 964 229 983 rum
248 952 373 996 fragm.
391 953 518 985 Moret.
542 960 577 985 et
598 953 722 986 Hanib.
744 966 796 998 pr.
824 954 886 986 sed
917 955 1026 998 magis
1057 955 1250 999 poeticum:
1276 968 1418 996 currus,
1449 963 1486 989 ut
1514 969 1569 1002 ap.
1586 959 1664 991 Ho—

148 1010 235 1030 mer.
257 994 420 1042 ἅρματα.
469 1012 601 1032 cursu-s
628 1001 753 1033 Hamb.
775 1001 874 1033 alter.
924 1010 1034 1046 atque
1061 1001 1132 1035 alii.
1169 1002 1270 1035 male.
1364 1003 1433 1037 487
1456 1013 1664 1050 conspectat

148 1046 252 1078 Voss.
302 1047 383 1078 Non
416 1046 505 1079 bene
535 1058 610 1079 cum
638 1048 831 1080 Burmanno
866 1047 970 1080 tollas
1010 1047 1271 1082 distinctionem
1307 1056 1389 1094 post
1415 1051 1582 1092 inermis,
1625 1059 1664 1084 ut

148 1092 331 1125 continues
365 1093 525 1137 prosaica
555 1093 670 1138 aliqua
706 1094 836 1128 forma:
881 1102 921 1127 uc
955 1097 1144 1141 conspexit
1182 1102 1217 1128 et
1247 1108 1283 1128 se
1320 1109 1461 1141 quoque
1498 1099 1663 1143 agnovit.

148 1139 257 1172 Porro
276 1140 448 1172 inermem
464 1140 572 1173 Goth.
595 1147 695 1173 a2ter.
746 1143 916 1184 (inermes
934 1141 1058 1174 Medic.
1088 1143 1184 1185 Wr.)

150 1258 386 1310 donariique
432 1259 519 1296 loco
575 1260 670 1296 deae
715 1260 879 1311 peplum

146 1317 297 1367 egregie
349 1317 596 1354 elaboratum
646 1330 878 1354 consecrare

146 1374 281 1423 iubet,
312 1381 359 1412 ut
378 1374 578 1412 Diomedis
598 1375 793 1427 impetum
811 1375 878 1412 illa

147 1432 394 1484 reprimeret.
427 1434 584 1470 Interea
606 1447 688 1470 non
706 1433 757 1470 ad
774 1439 876 1470 tem—

145 1503 221 1541 pus
243 1504 357 1542 posse
388 1490 530 1528 referri
559 1490 596 1527 in
626 1496 765 1542 aperto
795 1498 876 1538 est,

146 1547 217 1585 sed
244 1548 348 1586 inter
380 1555 512 1586 cetera
543 1548 773 1586 tabularum
806 1562 873 1585 ar-

144 1612 355 1656 gumenta,
398 1619 514 1655 ecce,
563 1607 740 1644 occurrit
783 1604 874 1654 hoc,

146 1663 256 1713 quod
295 1686 351 1692 -—
395 1679 473 1701 non
511 1678 669 1715 aequa,
715 1663 872 1714 iniqua,

147 1721 330 1759 Troianis
370 1721 546 1770 infensa,
589 1722 691 1759 irata
733 1721 872 1758 Pallas.

145 1780 262 1816 vaa
299 1779 382 1815 solo
419 1779 525 1823 lixo-s*
558 1781 692 1817 oculos
729 1793 872 1816 aversa

145 1836 314 1874 tenebat.
350 1836 498 1889 quippe
532 1837 574 1874 in
604 1838 763 1888 pictura
797 1849 871 1873 ex-

143 1907 290 1946 pressa.
331 1900 372 1931 at
404 1895 443 1932 in
475 1896 702 1933 narratione
730 1900 873 1946 poetae

146 1952 264 1990 Hom.
286 1951 310 1989 l.
334 1966 364 1989 c.
395 1966 432 1990 v.
455 1955 533 1994 311
555 1949 635 2000 ζὩς
657 1948 775 2002 ἔφατ’
803 1947 873 1991 εὕ-

144 2009 313 2062 χομένη,
344 2005 510 2050 ἀνένευε
542 2008 585 2050 δὲ
612 2007 777 2057 Παλλάς
807 2005 874 2049 ’A—

145 2064 270 2120 θήνη.
320 2068 398 2105 Sed
418 2068 460 2105 in
488 2068 651 2119 Virgilio
673 2074 718 2106 ut
737 2068 873 2119 pictu-

144 2139 212 2163 rae
244 2126 604 2174 accommodatior,
634 2127 690 2164 ita
710 2126 874 2163 suavior

145 2183 201 2220 rei
232 2183 360 2234 imago
395 2197 476 2221 esse
504 2184 691 2233 videtur,
729 2177 872 2221 aversa

146 2240 219 2278 dea
239 2241 357 2289 facie,
389 2242 515 2279 oeulis
536 2244 578 2278 in
599 2242 870 2289 termmfixz's,

144 2312 264 2349 quam
287 2299 327 2336 in
349 2298 525 2337 Homero
545 2314 710 2337 renuens
732 2307 870 2349 caput.

144 2357 309 2408 Peplum
348 2364 483 2394 autem
524 2356 624 2395 illud
663 2356 868 2394 interdum

143 2414 240 2451 deae
262 2414 372 2465 signo
402 2414 656 2452 iniiciebatur
677 2428 751 2466 pro
771 2414 869 2451 ami-

143 2478 224 2520 ctu,
254 2486 293 2509 v.
327 2486 358 2510 ο.
381 2486 441 2524 ap.
471 2473 645 2511 Statium
671 2471 795 2510 Theb.
815 2473 867 2520 X,

143 2530 209 2571 65.
230 2533 297 2571 66.
322 2530 527 2568 interdum
550 2536 707 2568 tantum
726 2530 775 2567 ad
799 2543 867 2580 ge-

143 2601 223 2624 nua
250 2589 550 2639 apponebatur,
582 2595 628 2626 ut
651 2588 757 2640 apud
782 2588 867 2624 Ho-

142 2658 295 2683 merum
317 2646 341 2683 l.
356 2660 387 2684 c.
401 2653 441 2684 et
458 2647 512 2684 sic
525 2646 691 2684 Athenis
705 2646 747 2683 in
761 2646 867 2684 Pan-

143 2701 345 2740 athenaeis
376 2704 601 2753 Minervae3
639 2705 686 2741 cs.
717 2704 787 2742 inf.
817 2703 867 2740 ad

142 2760 252 2798 Cirin
274 2774 311 2798 v.
334 2764 383 2802 21
407 2775 507 2812 seq,
548 2761 691 2799 Iunoni
722 2762 866 2813 Olym—

140 2818 227 2868 piae
248 2825 288 2855 et
310 2819 366 2855 sic
384 2833 518 2870 porro.
552 2820 600 2857 cf.
626 2820 792 2857 Excuss.
819 2819 867 2856 de

141 2876 316 2913 Palladio
337 2876 407 2914 inf.
430 2877 482 2914 ad
505 2877 552 2925 ΙΙ,
572 2879 668 2919 293.

196 2933 280 2973 483
300 2956 344 2961 —-
363 2933 459 2975 487.
481 2935 637 2973 Novum
654 2946 866 2983 argumen-

939 1267 1024 1297 tum
1046 1260 1085 1297 in
1110 1260 1259 1311 pariete
1288 1274 1540 1312 expressum:
1570 1263 1661 1300 recl-

936 1319 1034 1354 a‘c'tio
1053 1319 1226 1367 corporis
1252 1320 1449 1367 Hectorei,
1479 1332 1528 1356 ex
1548 1319 1658 1358 Iliad.

938 1391 980 1414 ω.
1033 1375 1138 1412 Bene
1161 1375 1224 1414 vel
1246 1375 1297 1413 ad
1324 1376 1420 1413 artis
1447 1378 1659 1415 rationem:

937 1440 1198 1482 raptarerat;
1239 1446 1333 1470 nam
1371 1432 1449 1471 hoc
1480 1441 1660 1472 anteces-

936 1495 1059 1539 serat,
1092 1496 1131 1528 et
1152 1503 1298 1542 corpus
1317 1491 1493 1528 lacerum
1514 1499 1554 1530 et
1573 1492 1657 1529 foe-

933 1548 1072 1585 datum
1098 1548 1311 1586 immanem
1341 1561 1425 1585 eam
1449 1556 1659 1588 contume-

932 1605 1024 1642 liam
1061 1605 1122 1643 vel
1164 1606 1206 1643 in
1240 1605 1312 1643 tali
1343 1619 1461 1657 opere
1496 1620 1658 1658 arguere

931 1669 1104 1714 poterat.
1169 1663 1410 1714 Expressum
1430 1672 1563 1703 autem
1580 1678 1659 1716 pu-

931 1727 1043 1758 tetur
1085 1719 1248 1758 Achillis
1292 1721 1532 1771 tentorium,
1576 1723 1658 1774 ipse

934 1777 1106 1816 Achilles
1136 1778 1277 1819 sedens
1288 1807 1298 1826 ,
1330 1780 1500 1829 supplex
1524 1783 1561 1817 ei
1574 1781 1657 1830 sa-

931 1845 1016 1874 ctus
1038 1838 1233 1873 Priamus
1256 1834 1365 1887 (Vide
1384 1836 1495 1874 Iliad.
1509 1853 1552 1885 co,
1573 1838 1656 1879 478

928 1893 1033 1946 sqq.)
1060 1899 1100 1931 et
1124 1893 1306 1932 divinum
1329 1893 1451 1932 illud:
1482 1898 1656 1947 Μνῆσαι

931 1949 1082 2003 πατρός
1106 1955 1188 1992 σεῖο
1214 1974 1264 1979 -
1284 1951 1442 1989 iamiam
1461 1952 1536 1989 fari
1555 1953 1655 1991 inci-

932 2009 1064 2060 piens,
1094 2009 1135 2046 in
1166 2015 1403 2060 conspectu,
1436 2009 1611 2047 adducta
1634 2024 1655 2047 a

932 2067 1087 2105 Priamo
1112 2066 1337 2104 redimendi
1362 2068 1538 2118 corporis
1560 2081 1651 2118 pre-

931 2125 1011 2173 tia3
1035 2120 1236 2177 οἷπερείσι’
1255 2121 1485 2175 ἅποινα(-
1503 2128 1655 2175 χρυσοῦ

932 2180 975 2222 δὲ
1000 2179 1149 2235 στήσας
1170 2182 1287 2233 ἔφερε
1308 2180 1404 2221 δέκα
1427 2177 1562 2223 πάντα
1583 2180 1652 2221 τά-

930 2243 1064 2279 λαντα.
1094 2239 1202 2277 unde
1226 2253 1264 2277 v.
1286 2239 1370 2281 484-
1390 2253 1488 2276 auro
1513 2254 1653 2289 colpus

932 2297 1125 2335 vendebat
1149 2296 1367 2348 Achilles.)
1389 2295 1551 2334 adstant
1577 2297 1653 2334 alia

929 2368 977 2392 ex
991 2361 1106 2406 parte
1127 2356 1275 2404 spolia,
1309 2353 1349 2392 h.
1368 2366 1401 2393 e.
1423 2367 1544 2402 arma,
1564 2355 1652 2404 qui-

927 2413 1001 2450 bus
1012 2426 1170 2450 caesum
1184 2412 1395 2449 Hectorem
1412 2412 1651 2463 spoliaverat

927 2471 1071 2519 victor,
1092 2485 1239 2517 currus,
1268 2469 1331 2507 cui
1352 2469 1541 2519 illigatum
1562 2482 1650 2506 eum

925 2533 1171 2580 raptaverat,
1185 2534 1224 2565 et
1235 2529 1370 2577 ipsum
1389 2540 1529 2576 corpus
1545 2529 1630 2564 ami
1637 2550 1650 2554 -

925 2588 979 2634 ei,
1014 2600 1065 2623 sc.
1087 2585 1291 2632 Hectoris,
1323 2597 1372 2621 ex
1395 2597 1518 2621 curru
1537 2584 1648 2635 supi—

927 2658 1042 2692 num,
1075 2643 1231 2695 pulveri
1256 2641 1510 2690 incumbens,
1542 2641 1648 2690 quod

927 2702 990 2739 die
1011 2714 1170 2752 quoque
1193 2705 1282 2738 orto
1305 2705 1366 2737 ter
1389 2699 1491 2736 circa
1509 2699 1648 2735 Patro-

927 2760 976 2796 cli
1026 2759 1228 2796 tumulum
1279 2757 1448 2794 ductare.
1498 2755 1647 2792 solebat

927 2816 1110 2854 Achilles.
1132 2830 1169 2853 v.
1191 2814 1301 2853 Iliad.
1323 2830 1365 2862 ω,
1392 2813 1442 2854 14
1467 2826 1548 2862 sqq.
1607 2812 1645 2849 Si

926 2876 981 2912 ita
1011 2877 1304 2925 repraesentata
1335 2871 1485 2920 singula
1511 2870 1644 2918 fingas,

926 2932 1024 2970 nihil
1049 2932 1125 2968 iam
1148 2937 1219 2976 est,
1249 2928 1357 2979 quod
1382 2941 1470 2964 cum
1494 2928 1643 2962 Conra-

1266 2998 1367 3040 ll*
