1811 3388
330 234 744 285 AENEIDOS
781 238 927 290 LIB.
965 242 1051 304 VI,
1086 247 1375 302 648—659

1518 261 1616 310 953

103 358 506 424 Armorumque
530 357 630 408 fuit
651 359 802 426 vivis,
845 381 979 430 quae
1003 382 1125 416 cura
1149 369 1363 422 nitentis

103 427 327 476 Pascere
393 444 595 495 equo5‚
676 431 868 483 eadem
922 437 1163 502 sequitur
1208 440 1400 494 tellure
1459 465 1620 514 repo—

887 514 1010 556 StOS.

1520 523 1620 570 655

104 564 391 630 Conspicit,
425 582 563 630 ecce,
605 567 734 618 alios
769 570 947 622 dextra
968 574 1224 642 laevaque
1253 595 1353 644 per
1381 581 1620 652 herbam,

101 635 405 694 Vescenfis,
444 635 755 705 laetumque
780 641 948 692 choro
976 648 1179 694 Paeana
1204 653 1454 718 canentis,

101 705 250 752 Inter
277 704 567 754 odoratum
598 707 729 758 lauri
755 727 970 764 nemus:
1006 715 1152 764 unde
1178 733 1412 783 superne

101 772 371 823 Plurimus
393 776 608 826 Eridani
633 796 733 845 per
752 781 934 831 silvam
963 784 1194 834 volvitur
1222 790 1404 842 amnis.

99 935 266 970 Priscian.
290 939 364 979 Vn,
392 940 446 980 18,
477 941 546 981 90„
580 952 786 987 quamquam
817 945 940 980 horum
968 948 1170 983 testimonio
1199 951 1287 984 nihil
1316 953 1520 997 conficitur,
1550 956 1619 990 nisi

99 982 148 1015 ita
181 984 249 1016 iam
272 984 334 1017 illo
365 992 524 1031 tempore
542 988 650 1021 fuisse
672 990 809 1025 lectum.
859 994 999 1027 Retinni
1028 1003 1143 1029 tamen
1163 1010 1357 1042 curruum,
1392 1013 1493 1046 quum
1514 1003 1618 1036 facil-

102 1029 185 1062 lime
208 1030 317 1064 altera
341 1045 364 1064 α
386 1033 501 1066 obteri
524 1036 701 1078 potuerit3
733 1039 838 1071 modo
857 1052 901 1072 ne
923 1049 1064 1082 statuam,
1098 1045 1195 1088 quod
1224 1047 1330 1079 statui
1355 1060 1459 1092 posse
1480 1049 1618 1084 videtur

98 1076 279 1110 Prisciano
311 1078 334 1111 l.
364 1079 402 1121 l.‚
436 1079 485 1113 ita
516 1082 607 1115 effici
634 1095 770 1117 versum
797 1086 1079 1131 hypermetrum3
1114 1091 1183 1123 vid.
1205 1093 1248 1125 V.
1268 1093 1308 1127 L.
1340 1095 1384 1126 ad
1404 1097 1467 1129 Ge.
1493 1097 1534 1137 II,
1559 1099 1616 1132 69.

106 1125 161 1157 IV
158 1124 204 1168 r.)

100 1176 197 1212 tert.,
228 1178 374 1207 temere.

101 1225 136 1249 et
166 1219 337 1252 Montalb⁰

469 1176 537 1209 656
566 1179 600 1209 C.
622 1186 710 1210 ante
728 1179 822 1212 alios
844 1181 933 1214 Gud.
954 1194 1018 1226 pro
1046 1184 1116 1216 div.
1137 1184 1219 1218 lect.

434 1222 501 1256 657
532 1224 739 1266 Veseentes,
763 1227 957 1269 epulantes.
1009 1232 1116 1262 Usum
1138 1232 1231 1264 vocis
1250 1244 1317 1265 non
1338 1246 1377 1266 ex
1399 1235 1504 1279 plebe
1527 1249 1614 1278 esse,

279 1124 347 1161 654
368 1139 460 1171 quae
480 1140 614 1162 caussa
641 1131 748 1164 Goth.
772 1145 850 1171 sec„
884 1134 984 1179 lapsu
1006 1143 1041 1168 et
1066 1136 1150 1170 alibi
1179 1138 1296 1173 obvio.
1345 1144 1488 1174 ruentis
1509 1144 1616 1177 Goth.

1263 1200 1333 1232 per
1363 1188 1495 1221 herbas
1526 1191 1616 1224 Gud.

101 1263 237 1297 videbis
260 1265 351 1298 infra
371 1267 464 1308 VIII,
494 1270 571 1303 182.
594 1270 626 1304 3.
654 1271 712 1303 ubi
734 1273 777 1304 de
796 1286 908 1307 sacro.
944 1277 1145 1309 Wakefield
1169 1280 1327 1323 reposuit
1357 1292 1374 1312 e
1405 1283 1494 1315 coni.
1520 1286 1615 1316 Γεν-

100 1313 212 1344 tentis
229 1319 327 1356 puto,
352 1325 418 1358 pro
438 1315 620 1352 saltantes,
670 1318 737 1352 Vix
759 1328 862 1353 erunt
879 1322 988 1364 multi,
1021 1324 1078 1368 qni
1099 1325 1266 1369 probent,
1297 1338 1367 1360 non
1386 1329 1494 1373 magis
1515 1343 1615 1375 quam

98 1441 288 1480 servavit.
348 1443 547 1485 Describit
579 1456 711 1488 autem
746 1451 827 1489 otia

99 1501 313 1537 castrensia
328 1516 410 1541 v.c.
435 1505 544 1543 Iliad.
565 1523 600 1559 y,
626 1510 717 1550 135.
742 1509 826 1546 He-

96 1557 234 1594 roibus
263 1558 483 1600 Homericis
516 1578 654 1615 inagna
685 1567 825 1617 gratia,

98 1614 278 1665 adeoque
333 1631 478 1669 amor,
549 1629 607 1660 est
662 1625 825 1662 militiae

98 1673 260 1712 curulis.
325 1676 397 1714 ·Ad
444 1678 646 1718 meliorem
696 1683 825 1720 nostri

98 1730 186 1768 aevi
223 1731 518 1786 philosophiam
554 1738 674 1789 Elysii
709 1740 829 1777 volu-

96 1794 226 1840 ptates
245 1794 568 1832 accommodatae
581 1797 727 1834 suntin
749 1799 828 1835 Te-

96 1846 277 1886 lemacho
294 1849 360 1887 lib.
383 1851 493 1889 XIX.
529 1856 674 1903 procul
700 1857 827 1893 mira—

96 1912 181 1953 tur,
214 1920 289 1957 pro
313 1910 523 1960 conspicit:
554 1916 716 1963 θηεῖται
737 1913 827 1952 Ho-

95 1975 302 2002 mericum.
363 1981 498 2004 currus
519 1983 684 2018 manes,
730 1985 826 2008 sun-

94 2020 186 2072 plic.
209 2022 397 2072 quoniam
425 2024 588 2063 adstant
607 2029 723 2065 vacui
750 2029 828 2065 do-

94 2078 224 2117 minis.
285 2080 362 2118 Vix
392 2082 495 2119 enim
528 2084 661 2134 potuit
692 2085 827 2123 decla-

98 2149 189 2174 rare
209 2137 414 2176 levitatem
436 2140 671 2179 umbrarum
685 2173 694 2191 ‚
727 2156 827 2193 quae

94 2192 141 2231 iis
158 2193 361 2235 insistunt.
402 2196 556 2249 (Friget
579 2198 677 2237 haec
697 2200 828 2238 inter-

94 2253 290 2303 pretati03
351 2257 491 2292 inanes
535 2256 728 2295 dicuntur
763 2258 827 2295 isti

94 2322 240 2347 currus
269 2311 344 2360 ita,
404 2318 449 2349 ut
483 2314 673 2365 pleraque
718 2316 826 2367 apud

93 2366 267 2416 inferos,
324 2370 491 2420 speciem
527 2385 661 2410 rerum
703 2374 825 2424 magis

92 2438 190 2476 prae
231 2438 270 2462 se
307 2427 500 2476 ferentia,
550 2443 670 2480 quam
710 2444 825 2468 veras

93 2495 156 2519 res
183 2486 545 2535 repraesentantia3
568 2493 613 2524 ut
633 2488 739 2539 ipsae
758 2489 824 2525 in-

92 2540 271 2577 ferorum
305 2542 471 2579 umbrae
502 2558 583 2581 non
609 2552 703 2583 sunt
730 2560 823 2583 cor-

92 2611 217 2649 pora,
264 2599 333 2636 sed
369 2601 563 2650 quaedam
606 2617 821 2654 corporum

94 2654 250 2694 εἴδωλα.
286 2657 403 2710 JVr.)
462 2661 601 2708 gratia
625 2674 732 2698 nunc
764 2668 823 2700 est

94 2711 326 2762 delectatio,
358 2716 560 2767 volupta8‚
593 2724 632 2755 et
653 2721 819 2770 proprio

92 2783 179 2807 voc.
207 2771 398 2810 studium.
464 2775 600 2811 tellure
629 2786 816 2826 repost,

91 2832 137 2864 ut
160 2827 274 2876 alibi,
307 2829 481 2879 conditi,
514 2833 675 2871 mortui.

149 2885 388 2927 656—659.
420 2888 507 2926 Hoc
525 2904 613 2928 cum
638 2891 819 2930 Axiocho

90 2943 116 2980 ].
136 2956 168 2980 c.
203 2945 530 2996 comparandum.
597 2950 816 3000 Vescenas,

886 1453 973 1504 quis
1008 1452 1086 1492 hoc
1112 1460 1227 1507 putet
1259 1456 1351 1494 satis
1391 1457 1505 1509 digne
1534 1459 1613 1498 dici

884 1524 998 1563 posse
1034 1526 1130 1563 pro,
1181 1514 1317 1565 epulas
1350 1516 1613 1556 celebrantes!

886 1567 985 1620 (vid.
1008 1570 1054 1608 V.
1073 1571 1113 1608 L.
1143 1570 1260 1623 I‘Vr.)
1301 1572 1419 1610 iidem
1443 1570 1611 1616 αέίδον-

884 1642 946 1673 τες
972 1627 1184 1679 Παιήονα,
1216 1629 1403 1679 omnino,
1435 1647 1609 1683 carmen,

884 1690 931 1721 ut
954 1684 1063 1723 Iliad.
1085 1702 1120 1738 χ,
1154 1689 1231 1728 391
1260 1686 1427 1738 Achivi,
1460 1697 1496 1728 et
1521 1691 1613 1741 qui-

888 1741 977 1779 dem
995 1743 1036 1780 in
1055 1750 1169 1794 grato
1189 1757 1364 1795 nemore,
1395 1760 1467 1797 per
1491 1748 1612 1798 quod,

887 1806 933 1837 ut
973 1802 1189 1839 amoenitas
1231 1802 1307 1840 loci
1336 1804 1464 1842 maior
1500 1813 1612 1855 esset,

888 1857 1094 1896 descendit
1146 1860 1285 1898 amnis.
1355 1861 1500 1900 Amnes
1539 1865 1612 1902 sub

885 1921 993 1953 terra
1019 1916 1115 1953 serri
1143 1917 1316 1955 vidimus
1332 1919 1410 1957 iam
1430 1921 1497 1959 Ge.
1517 1923 1611 1963 366.

884 1976 980 2013 367.
1021 1974 1248 2011 Eridanum
1263 1982 1393 2013 autem
1415 1978 1523 2028 quod
1535 1993 1612 2030 po-

884 2030 1080 2067 tissimum
1114 2032 1307 2082 appellat,
1339 2036 1518 2086 suspicor
1550 2038 1611 2074 sa-

884 2087 988 2125 bulis
1017 2094 1249 2139 poetarum,
1280 2092 1347 2140 qui
1366 2092 1611 2143 Argonauti-

886 2158 927 2180 ca
950 2147 1207 2196 scripserunt,
1241 2147 1389 2197 deberi,
1421 2164 1440 2186 a
1465 2152 1610 2200 quibus

884 2202 1002 2253 plura
1033 2203 1226 2241 videntur
1246 2205 1423 2244 fabulose
1446 2208 1493 2245 de
1519 2209 1610 2247 Eri-

887 2260 993 2297 dano
1024 2261 1174 2298 tradita
1212 2276 1314 2312 esse,
1356 2266 1458 2302 sorte
1491 2267 1609 2304 etiam

886 2316 974 2365 hoc,
998 2318 1105 2367 quod
1129 2319 1180 2356 ad
1202 2320 1288 2357 loca
1314 2321 1515 2361 illeinsera
1537 2324 1610 2361 de-

883 2376 1024 2413 fertur.
1072 2378 1118 2414 cs.
1142 2377 1324 2428 Apollon.
1349 2380 1412 2429 IV,
1446 2385 1528 2422 627
1552 2396 1608 2432 sq.

882 2433 981 2470 Nam
995 2432 1084 2482 hoc,
1110 2435 1218 2484 quod
1235 2436 1284 2472 ad
1306 2436 1479 2476 inferum
1500 2453 1609 2477 mare

882 2491 1036 2539 tendit,
1069 2498 1157 2539 aut,
1200 2493 1305 2542 quod
1339 2508 1419 2532 non
1444 2497 1557 2546 longe
1587 2511 1608 2534 a

882 2548 1062 2586 sontibus
1093 2550 1173 2587 suis
1208 2552 1437 2591 cuniculum
1471 2556 1608 2593 subter

881 2612 1031 2643 terram
1073 2620 1144 2658 per
1195 2608 1275 2647 duo
1313 2611 1432 2649 millia
1482 2614 1607 2663 subit3

880 2670 1039 2715 poetam
1064 2665 1262 2704 adducere
1281 2668 1350 2705 vix
1371 2671 1525 2720 potuit,
1561 2677 1607 2708 ut

881 2721 932 2758 ad
959 2722 1109 2760 inferos
1147 2736 1236 2761 eum
1266 2726 1468 2777 relegaret.
1529 2728 1606 2765 Sed

879 2785 938 2815 est
988 2780 1019 2817 is
1056 2781 1259 2819 fabulosus
1306 2784 1604 2834 antiquissimo-

879 2850 969 2874 rum
991 2838 1224 2889 mythoruni
1247 2844 1383 2890 amnis,
1418 2855 1532 2890 quem
1555 2842 1604 2879 ad

877 2896 1158 2946 geographicas
1188 2899 1359 2936 rationes
1383 2904 1510 2936 certas
1537 2911 1604 2936 re-

879 2966 1025 2990 vocare
1068 2968 1146 2992 non
1177 2956 1297 3006 magis
1328 2955 1436 3005 licet,
1486 2970 1603 3007 quam
