1827 3436
466 231 586 278 AD
657 224 1095 274 LIBRUM
1168 224 1224 270 11
1502 229 1599 274 381

97 371 299 415 tamquam
320 364 455 412 partes
473 354 683 395 referenda
703 360 820 393 erunt
846 367 946 405 quae
968 352 1207 392 laudantur:
1245 350 1443 405 Φορωνὶς,
1461 347 1606 402 Ἀτθὶς,

95 418 317 468 Ἀτλαντὶς,
347 409 649 462 Δευκαλιῶνια,
685 407 861 464 Τρωϊκά.
905 412 1158 462 (Fragmenta
1191 410 1273 447 eius
1306 424 1413 447 nunc
1442 410 1605 448 collecta

95 485 189 517 sunt
222 491 244 514 a
275 473 506 512 doctissimo
539 472 653 520 viro,
695 470 740 508 F.
772 470 835 510 W.
868 470 1004 517 Slurz,
1061 469 1205 519 quibus
1237 467 1341 505 addo
1375 467 1482 504 aliud
1513 468 1606 505 satis

98 532 352 573 memorabile
384 530 432 568 de
464 529 616 568 Achille
648 542 670 564 a
701 528 948 565 Scamandro
980 540 1168 577 oppresso
1210 525 1252 562 in
1284 524 1415 563 Scliol.
1448 525 1544 562 Ven.
1576 526 1608 561 B

95 593 146 630 ad
176 591 288 629 Iliad.
320 605 364 640 φ,
397 588 512 637 242.)
574 587 618 624 In
651 586 802 623 Troicis
818 585 938 623 rebus
968 584 1066 622 fides
1093 586 1174 621 eius
1195 583 1374 634 inprimis
1405 580 1479 620 suit
1509 597 1607 634 pro—

94 652 206 697 bata,
247 653 291 685 ut
330 646 449 683 etiam
485 644 694 696 Dionysius
723 643 850 681 Halic.
881 643 949 684 lib,
982 642 1009 680 I.
1041 656 1073 679 c,
1106 641 1173 683 46.
1205 643 1271 681 47.
1304 640 1358 681 48
1389 641 1431 677 in
1463 641 1607 678 Troiae

95 707 249 745 excidio
292 704 522 754 Aeneaeque
560 704 652 753 suga
690 700 893 739 narranda
937 713 1026 738 eum
1068 699 1320 751 potissimum
1360 698 1607 749 sequendum

95 765 363 812 existimaret,
420 768 460 798 et
513 774 562 798 ex
602 760 804 797 Clemente
841 759 955 798 Alex.
988 758 1222 794 [stromat.
1254 769 1340 807 pag.
1387 758 1465 797 139
1509 756 1606 793 satis

96 828 265 869 constat,
298 834 386 858 eum
402 819 546 857 Troiae
576 824 715 869 captae
747 816 938 868 epocham
960 815 1068 852 inter
1103 821 1256 852 ceteros
1287 820 1473 851 accurate
1505 814 1607 851 defi-

94 881 221 918 niisse.
281 877 517 915 Laudamur
548 876 687 914 eodem
719 875 806 912 loco
837 875 922 922 alii,
961 873 1029 910 sed
1060 872 1288 910 nominibus
1318 877 1477 909 tantum
1508 872 1606 910 noti.

99 937 299 976 Celebrius
330 948 475 973 nomen
508 941 566 971 est
596 935 788 984 Dionysii
817 933 1003 978 Milesii,
1036 931 1104 980 qui
1136 929 1346 967 Herodoto
1377 930 1512 980 paullo
1532 944 1606 966 an-

93 996 244 1046 tiquior
276 994 379 1031 circa
410 993 567 1044 Olymp.
598 991 705 1029 LXV
736 990 884 1028 vixisse
915 988 1114 1035 traditur,
1146 982 1430 1040 κυκλογρᾶφος
1461 987 1606 1025 Suidae

95 1060 135 1091 et
170 1054 335 1090 'rzetzae
368 1050 519 1098 dietus,
552 1063 633 1087 non
664 1055 869 1099 tamquam
902 1047 1001 1098 cycli
1033 1046 1131 1096 elici
1163 1051 1325 1093 auctor,
1367 1045 1475 1095 quod
1506 1045 1606 1082 male

95 1111 293 1155 traditur,
336 1108 404 1145 sed
435 1114 603 1160 propter
635 1119 778 1157 opera,
824 1118 924 1156 quae
955 1105 1111 1155 cyclum
1143 1102 1366 1154 mythicum
1410 1108 1448 1139 et
1476 1102 1605 1141 bisto—

94 1169 221 1207 ricum
255 1166 500 1214 efficiebant,
530 1177 652 1215 eaque
681 1165 725 1202 in
754 1163 864 1201 hunc
895 1163 1057 1199 modum
1091 1160 1336 1208 ordinanda,
1370 1167 1415 1197 ut
1438 1162 1606 1212 scripse-

95 1227 150 1265 rit
184 1221 373 1271 Μυθικᾶ,
403 1220 702 1276 Ἀργοναυτικὰ,
742 1223 930 1272 Τρωϊκῶν
958 1221 1095 1272 βιβλία
1125 1216 1171 1272 γ’,
1202 1225 1290 1256 tum
1315 1214 1482 1258 Κύκλου
1505 1219 1605 1258 ἵστο-

96 1281 212 1337 ρικόν
248 1282 289 1322 ἐν
320 1283 493 1334 βιβλίοις
524 1277 566 1329 ζ’,
598 1280 864 1329 sequebantur
904 1275 951 1316 τεέ
983 1273 1163 1328 Περσικά
1195 1283 1234 1313 et
1265 1275 1426 1313 tandem
1459 1273 1507 1315 za*
1537 1292 1605 1329 με-

96 1339 143 1381 τιὶ
174 1344 372 1392 Δαρεῖον,·
425 1338 498 1375 nisi
541 1338 620 1375 duo
651 1337 749 1375 haec
783 1349 906 1374 unum
937 1335 1120 1384 idemque
1160 1348 1258 1386 opus
1289 1334 1421 1382 fuere3
1458 1334 1497 1371 in
1527 1348 1606 1384 quo

95 1399 182 1450 ipso
220 1397 411 1434 habemus
455 1395 646 1433 historiae
686 1394 904 1433 catholicae
944 1393 1180 1444 scriptorem
1220 1391 1486 1442 antiquiorem
1517 1392 1605 1440 illis,

97 1456 164 1507 qui
194 1456 313 1506 vulgo
347 1452 609 1506 habentur*).

210 1513 293 1550 Etsi
324 1518 457 1549 autem
489 1524 578 1548 cum
608 1516 836 1561 temporum
879 1508 1051 1546 decursu
1099 1507 1147 1544 ab
1179 1507 1351 1558 antiquis
1381 1506 1457 1544 illis
1487 1506 1606 1543 rebus

97 1570 283 1622 mytllicis
306 1569 356 1607 ad
377 1570 572 1607 seriorum
594 1574 821 1619 temporum
839 1579 901 1604 re<
930 1572 969 1603 et
992 1580 1102 1603 casus
1121 1565 1312 1603 historiae
1330 1564 1605 1616 procederent,

98 1635 229 1666 tamen
252 1634 290 1665 et
309 1627 509 1678 sequiores
530 1626 743 1677 scriptores
758 1625 806 1662 ab
824 1624 1114 1674 antiquioribus
1127 1624 1371 1661 Graecorum
1387 1623 1507 1659 rebus
1528 1622 1605 1659 orsi

96 1686 244 1724 bellum
275 1687 356 1722 sere
386 1685 626 1732 Troianum,
659 1683 847 1734 quoniam
877 1682 925 1718 ab
957 1694 1001 1718 eo
1032 1681 1124 1718 inde
1152 1687 1333 1732 tempore
1359 1681 1541 1717 civitates
1562 1693 1609 1716 ac

97 1757 216 1794 regna
251 1743 438 1785 Graeciae
479 1742 560 1780 sive
592 1741 643 1778 ad
675 1748 826 1778 certam
860 1741 1028 1777 sormam
1059 1740 1220 1777 fuerant
1259 1738 1484 1789 descripta,
1526 1737 1607 1775 sive

97 1803 327 1840 suturarum
359 1814 477 1851 opum
505 1799 633 1850 prima
664 1799 775 1836 initia
807 1803 1013 1848 ceperant,
1045 1797 1084 1834 in
1108 1797 1303 1848 principio
1327 1808 1492 1847 operum
1511 1809 1607 1832 suo-

98 1873 187 1897 rum
220 1858 339 1896 modo
371 1858 532 1895 brevius
564 1857 684 1894 modo
716 1856 913 1907 copiosius
944 1855 1196 1906 repetebant,
1242 1854 1349 1905 quod
1383 1867 1455 1891 nec
1495 1854 1607 1889 Thu-

101 1917 259 1967 qrclides
302 1917 431 1953 facere
472 1915 684 1952 recusavit.
754 1915 803 1951 Et
840 1914 880 1950 in
918 1912 1051 1960 hunc,
1094 1918 1214 1963 puto,
1247 1925 1407 1949 censum
1438 1911 1607 1948 veniunt

100 1974 285 2012 nonnulli
307 1974 555 2025 scriptoreS,=
571 1973 637 2024 qui
659 1972 851 2010 Troianas
878 1984 939 2008 res
969 1970 1241 2021 perscripsisse
1263 1970 1478 2016 dicuntur3
1510 1982 1608 2019 quos

98 2032 140 2069 in
174 2037 407 2068 transcursu
447 2030 567 2068 niodo
600 2044 663 2067 eas
693 2030 833 2068 leviter
874 2028 1042 2079 attigisse
1077 2028 1389 2065 existimandum
1420 2032 1491 2064 est.
1548 2026 1607 2063 Ita

101 2088 208 2140 apud
248 2088 410 2139 Dionys.
450 2088 574 2126 Halic.
603 2089 641 2134 l,
683 2087 737 2128 48
769 2090 1019 2124 Menecrates
1065 2086 1274 2123 Xanlhius
1309 2084 1517 2122 historiam
1560 2084 1609 2121 ab

101 2145 264 2184 Achillis
298 2148 435 2183 sunere
466 2146 691 2196 auspicatus
722 2150 933 2189 narratur,
987 2143 1154 2180 exordio
1196 2155 1354 2192 quoque
1387 2142 1477 2179 libri
1510 2142 1608 2179 sub-

100 2205 225 2250 iecto,
272 2217 350 2252 quo
396 2210 527 2240 tamen
567 2203 797 2240 summatim
839 2208 1016 2250 tantum,
1052 2214 1141 2238 cum
1184 2200 1234 2237 ad
1276 2200 1415 2251 Lyciae
1447 2212 1508 2236 res
1544 2196 1608 2251 (vo)

104 2258 310 2312 Λυκιακὰ)
352 2260 607 2311 exponendas
646 2260 712 2297 ille
750 2265 1009 2310 properaret,
1055 2258 1245 2294 Troianas
1285 2271 1347 2294 res
1379 2257 1609 2308 perstrictas

101 2319 218 2356 fuisse
249 2318 410 2355 credere
440 2319 542 2355 licet.
600 2318 728 2354 Etiam
764 2317 1036 2363 Callisthenes,
1067 2329 1157 2352 cum
1193 2316 1372 2352 Graecae
1408 2316 1610 2351 Historiae

104 2376 197 2414 olim
221 2376 439 2412 celebratae
466 2377 644 2423 fuerunt,
677 2375 724 2411 ab
757 2388 861 2411 anno
894 2373 999 2424 pacis
1029 2372 1263 2410 Antalcidae
1295 2372 1355 2409 Ol.
1390 2372 1564 2419 XCVIII,
1584 2375 1610 2414 2

105 2433 323 2480 deductae,
365 2433 525 2483 quando
569 2433 616 2469 de
649 2432 766 2470 Troia
800 2437 913 2482 capta
945 2431 1065 2481 egisse
1096 2436 1343 2467 memoratur
1385 2427 1441 2481 (v.
1477 2429 1609 2467 Schol.

103 2491 282 2542 Euripid.
309 2491 391 2528 vet..
424 2491 532 2542 apud
563 2491 690 2528 Ursin.
723 2490 774 2526 ad
792 2490 894 2539 Virg.
919 2489 949 2526 [t
980 2488 1076 2526 Aen.
1111 2488 1192 2529 255
1212 2494 1250 2524 et
1271 2488 1538 2538 interpolatus
1562 2487 1610 2523 ab

105 2561 149 2585 eo
171 2549 279 2585 locus
302 2549 411 2586 Iliad.
435 2550 470 2600 β.
490 2555 580 2599 post
601 2562 657 2586 vs.
677 2548 771 2589 855.
793 2552 1035 2584 memoratus
1057 2552 1115 2583 est
1132 2560 1150 2582 a
1175 2546 1305 2584 strab.
1329 2545 1415 2593 ΧΠ,
1438 2560 1474 2596 p.
1496 2543 1608 2596 817.)

104 2606 231 2656 primo
264 2606 402 2643 saltem
427 2608 672 2643 Graecarum
692 2605 963 2643 Historiarum
994 2604 1096 2641 libro
1119 2604 1311 2641 Troianas
1340 2616 1402 2640 res
1433 2616 1611 2640 summa-

105 2663 176 2700 tim
201 2677 380 2700 narrasse
400 2664 581 2714 videtur,
613 2663 701 2713 etsi,
731 2662 810 2700 hoc
839 2662 894 2700 ita
925 2663 1094 2711 sactum,
1126 2668 1169 2700 ut
1191 2667 1419 2713 separatum
1450 2659 1611 2710 aliquod

200 2821 226 2862 ⁸)
251 2822 300 2854 Cf.
326 2823 369 2854 ad
394 2823 478 2855 haec
505 2824 624 2856 Notas
649 2823 698 2856 ad
721 2822 936 2868 Apollodor.
961 2834 997 2866 p.
1028 2821 1095 2855 921
1123 2833 1173 2864 sq.
1201 2821 1271 2855 980
1296 2832 1347 2863 sq.
1383 2821 1611 2852 commentat.

108 2868 137 2897 ll
163 2866 206 2898 de
239 2868 402 2908 lontibus
425 2870 612 2902 historiar.
642 2870 798 2902 Diodori
828 2869 863 2901 in
899 2869 1195 2900 Commentation.
1235 2869 1314 2899 Soc.
1349 2870 1394 2899 R.
1428 2868 1484 2898 Sc.
1513 2867 1611 2897 Gott.

107 2913 150 2944 T.
175 2913 250 2945 Vll.
300 2915 397 2946 Omni
431 2922 546 2947 tamen
586 2917 650 2948 hac
687 2927 794 2959 opera
820 2927 873 2947 me
898 2926 967 2947 non
1002 2913 1069 2946 nisi
1094 2913 1203 2945 lineas
1230 2913 1367 2945 (luxisse
1394 2913 1456 2954 iis,
1493 2912 1551 2956 qui
1577 2911 1612 2942 in

107 2959 194 2992 haec
218 2960 410 2992 accrratius
435 2961 610 3006 inquirere
636 2962 787 3004 vellent,
814 2962 997 2994 obscurum
1024 2972 1099 2993 esse
1125 2971 1195 2992 non
1221 2960 1342 3004 potuit.
