1811 3388
312 210 796 261 EXCURSUS
845 211 867 257 I
915 213 1019 258 AD
1070 212 1222 260 LIB.
1272 214 1345 262 ΙΙΙ
1489 219 1588 266 557

81 342 128 390 V,
166 342 202 383 5.
253 340 384 392 Intpp.
414 338 549 390 steph.
582 339 748 390 Byzant.
782 338 833 376 ad
864 337 905 376 h.
940 352 976 375 v.
1025 338 1164 377 Cellar.
1196 340 1335 390 Geogr.
1371 346 1449 378 ant.
1509 341 1595 379 Etsi

82 413 163 437 non
195 398 367 445 defuere,
399 396 466 446 qui
499 402 537 433 et
566 395 608 433 in
638 395 716 434 hoc
742 396 1033 447 discreparent,
1076 397 1137 434 uti
1168 397 1303 448 Dictys
1334 397 1380 446 V,
1416 401 1478 446 16,
1522 399 1592 436 sed

82 457 131 494 de
168 454 367 493 communi
397 453 496 502 fide,
529 467 648 504 quam
678 460 818 505 poetae
847 453 1002 503 sequuti
1032 459 1142 501 sunt,
1175 468 1282 492 nunc
1313 455 1525 505 quaeritur.

196 511 347 549 Habuit
386 517 519 548 autem
567 510 753 561 Virgilius
792 512 832 548 in
872 509 950 548 hoc
988 511 1278 549 consentientes
1325 512 1533 563 plerosque
1571 525 1592 549 e

83 569 270 607 Romanis
308 567 579 619 scriptoribus
639 568 741 606 Mela
779 569 824 617 ll,
855 571 880 609 2
913 570 1078 606 Eximia
1119 577 1175 606 est
1201 569 1334 606 Aenos
1374 569 1424 607 ab
1454 572 1592 607 Aenea

78 626 256 678 profugo
287 627 460 664 condita.
519 625 618 663 Plin.
650 626 714 675 IV,
749 629 796 667 11
838 626 893 662 Os
922 624 1124 662 Hebri—
1145 627 1340 677 oppidum
1372 628 1506 663 Aenos
1536 627 1590 663 li-

82 684 218 721 berum
259 697 351 720 eum
390 683 587 733 Ροζιτίονί
615 684 795 731 tumulo,
844 684 1034 720 Ciconum
1073 684 1275 734 quondam
1309 686 1418 734 regio
1427 700 1443 731 ;
1488 683 1592 721 adde

83 741 204 778 Solin.
236 754 268 778 e.
306 743 370 787 10,
402 746 441 777 et
470 740 524 777 ibi
555 740 717 778 Salmas.
747 741 974 778 miscentem
1006 753 1069 789 ea,
1106 754 1205 790 quae
1236 741 1411 792 apponit.
1460 742 1591 779 Etiam

82 798 279 836 Ammian.
310 798 439 845 XXII,
472 800 510 846 8,
544 798 612 835 ubi
642 812 680 836 v.
713 798 838 836 Vales.
881 799 929 835 cf.
961 799 1070 835 Serv.
1103 798 1153 834 ad
1184 799 1249 848 ΙΙΙ,
1284 802 1305 840 1
1338 805 1376 836 et
1409 802 1470 840 17.
1510 799 1591 836 Nec

83 862 213 893 tamen
256 861 373 906 poeta
412 854 532 892 huius
575 855 770 906 opinionis
801 861 942 893 auctor
980 861 1037 892 est
1066 856 1293 906 putanduS,
1338 856 1405 893 sed
1449 855 1590 894 habuit

83 919 236 951 veteres
268 918 471 961 auctores,
503 926 601 962 quos
631 919 885 963 sequeretur,
918 912 1034 949 etiam
1066 913 1171 950 inter
1197 914 1395 951 Romanos
1430 913 1479 961 Q.
1510 914 1589 951 Lu-

83 971 250 1017 tatium,
282 983 373 1007 nam
404 970 436 1007 is
467 970 507 1006 in
538 972 732 1007 Hisloriis
762 970 900 1007 similia
932 969 1176 1007 tradiderat:
1206 972 1386 1008 Aeneam
1411 973 1590 1021 primum

90 1028 308 1065 'J'lzraciam
341 1028 585 1077 appulsum,
632 1029 790 1064 Aenum
822 1042 869 1065 ex
906 1042 975 1065 suo
1015 1030 1171 1064 nomine
1208 1029 1453 1075 condidisse,
1499 1029 1589 1065 (lein

83 1087 244 1135 cognita
291 1085 596 1136 Polymnestoris
641 1085 817 1135 perfidia
866 1099 914 1122 ex
955 1086 1145 1136 Polydori
1193 1100 1308 1133 nei-e,
1377 1086 1468 1122 inde
1521 1086 1587 1122 (li-

81 1156 259 1193 gre-§swa
268 1171 275 1177 .

199 1200 279 1236 Cur
325 1205 455 1236 tamen
486 1206 602 1251 poeta
645 1213 724 1237 non
763 1198 917 1237 Aenum
949 1199 1017 1237 sed
1052 1198 1266 1237 Aeneadas
1295 1199 1407 1236 urbis
1443 1212 1587 1236 nomen

85 1256 296 1308 prodidit‘?
328 1257 484 1294 Scilicet
514 1257 716 1294 Aeneadas
746 1263 853 1294 recte
882 1257 1028 1294 dixeris
1059 1257 1220 1302 incolas,
1253 1269 1468 1307 eorumque
1489 1256 1587 1293 adeo

85 1314 241 1351 nomine
272 1314 409 1351 urbem
440 1315 571 1365 potuit
600 1315 804 1365 insignire,
845 1320 889 1352 ut
918 1321 980 1352 tot
1019 1315 1115 1350 aliae
1147 1314 1282 1361 urbes,
1324 1328 1360 1351 v.
1397 1329 1429 1352 c.
1461 1313 1587 1361 Gabii,

84 1371 309 1421 Tarquinii,
360 1372 580 1409 incolarum
629 1373 787 1409 nomine
829 1372 1149 1422 designabantur.
1220 1371 1296 1408 Sed
1336 1371 1377 1408 id
1418 1385 1498 1408 non
1539 1371 1587 1407 ab

84 1431 221 1477 Aeno,
256 1440 399 1466 verum
431 1429 477 1465 ab
508 1431 668 1477 Aenea,
705 1430 872 1479 Αἴνεια,
906 1430 997 1467 duci
1026 1435 1168 1480 potest.
1211 1427 1270 1465 An
1300 1428 1419 1479 igitur
1448 1428 1512 1465 illa
1538 1427 1588 1464 ad

84 1486 264 1523 Hebrum
294 1486 390 1523 urbs
422 1486 540 1524 etiam
570 1487 713 1526 Αἴνεια
748 1487 940 1539 appellata
972 1487 1078 1524 suit?
1128 1486 1256 1536 Atque
1294 1485 1339 1523 fit
1369 1485 1587 1537 probabile,

83 1542 161 1581 hoc
188 1545 243 1580 ita
276 1556 314 1580 se
343 1543 503 1582 habere.

198 1600 354 1638 Scilicet
389 1602 482 1650 alia,
515 1613 637 1650 eaque
668 1601 937 1649 constantior,
968 1601 1074 1638 inter
1105 1600 1275 1637 Graecos
1305 1599 1497 1647 maxime,
1528 1600 1589 1637 sa-

86 1671 147 1695 ma
180 1658 374 1707 obtinuit„
406 1659 456 1696 ad
492 1658 774 1695 Clavus-anesum
805 1659 999 1695 Pallenen.
1035 1657 1206 1694 Aeneam
1249 1657 1466 1708 appulisse,
1511 1657 1589 1694 ibi—

85 1728 161 1765 que
201 1716 360 1752 Aeniam
405 1714 621 1768 (Αἴνειαν)
666 1715 806 1753 urbem
856 1715 1089 1753 condidisse.
1159 1714 1437 1752 inhabitabant
1482 1714 1589 1752 illam

88 1778 172 1810 tum
203 1772 375 1810 Thraces
412 1774 576 1811 Cra-saei
611 1773 673 1809 vel
725 1773 923 1818 Crossaei,
969 1772 1144 1810 fidissimi
1184 1772 1448 1810 Troianorum
1483 1772 1589 1809 socii.

84 1830 192 1867 Haec
222 1830 431 1881 Dionysius
461 1844 510 1866 ex
533 1829 737 1867 Hellanico
769 1830 885 1867 docet
903 1830 969 1867 lib.
1002 1830 1029 1879 I,
1061 1830 1114 1870 47
1146 1835 1183 1866 et
1213 1830 1278 1870 49.
1317 1830 1416 1868 conf.
1441 1829 1589 1867 Herod.

85 1887 167 1935 VH,
202 1890 280 1929 123
313 1894 350 1924 et
379 1888 433 1925 ibi
464 1888 555 1926 Not.
606 1886 812 1940 (Clzzyseos
857 1887 1033 1924 Thraca-s·
1075 1887 1264 1938 scriptum
1306 1887 1441 1924 videas
1482 1886 1592 1938 apud

84 1945 275 1995 Pompon.
308 1945 396 1983 Sab.
429 1945 479 1982 ad
510 1944 605 1982 Aen.
639 1945 686 1982 ΙΙΙ
718 1958 790 1996 pr„
831 1944 898 1981 sed
940 1945 1022 1981 eius
1059 1951 1142 1982 tota
1184 1950 1278 1981 nota
1320 1957 1369 1981 ex
1401 1944 1590 1994 Dionysio

85 2008 141 2039 est
173 2002 380 2053 descripta,
412 2016 462 2040 ex
493 2015 617 2052 eoque
647 2002 916 2050 emendanda,
950 2002 1006 2039 uti
1037 2002 1160 2040 altera
1190 2001 1241 2038 ad
1272 2015 1310 2039 v.
1344 2004 1396 2042 17
1427 2015 1475 2039 ex
1506 2002 1590 2039 He—

86 2059 230 2097 rodoto
263 2059 286 2096 l.
319 2059 368 2111 c.)
429 2060 468 2096 Si
500 2059 651 2097 mireris
682 2060 810 2108 sorte,
852 2073 923 2097 cur
952 2060 1059 2096 inter
1089 2058 1353 2096 Troianorum
1384 2060 1508 2097 socios
1542 2059 1590 2095 ab

86 2116 260 2153 Homero
291 2117 346 2153 illi
379 2117 536 2154 Crusaei
572 2131 653 2153 non
685 2117 891 2153 memorati
922 2117 1023 2164 sint,
1053 2116 1284 2163 tenendum,
1317 2129 1382 2151 eos
1406 2117 1444 2153 in
1466 2117 1591 2153 Paeo-

87 2187 182 2211 num
216 2174 372 2210 nomine
402 2173 522 2210 latere
556 2174 684 2210 videri
715 2173 762 2209 ab
794 2174 895 2210 Axio
926 2174 965 2211 ss.
997 2181 1181 2211 evocatos
1216 2173 1321 2210 Iliad.
1354 2174 1392 2225 β,
1425 2174 1506 2213 848
1534 2187 1589 2222 sq.

87 2231 130 2268 ln
163 2231 318 2267 Pallene
350 2230 502 2267 Aeneae
533 2231 739 2281 appulsum
781 2231 899 2267 etiam
940 2231 1106 2268 collocat
1145 2229 1380 2281 Lycophrou
1416 2234 1590 2271 1236—-

92 2290 211 2328 1238.
273 2287 389 2334 Nam,
423 2302 539 2338 quain
571 2288 634 2324 ille
665 2287 862 2324 habitasse
894 2288 1061 2335 dicitur,
1104 2288 1325 2324 liliaco-clos
1356 2287 1406 2324 ad
1438 2288 1590 2325 Cissum

87 2351 262 2382 montem
295 2345 397 2382 circa
427 2346 592 2383 Aeniam
623 2345 696 2381 sita
732 2358 812 2381 esse
846 2345 997 2382 debuit.
1037 2358 1074 2382 v.
1098 2344 1228 2382 Schol.
1263 2344 1313 2381 ad
1338 2357 1369 2382 e.
1392 2345 1415 2382 l.
1440 2352 1478 2382 et
1498 2345 1589 2382 Not.

88 2402 138 2438 ad
158 2402 293 2453 steph.
314 2402 353 2440 h.
373 2417 411 2440 v.
442 2409 479 2439 et
509 2416 603 2439 mox
627 2404 863 2452 ΔκΙΧΙηοριάηι
883 2417 956 2453 pro
981 2402 1209 2439 Macedonia
1230 2408 1436 2443 memorat.
1477 2402 1591 2439 Hanc

89 2459 250 2497 Aeniam
281 2461 495 2497 Aeneadas
526 2472 683 2509 quoque
715 2460 928 2511 appellatas
961 2457 1212 2510 (Αἰιέιάδας)
1246 2472 1293 2496 cx
1316 2459 1488 2507 Theone,
1521 2473 1591 2497 ve-

90 2523 170 2554 tere
210 2517 481 2568 Lycophronis
521 2517 761 2565 Scholiasta,
819 2518 977 2554 notavit
1019 2516 1155 2568 Steph.
1201 2517 1293 2567 Byz.
1346 2518 1384 2553 in
1436 2517 1590 2557 Αἴνεια.

89 2573 238 2611 Habuit
280 2574 374 2611 haec
412 2574 533 2612 Aenia
574 2575 750 2611 Pallenes
790 2587 998 2612 commune
1037 2574 1115 2611 hoc
1162 2588 1252 2612 cum
1295 2574 1439 2622 altera,
1492 2587 1591 2625 quae

91 2630 217 2668 Aenos
242 2631 361 2679 dicta,
391 2632 498 2682 quod
523 2638 562 2669 et
590 2632 746 2669 Pallene
776 2632 913 2683 priscis
941 2631 1187 2682 temporibus
1219 2645 1239 2667 a
1269 2631 1488 2668 Thracibus
1516 2631 1592 2669 suit

90 2686 278 2724 habitata.
340 2689 468 2726 Facile
511 2689 642 2739 itaque
684 2689 893 2739 utriusque
931 2689 1042 2727 urbis
1083 2690 1191 2738 origo
1232 2689 1281 2726 ad
1316 2688 1485 2726 Aeneam
1516 2704 1591 2726 no-

90 2750 217 2781 strum
246 2746 385 2783 referri
414 2747 567 2798 potuit,
621 2747 693 2783 etsi
725 2747 845 2784 altera
883 2747 951 2783 illa
992 2746 1184 2783 Thraciae
1215 2745 1346 2783 Aenus
1386 2747 1462 2784 iam
1502 2753 1592 2783 ante

90 2799 259 2837 Aeneam
292 2802 448 2852 floruit,
480 2803 672 2853 siqnidem
700 2817 749 2841 ex
781 2817 824 2841 ea
856 2800 1071 2856 (Αἰνόθεν)
1102 2805 1213 2841 Piros
1244 2803 1294 2840 ad
1326 2804 1483 2841 Troiam
1515 2804 1591 2841 iam

90 2863 180 2893 ante
202 2858 309 2895 urbis
337 2873 468 2897 casum
497 2862 667 2897 adfuisse
696 2867 941 2898 memoratur
962 2861 1004 2899 Il.
1032 2864 1068 2907 ὁ,
1089 2863 1192 2908 590,
1222 2866 1259 2897 et
1288 2867 1503 2897 accesserat
1542 2860 1591 2896 ad

89 2927 173 2951 cam
200 2914 384 2953 Hercules
414 2930 433 2952 a
466 2918 584 2955 Troia
613 2918 743 2956 redux
764 2933 784 2955 a
803 2919 941 2969 Poltye
964 2917 1137 2970 hospitio
1169 2924 1377 2968 exceptus:
1411 2917 1590 2968 Apollod.
