1779 3420
110 240 210 287 978
432 233 486 282 P.
522 229 876 281 VIRGILII
922 228 1288 278 M-ARONIS

110 363 222 425 En,
260 359 438 423 huius,
476 367 623 422 nate,
662 357 903 424 auspiciis
931 355 1012 404 illa
1038 355 1233 404 incluta
1253 357 1428 406 Roma

112 491 256 526 Scilicet
295 495 335 522 ut
379 486 611 531 consequutio
654 493 852 530 temporum
893 491 1062 517 servetur.
1130 488 1176 518 At
1213 484 1282 518 vid.
1317 486 1400 517 Var.
1438 484 1536 516 Lect.
1568 482 1630 515 lib.

113 541 140 582 I,
164 539 244 574 706.
271 536 353 580 (vid.
374 536 492 579 potius
511 536 554 568 V.
577 535 617 567 L.
643 534 686 567 ad
705 534 776 566 Ecl.
794 535 853 574 IV,
880 533 935 566 52.
970 534 1143 572 Quorsum
1161 539 1276 565 autem
1296 531 1351 564 his
1370 531 1494 573 viden,
1521 531 1630 569 satin,

113 594 256 625 tanton,
285 591 320 617 et
349 582 539 622 similibus,
570 581 781 626 appingatur
810 580 1070 623 apostrophuS,
1107 591 1311 624 quamquam
1344 579 1380 611 id
1410 578 1485 610 fieri
1510 578 1633 611 volunt

113 632 184 677 ipsi
202 638 339 664 veteres
359 629 602 670 Grammatici,
628 634 666 660 ut
688 627 854 660 Priscian.
878 627 921 657 de
948 626 1159 658 Accentibus
1182 638 1258 668 cap.
1282 627 1322 657 ΙΙ.
1348 637 1382 669 p.
1415 627 1516 660 1287.
1539 624 1631 657 Edit.

113 678 269 720 Putsch.,
294 689 364 710 nou
384 676 501 708 vide0.
551 675 657 716 Quod
677 675 705 706 si
726 674 765 705 fit
787 674 945 706 abiectae
965 672 1095 705 vocalis
1118 685 1136 704 e
1157 684 1257 705 causa
1273 697 1281 713 ,
1323 672 1392 704 duo
1414 671 1543 704 hamuli
1571 684 1631 704 re-

116 727 295 772 quirentur
316 725 351 756 in
374 723 514 763 vide'n',
540 723 670 762 sati'n',
698 721 742 753 ob
765 720 848 753 duas
866 720 987 752 literas
1012 719 1173 760 exn-itas3
1209 726 1243 752 at
1265 731 1333 763 quo
1364 719 1502 751 tandem
1532 719 1631 761 signo

115 773 344 808 indicabimus
364 775 533 802 mutatam
555 768 654 801 simul
676 774 834 800 naturam
855 766 1013 811 syllabae
1033 767 1162 807 -rlem
1198 776 1285 809 quae
1306 777 1346 797 ex
1367 765 1472 808 longa
1492 765 1527 797 in
1548 766 1633 797 bre-

116 833 193 854 vem
214 818 324 852 abiit?
359 816 531 850 Nimirum
563 816 662 857 haec,
690 814 862 847 communi
884 826 1044 847 sermone
1062 814 1145 846 trita
1174 820 1209 845 et
1232 812 1367 856 vulgari
1388 824 1449 845 usu
1469 812 1634 845 decurta-

115 874 165 907 ta,
191 879 232 899 ex
250 864 421 910 particula
438 875 484 896 ne
503 862 613 895 solam
635 875 660 894 n
680 862 918 902 retinuerunt,
955 861 1059 894 etiam
1088 867 1168 893 ante
1200 872 1391 900 consonas,
1426 866 1462 891 ut
1481 860 1530 901 X,
1555 860 1634 893 668.

116 916 175 955 ΙΙΙ,
200 914 293 954 319.,
318 911 378 943 ubi
407 910 477 943 vid.
507 911 550 942 V.
577 911 617 942 L.
688 910 813 953 Neque
844 920 987 952 usquam
1012 906 1224 953 apostrophi
1254 906 1387 951 signum
1413 906 1449 938 in
1474 906 1633 938 Mediceo

118 960 280 995 cernitur.
312 958 406 1000 Wr.)
456 957 630 990 honorem
657 957 796 999 Menag.
825 968 877 999 pr.
926 957 1093 1000 insignat
1127 956 1227 987 Rom.
1322 955 1392 988 782
1416 962 1524 994 nata,
1561 953 1634 985 scil.

116 1009 238 1047 Roma,
264 1019 283 1039 a
314 1003 463 1037 Romulo
490 1003 650 1046 condita,
688 1003 788 1035 malit
821 1004 1054 1042 Burmannus;
1094 1001 1228 1034 scilicet
1261 1007 1299 1033 ut
1317 1000 1453 1044 vulgari
1484 999 1636 1033 orationi

116 1053 265 1101 propior
283 1051 329 1085 sit
350 1050 480 1097 poeta?
506 1050 582 1083 Etsi
601 1062 720 1082 verum
743 1056 809 1090 est,
832 1062 903 1082 nou
924 1049 1027 1082 aliter
1048 1049 1152 1081 verba
1171 1048 1280 1092 accipi
1300 1059 1417 1092 posse.
1443 1048 1524 1080 Non
1547 1047 1638 1080 enim

118 1101 267 1135 Romuli
287 1099 461 1144 auspiciis
483 1099 594 1130 Roma
616 1098 788 1142 aequavit
807 1098 996 1143 imperium
1023 1098 1135 1129 terris
1160 1116 1203 1119 —v
1229 1095 1291 1127 sed
1320 1097 1431 1127 Roma
1451 1106 1538 1138 quae
1563 1099 1638 1126 erat

117 1147 280 1192 auspiciis
300 1146 372 1178 eius
394 1144 547 1178 condita.
596 1145 688 1188 Ergo
716 1145 827 1177 liuius
852 1145 1026 1189 auspiciis
1056 1155 1126 1176 non
1158 1143 1287 1175 dictum
1316 1148 1389 1183 est,
1426 1148 1481 1180 ut,
1521 1141 1549 1173 si
1570 1140 1638 1173 ali-

119 1197 213 1229 cuius
235 1192 397 1238 auspiciis
418 1192 549 1224 bellum
582 1192 657 1237 geri
687 1191 834 1232 dicitur,
867 1192 929 1223 sed
949 1192 1115 1237 auspicia
1144 1190 1179 1222 h.
1208 1189 1231 1222 l.
1251 1196 1331 1222 sunt
1357 1188 1501 1221 exordia
1531 1188 1638 1226 urbis,

117 1242 237 1276 initia:
274 1253 340 1285 per
357 1240 445 1272 haec
469 1239 581 1284 prima
606 1238 704 1271 initia
729 1239 826 1271 urbis
856 1244 891 1270 et
921 1239 1147 1270 fundamenta
1172 1249 1191 1270 a
1218 1235 1365 1268 Romulo
1396 1236 1496 1268 iacta.
1555 1235 1639 1277 (Sed

118 1289 244 1324 vellem
273 1287 462 1334 probasset
491 1286 556 1320 Vir
582 1289 739 1319 Summus
762 1285 853 1319 hanc
880 1297 955 1319 voe.
991 1286 1158 1331 auspicia
1183 1283 1495 1327 significationem,
1538 1294 1639 1326 quam

117 1395 340 1448 ingenium:
379 1393 489 1445 quod
510 1393 588 1432 iam
610 1407 720 1432 nunc
743 1392 850 1431 mili-

120 1455 220 1493 taris
243 1454 320 1493 viri
346 1452 510 1491 habitus
543 1451 666 1505 (galea
699 1451 850 1503 duplici

120 1513 252 1561 crista,
285 1512 462 1563 δίφαλον
483 1511 549 1548 vel
579 1511 752 1562 δίλοφον
786 1509 849 1547 di-

121 1568 245 1623 ceres)
298 1569 487 1607 declarat.
563 1577 692 1617 stant,
744 1574 853 1617 sunt,

120 1634 167 1667 ut
201 1627 292 1666 alibi
320 1639 491 1678 quoque.
551 1629 647 1669 781.
678 1628 780 1674 Quis
803 1640 855 1664 ex

123 1686 245 1725 variis
270 1686 422 1724 ordinis
444 1684 664 1724 verborum
693 1699 739 1723 ac
761 1698 854 1723 sen-

123 1758 188 1783 sus
205 1743 376 1781 faciendi
395 1742 525 1780 modis
547 1756 669 1781 verus
687 1744 750 1792 sit,
781 1743 854 1781 vix

125 1801 303 1839 definias.
363 1800 528 1839 Servius
560 1802 732 1851 accepit:
764 1815 854 1838 eum

124 1873 335 1910 superum,
367 1858 511 1906 deum,
542 1864 588 1895 ut
614 1858 722 1896 Mars
736 1867 857 1909 pater

125 1917 178 1955 sit
219 1916 393 1954 Romuli.
463 1915 590 1954 Possit
629 1916 749 1953 etiam
782 1930 854 1953 suo

125 1988 314 2026 superum
352 1974 523 2022 honore,
563 1973 605 2012 h.
634 1986 666 2012 e.
702 1973 854 2022 divino,

126 2045 218 2070 eum
259 2032 413 2083 signare
445 2037 560 2083 pater
591 2031 710 2071 Mars.
779 2031 859 2069 Sed

125 2089 374 2143 probabilius
403 2096 486 2138 est,
518 2090 627 2141 quod
660 2096 698 2128 et
730 2089 859 2128 Cerda

127 2148 323 2199 sequitur,
355 2149 409 2186 Ea
421 2155 546 2199 pater
562 2163 767 2199 superum,
789 2149 860 2186 Iu—

127 2207 256 2259 piter,
288 2208 373 2258 ipse
395 2220 486 2244 eum
516 2209 604 2244 iam
625 2208 764 2257 signat
784 2207 859 2244 ἢο-

128 2278 220 2302 nore
255 2279 355 2311 su0‚·
404 2277 515 2302 nunc
550 2270 687 2303 tamen
714 2265 863 2303 iterum

130 2322 360 2373 ambiguum
386 2327 467 2370 est,
510 2322 612 2361 sitne
638 2323 766 2360 honor
794 2323 862 2360 Io-

131 2380 193 2418 vis
218 2394 268 2417 an
290 2379 485 2417 Romuli?
528 2381 630 2418 sitne
649 2381 863 2419 immorta—

131 2437 242 2486 litas,
277 2452 327 2476 an
355 2437 433 2476 viri
461 2437 628 2488 dignitas
663 2445 703 2476 et
731 2439 863 2477 virtus

134 2496 342 2547 corporis‘?
383 2495 730 2547 Simplicissimum
747 2496 864 2535 vide—

135 2559 204 2590 tur
224 2553 278 2590 sic
296 2553 495 2604 accipere:
516 2554 694 2603 videsne,
712 2561 760 2593 ut
774 2554 864 2592 ani-

136 2624 242 2648 mam
262 2611 478 2660 aliquando
494 2611 535 2650 in
555 2626 700 2663 corpus
720 2612 864 2663 prodi—

135 2673 272 2706 turam
304 2664 455 2720 I'upiter
485 2670 565 2707 iam
595 2670 692 2708 hinc
726 2670 863 2708 divina

139 2726 319 2777 corporis
365 2727 571 2765 maiestate
611 2728 866 2780 conspicuam

138 2784 305 2822 reddit?
337 2784 486 2822 scilicet
507 2790 565 2833 ut,
591 2785 631 2822 in
652 2786 867 2823 immorta-

139 2843 237 2880 lium
272 2855 486 2882 numerum
527 2855 612 2879 eam
650 2842 867 2892 aliquando

141 2906 347 2951 receptum
370 2900 431 2949 iri,
462 2900 539 2938 iam
561 2914 671 2938 nunc
697 2900 866 2937 manife-

142 2964 248 2995 stum
272 2958 334 2996 sit.
380 2957 536 3011 (Inepta
559 2964 618 2997 est
638 2958 765 2997 Servii
795 2970 868 2996 cx—

907 1393 1069 1445 plicatio
1085 1423 1094 1439 ,
1136 1406 1254 1443 quam
1279 1390 1480 1429 immerito
1500 1396 1641 1428 tuetur

907 1450 1158 1489 Muenscher.
1185 1450 1404 1489 Observata
1424 1451 1465 1486 in
1485 1448 1637 1498 Virgil.

909 1511 1013 1548 Aen.
1052 1524 1089 1561 p.
1123 1512 1190 1551 23.
1261 1509 1365 1546 Num
1406 1507 1528 1556 igitur
1564 1508 1641 1543 iam

911 1575 999 1606 tum
1033 1568 1183 1605 sciebat
1222 1566 1352 1614 Mars,
1400 1565 1529 1603 filium
1570 1563 1642 1601 sibi

931 1627 1130 1664 'iomulum
1172 1626 1359 1663 futurum
1407 1623 1519 1661 esse'?
1590 1622 1644 1659 At

914 1685 1089 1736 Iupiter,
1139 1683 1207 1734 qui
1248 1683 1365 1721 novit
1394 1681 1548 1728 omnia,
1599 1685 1642 1717 uf

915 1743 1014 1780 adeo
1044 1748 1157 1794 pater
1175 1742 1271 1779 artis
1301 1739 1547 1778 vaticinandi
1568 1737 1643 1774 lia-

913 1801 1099 1845 beretur,
1141 1806 1250 1837 recte
1276 1799 1318 1836 id
1352 1803 1508 1850 poterat
1532 1798 1642 1834 sciro.

914 1861 1266 1909 Supervacaneum
1290 1863 1349 1893 est
1369 1863 1516 1903 autem,
1545 1867 1644 1904 quae

914 1917 1036 1954 suerit
1056 1915 1162 1954 Iovis
1188 1914 1321 1966 superi
1342 1919 1518 1965 potestas
1538 1912 1641 1964 apud

917 1975 1079 2023 inferos,
1106 1985 1319 2023 quaerere,
1361 1971 1644 2022 explicandum

918 2031 998 2070 hoc
1029 2044 1079 2069 ex
1115 2031 1205 2068 Fati
1227 2030 1398 2082 quadam
1424 2043 1514 2067 cum
1534 2042 1646 2066 sum-

918 2104 984 2128 mo
1024 2088 1196 2127 Numine
1225 2088 1520 2127 coniunctione.
1568 2088 1646 2124 Suo

921 2154 1053 2186 autem
1083 2148 1251 2196 honore,
1284 2147 1310 2185 i.
1343 2159 1374 2185 e.
1396 2145 1464 2197 qui
1493 2145 1527 2182 ei
1560 2144 1621 2182 de

919 2206 1155 2244 stinatus
1187 2211 1268 2254 est3
1297 2205 1377 2242 iam
1407 2199 1576 2241 nuncin
1602 2215 1647 2240 eo

921 2270 1017 2302 sunt
1037 2264 1146 2315 signa
1165 2263 1325 2301 suturae
1344 2260 1648 2313 magnitudinis,

922 2322 1031 2374 quod
1057 2322 1167 2360 nulla
1188 2335 1305 2359 causa
1325 2327 1384 2358 est
1403 2333 1526 2371 quare
1543 2318 1649 2356 acci—

921 2382 1006 2432 pias
1027 2380 1076 2418 de
1096 2393 1141 2418 eo
1160 2382 1409 2430 Superorum
1424 2378 1558 2415 coetui
1575 2376 1650 2414 ad-

921 2438 1147 2476 scribendo.
1202 2436 1325 2490 lsVr.)
1400 2435 1463 2473 An
1501 2435 1650 2487 duplex

923 2497 1044 2535 crista
1064 2497 1105 2534 in
1118 2496 1226 2547 galea
1239 2495 1375 2533 Martis
1397 2494 1561 2543 aliquod
1579 2506 1650 2544 pe—

923 2556 1071 2593 culiare
1099 2554 1250 2605 insigne
1281 2554 1352 2602 sit,
1393 2552 1548 2600 dubito,
1579 2563 1651 2588 nec

924 2627 974 2651 ex
997 2613 1082 2652 Val.
1103 2612 1209 2650 Max.
1229 2612 1259 2661 Ι,
1277 2614 1316 2660 8,
1338 2614 1364 2652 6
1387 2610 1523 2648 doceri
1539 2622 1651 2660 posse

924 2677 1038 2722 puto.
1098 2670 1256 2707 ornant
1283 2683 1361 2707 una
1393 2667 1531 2715 binae,
1574 2666 1652 2703 tri-

925 2741 1013 2777 nae,
1045 2733 1265 2779 quaternae
1296 2726 1451 2763 cristae.
1492 2723 1547 2762 At
1567 2724 1652 2775 ipsa

925 2786 1033 2836 galea
1055 2791 1293 2836 perpetuum
1308 2814 1317 2832 ,
1350 2789 1547 2834 quantum
1566 2795 1652 2819 me-

926 2843 1047 2890 mini,
1100 2842 1243 2880 ‘iomuli
1269 2841 1432 2892 insigne.

985 2903 1068 2942 782
1082 2902 1246 2943 ——788.
1278 2900 1425 2938 Versus
1444 2898 1655 2938 ornatissi—

927 2958 992 2996 mi.
1023 2957 1178 2996 Primus
1200 2960 1284 3001 782
1306 2971 1355 2996 ex
1376 2958 1505 2996 Ennio
1520 2963 1656 2995 trans-
