1827 3436
102 1034 106 1037 ·
162 1034 244 1067 que
271 1020 389 1054 enim

398 206 819 263 AENEIDOS
858 204 1001 252 LIB.
1034 204 1073 264 Ι,
1111 207 1408 251 701—704
1573 207 1666 252 199

159 337 552 406 Quinquaginta
577 334 717 383 intus
742 329 992 391 famulae,
1018 327 1210 394 quibus
1235 325 1423 374 ordine
1459 326 1670 389 longam

159 416 295 463 Cura
322 423 528 474 penum
559 413 792 463 struere,
833 409 885 450 et
914 397 1145 447 flammis
1178 395 1394 445 adolere
1426 398 1669 455 Penatcs;

226 509 342 554 703.
380 515 574 549 LoNGO.
718 503 748 548 7
753 500 834 547 04.
873 497 1128 543 PENATES.

253 644 322 680 703
347 643 498 688 longam
529 652 665 686 penum
696 652 715 670 a
746 635 898 679 virgilio
927 634 1078 674 dictum,
1111 630 1260 664 Carisius
1289 628 1350 661 lib.
1380 629 1392 659 I
1421 626 1533 658 Instit.
1555 632 1674 657 auctor

160 700 222 727 est.
277 689 413 734 Duplex
444 687 619 731 scriptura
649 686 716 718 ium
757 683 863 716 Gellii
886 688 1004 715 aetate
1029 679 1228 713 circumlata
1248 683 1310 708 est.
1344 687 1375 707 v.
1397 675 1440 707 N.
1462 677 1500 705 A.
1521 674 1623 713 JV,c.
1645 674 1673 705 1.

159 740 307 784 longam
323 749 459 783 penum
481 733 654 779 expressit
673 732 775 764 etiam
793 729 977 763 Ausonius.
1026 729 1198 760 Donatum
1223 730 1259 756 et
1278 721 1434 756 servium
1452 721 1580 752 frustra
1597 719 1674 750 lau-

159 786 220 820 dat
241 787 304 818 Ge.
333 783 470 817 Fabric.
520 779 679 813 Retiuuit
708 788 821 812 tumen
854 776 973 810 Heius.
1001 775 1130 809 ordine
1161 773 1272 817 longo
1305 767 1507 814 praeclare,
1532 773 1676 810 propter

160 833 264 866 codd.
291 842 516 867 consensum,
564 836 598 860 et
636 826 743 860 Nonii
779 824 937 858 Marcelli
966 819 1226 866 Eugraphiique
1267 815 1520 850 auctoritatem.
1579 812 1677 845 Adde

161 879 267 913 etiam
287 877 464 923 poeticam
494 876 683 914 rationem,
718 873 812 918 quod
843 872 972 905 ordine
993 870 1105 914 longo
1139 865 1276 911 gravius
1305 876 1344 896 ac
1371 861 1509 905 dignius
1536 859 1676 892 dietum.

162 927 295 972 (Verba
325 925 430 959 Gellii
458 924 546 956 haec
577 928 674 955 sunt:
712 917 926 961 „Meministi
956 916 1067 957 euim,
1099 914 1225 955 credo,
1260 910 1380 955 quaeri
1407 908 1569 950 solitum,
1596 905 1678 950 quid

160 973 332 1018 Virgilius
352 971 493 1011 dixerit,
517 982 652 1016 penum
672 970 857 1001 instruere
877 965 930 998 vel
951 965 1099 1009 longam
1116 960 1171 993 vel
1194 959 1306 1004 longo
1329 956 1468 990 ordine.
1502 956 1532 986 U
1546 960 1678 986 trum-

415 1019 637 1063 prot'ecto
677 1015 768 1048 seis
804 1012 904 1056 legi
930 1010 1171 1044 solitum.“
1221 1006 1289 1046 Qui
1310 1004 1408 1037 locus
1439 1013 1503 1034 nos
1520 999 1679 1033 dubitare

161 1081 232 1102 nou
254 1067 356 1106 sinit,
386 1065 468 1110 quin
489 1063 595 1096 Gellii
615 1069 731 1096 aetate
750 1062 786 1093 iu
807 1059 923 1092 multis
943 1057 1047 1090 codd.
1068 1053 1210 1099 Virgilii
1231 1052 1341 1085 altera
1369 1050 1432 1082 illa
1457 1047 1564 1081 lectio
1595 1047 1679 1079 lon-

162 1129 247 1163 gam
266 1121 409 1160 reperta
430 1112 485 1145 sit.
535 1113 631 1151 Quae
657 1122 712 1142 res
743 1108 888 1141 multum
913 1105 1031 1138 valere
1052 1104 1096 1136 ad
1124 1099 1381 1144 infringendam
1402 1096 1506 1129 etiam
1525 1093 1679 1137 optimo-

164 1175 239 1196 rum
264 1163 350 1195 Mss.
380 1160 484 1193 fidem
507 1157 620 1191 videri
647 1155 778 1202 possit3
814 1167 892 1187 nam
916 1164 1018 1196 quum
1044 1151 1080 1183 in
1099 1149 1194 1182 nullo
1214 1148 1281 1179 iam
1306 1144 1428 1178 codice
1447 1144 1593 1187 longam
1618 1151 1680 1172 ex-

165 1216 256 1251 stet,
284 1221 351 1242 non
378 1206 554 1239 immerito
579 1204 654 1249 quis
683 1203 899 1247 suspicetur,
924 1199 1023 1232 unius
1043 1204 1174 1230 tantum
1200 1192 1353 1227 familiae
1378 1199 1561 1235 superesse
1579 1187 1680 1220 codi-

165 1270 234 1292 ces.
283 1256 352 1290 Sed
372 1255 494 1288 eadem
521 1265 642 1292 causa,
671 1263 760 1295 quae
778 1247 1039 1292 antiquissimos
1058 1244 1168 1276 libros
1182 1269 1189 1282 ‚
1222 1239 1326 1273 facile
1348 1238 1449 1271 etiam
1468 1234 1681 1269 recentiores

166 1314 391 1348 eorrumpere
419 1301 475 1333 hic
504 1298 631 1343 potuit.

165 1380 201 1432 iii
225 1400 394 1443 longam3
429 1401 553 1428 contra
581 1391 738 1437 proclive
769 1390 855 1430 fuit,

170 1366 260 1385 σαιη.
311 1352 435 1393 Neque
457 1347 547 1380 euim
579 1346 648 1378 ulla
678 1351 797 1388 potest
816 1354 918 1375 causa
938 1339 1106 1383 cogitari,

681 1297 749 1330 Vix
780 1295 871 1328 enim
900 1295 985 1326 licet
1014 1291 1192 1330 dubitare,
1218 1287 1300 1332 quin
1332 1284 1515 1329 genuinum
1534 1280 1578 1313 sit
1597 1281 1681 1313 lon—

1145 1347 1251 1380 quare
1270 1333 1345 1378 quis
1371 1333 1481 1375 longo
1498 1326 1683 1360 mutaverit

889 1389 1039 1433 longam
1067 1398 1102 1417 1n
1129 1384 1239 1428 lengo
1266 1384 1489 1415 convertere3
1522 1374 1683 1419 primum,

168 1446 263 1491 quod
282 1445 331 1477 ita
353 1443 470 1475 solent
486 1440 623 1473 librarii
649 1437 822 1472 adiectiva
843 1435 887 1468 ad
913 1445 1020 1477 genus
1047 1432 1102 1465 vel
1130 1440 1309 1463 numerum
1337 1423 1488 1469 proximi
1517 1422 1683 1454 substan-

168 1493 230 1526 tivi
252 1489 535 1528 accommodare3
565 1487 635 1520 vid.
656 1489 697 1526 Q.
719 1486 762 1517 V.
784 1484 892 1523 VIIII,
920 1476 969 1521 lq
1004 1487 1076 1513 tum
1094 1477 1237 1511 eosdem
1255 1473 1378 1507 fallere
1398 1470 1515 1515 potuit
1531 1467 1683 1500 familia-

168 1542 217 1573 ris
235 1539 295 1572 illa
314 1536 466 1580 Virgilio
490 1535 625 1567 locutio
648 1533 776 1566 ordine
796 1531 925 1575 long03
960 1528 1022 1560 cfr.
1052 1539 1102 1558 vs.
1123 1525 1203 1559 395.
1237 1523 1279 1561 II,
1303 1521 1383 1554 766.
1412 1518 1472 1554 VI,
1500 1516 1580 1550 482.
1604 1515 1683 1548 754.

168 1589 263 1626 VIII,
283 1587 363 1621 722.
390 1585 452 1621 XI,
480 1582 570 1622 144„
597 1580 721 1625 quibus
742 1578 826 1621 ipsis
847 1576 935 1608 locis
960 1574 1122 1606 Heinsius
1154 1570 1197 1604 ad
1225 1568 1401 1611 vulgatam
1431 1561 1685 1596 defendendam

169 1633 346 1670 abutitur3
381 1629 543 1663 similium
582 1636 694 1661 autem
726 1624 915 1657 dictionum
942 1618 1142 1654 recordatio

1172 1615 1321 1649 fecunda
1348 1611 1512 1645 vitiorum
1544 1619 1685 1653 parens3

170 1682 240 1714 vid.
260 1682 304 1713 V.
327 1679 366 1710 L.
391 1678 435 1710 ad
460 1678 522 1709 Ge.
548 1676 607 1716 IV,
633 1674 664 1708 4.
716 1673 817 1704 Nunc
848 1670 970 1709 video,
1005 1669 1152 1713 longam
1178 1663 1249 1707 legi
1271 1662 1374 1694 etiam
1393 1657 1428 1690 in
1448 1657 1568 1696 Palat„
1594 1653 1687 1698 quod

171 1740 241 1761 non
267 1733 337 1760 erut
357 1723 652 1769 praetereundum
672 1718 824 1763 Heynio.

876 1719 943 1749 Iam
966 1715 1113 1753 ordine,
1149 1711 1199 1743 uti
1223 1708 1360 1743 Servius
1383 1702 1574 1749 praecipit,
1611 1712 1687 1733 cum

171 1776 279 1808 verbo
302 1782 446 1806 struere
470 1769 702 1814 iungendum,
729 1767 749 1798 ἰ.
774 1777 802 1797 0.
825 1772 919 1798 certa
937 1762 1083 1806 quadam
1104 1758 1259 1796 ratione,
1286 1754 1335 1787 uti
1356 1753 1464 1785 debet
1486 1748 1573 1789 fieri,
1598 1748 1688 1780 bene

173 1831 207 1856 et
224 1829 336 1859 recte-5
372 1827 468 1851 reete
489 1824 523 1849 et
544 1817 673 1851 ordine
697 1813 847 1856 iungitur
871 1810 963 1855 apud
984 1809 1053 1841 Cic.
1071 1809 1173 1839 Verr.
1195 1806 1237 1843 V,
1264 1803 1320 1837 84.
1344 1800 1418 1832 LiV.
1438 1797 1611 1835 XXXIII,
1634 1795 1687 1828 12.

173 1877 209 1903 et
237 1869 342 1907 alias3
379 1865 448 1898 ivid.
478 1864 584 1897 etium
610 1861 711 1895 Parei
740 1862 824 1892 Lex.
849 1858 959 1893 Pluut.
983 1855 1060 1888 sub.
1088 1866 1164 1886 voc.
1190 1850 1337 1884 Ordine.

172 1928 312 1963 penus
341 1920 415 1947 est:
454 1924 515 1956 per
532 1912 673 1954 longam
696 1908 821 1940 seriem
846 1903 1031 1949 disposita.

1386 1847 1444 1877 Lo
1458 1856 1539 1888 ngu
1574 1848 1689 1875 autem

1065 1901 1160 1941 Wr.)
1209 1900 1394 1931 instruere
1429 1901 1533 1936 porro
1562 1888 1689 1932 legitur

173 1963 266 2007 apud
286 1961 378 1994 Gell.
400 1960 424 1992 l.
446 1972 474 1992 e.
501 1958 615 2003 (huius
633 1956 773 2000 quidem
793 1956 978 1986 instruere
996 1960 1116 1994 parum
1137 1953 1213 1979 tuta
1232 1944 1337 1981 fide—53
1372 1952 1448 1972 nam
1468 1937 1534 1970 nisi
1556 1946 1690 1968 memo-

173 2011 225 2044 ria
242 2009 372 2043 fefellit
394 2006 562 2047 Gellium,
589 2001 809 2050 praepositio
829 2012 868 2032 ex
890 2009 1095 2044 praegressa
1113 2008 1146 2027 m
1165 1992 1259 2025 nasci
1276 1987 1404 2034 potuit.
1434 1985 1528 2028 Wr.)

175 2131 232 2168 ita
252 2135 438 2168 veterum
462 2139 547 2163 mos
572 2123 738 2162 ferebat.
770 2133 808 2158 v.
830 2118 906 2156 Od.

177 2190 212 2237 δ,
237 2190 292 2230 52
314 2201 370 2237 sq.
400 2202 440 2237 η,
474 2182 570 2235 172)
610 2194 713 2232 aqua
742 2178 908 2216 affertur

178 2247 228 2284 ad
259 2258 401 2284 manus
434 2240 650 2287 lavandas5
684 2237 909 2275 afferuntur

178 2305 229 2343 ad
250 2317 313 2341 eas
333 2300 545 2352 tergendas
568 2297 668 2347 (nou
687 2295 738 2333 ad.
756 2306 910 2332 mensas

176 2361 420 2414 integeudaS‚
452 2365 499 2397 ut
521 2355 684 2408 quidam
705 2364 907 2392 commen-

178 2427 344 2469 tautur3
374 2418 453 2456 hoe
494 2416 599 2454 enim
640 2420 688 2451 ut
721 2425 769 2449 ne
810 2422 910 2461 opus

179 2485 299 2527 esset,
332 2489 487 2514 mensas
517 2487 607 2512 cum
626 2471 721 2523 ipsis
750 2467 911 2507 ferculis

178 2537 267 2576 tolli
291 2549 377 2574 mos
405 2532 508 2585 erat)
537 2527 806 2584 χειρόμακτρα
827 2527 912 2564 lae-

180 2596 246 2634 via
275 2609 319 2632 ac
346 2593 478 2631 mollia
511 2589 568 2644 (v.
598 2588 648 2626 ad
678 2588 818 2636 Georg.
846 2583 912 2632 IV,

181 2652 281 2706 377)
315 2651 510 2701 simulque
536 2646 749 2686 instruitur
780 2656 914 2681 mensa

181 2725 282 2763 pane
303 2724 322 2748 e
343 2708 526 2747 canistris
545 2706 759 2757 depromto
780 2707 819 2739 et
841 2713 914 2751 ap-

182 2769 322 2821 posito.
391 2765 511 2818 Apud
544 2765 767 2802 Homerum
803 2758 916 2811 panis

185 2825 346 2880 (quippe
361 2830 518 2863 crustae
534 2822 598 2861 vel
620 2821 828 2873 placentae
838 2831 916 2855 no-

184 2892 289 2922 sti-ae
308 2880 494 2934 similior)
516 2883 557 2918 in
579 2877 764 2918 canistris
788 2889 916 2928 appo-

185 2943 316 2991 nitur,
347 2949 393 2980 ut
425 2940 569 2992 Odyss.
602 2954 638 2985 α,
676 2934 753 2977 147
785 2939 823 2971 et
853 2933 916 2980 al„

967 2115 1077 2168 quod
1116 2109 1290 2164 pressius
1334 2105 1516 2156 sequitur
1555 2106 1691 2139 noster

967 2176 1064 2214 Aen.
1084 2170 1186 2218 VIII,
1215 2169 1308 2214 180,
1336 2166 1428 2205 181.

1026 2233 1124 2274 703.
1141 2225 1238 2270 704.
1269 2224 1312 2261 In
1325 2219 1514 2259 interiore
1534 2215 1692 2254 aedium

971 2296 1086 2344 parte
1115 2290 1230 2324 erant
1264 2282 1449 2327 feminae,
1481 2287 1583 2326 quae
1618 2285 1692 2325 pa-

971 2362 1062 2387 nem
1095 2346 1135 2383 in
1165 2339 1348 2381 canistris
1385 2338 1607 2380 struerent,
1649 2335 1694 2367 ut

968 2404 1295 2445 circumferretur
1317 2402 1357 2434 et
1383 2392 1694 2433 distribueretur

971 2461 1173 2503 convivis:
1211 2455 1320 2509 quod
1357 2466 1397 2493 v.
1430 2454 1526 2493 701.
1563 2447 1693 2486 fiebat.

970 2524 1069 2562 Nam
1096 2519 1174 2557 hoc
1205 2521 1286 2563 est,
1316 2512 1362 2550 iis
1392 2522 1529 2548 curam
1560 2505 1694 2550 fuisse,

971 2591 1113 2619 struere
1133 2587 1293 2627 penum.
1352 2569 1396 2606 In
1425 2565 1606 2605 fraudem
1635 2574 1695 2599 ine

972 2638 1190 2677 induxerat
1236 2627 1427 2668 Favorini
1481 2619 1695 2674 disputatio

974 2695 1084 2749 apud.
1112 2691 1283 2731 Gellium
1313 2686 1378 2734 IV,
1407 2688 1443 2731 1,
1475 2688 1522 2720 ut
1546 2677 1694 2718 redde-

973 2769 1077 2795 rem:
1107 2753 1305 2790 instruere
1326 2750 1364 2781 et
1382 2742 1578 2779 adornare
1595 2735 1696 2773 edu-

974 2814 1026 2852 lia
1056 2825 1101 2849 ac
1129 2808 1247 2846 cibos.
1316 2801 1530 2840 Enimvero
1562 2806 1695 2832 versa-

975 2884 1067 2909 mur
1087 2868 1155 2906 hic
1173 2866 1214 2903 iu
1238 2868 1352 2916 poeta
1374 2858 1484 2910 epico
1507 2860 1545 2891 et
1568 2855 1608 2890 iu
1635 2849 1695 2887 vi-

975 2936 1015 2967 ta
1045 2925 1219 2966 heroica.
1259 2921 1378 2969 longo
1407 2915 1561 2958 ordine,
1595 2919 1696 2957 quo—
