1779 3420
194 212 297 259 650

535 209 588 256 P.
627 205 978 256 VIRGILII
1009 202 1377 252 MARONIS

193 337 282 383 Me
310 332 471 398 patris
488 329 745 380 Anchisae
762 370 774 391 ,
813 329 1020 394 quoties
1041 327 1391 377 humentibus
1409 329 1615 380 umbris

194 406 308 453 Nox
333 402 505 467 operit
528 410 711 461 terras,
751 399 958 464 quoties
982 405 1114 445 astra
1136 397 1287 461 ignea
1312 409 1549 463 surgunt,

193 472 468 522 Admonet
491 470 542 518 in
565 469 764 517 somnis
791 476 842 516 et
863 466 1072 515 turbida
1094 475 1260 516 terret
1277 469 1483 532 imag03

191 546 280 592 Me
304 557 438 606 puer
456 538 727 600 Ascanius,
767 536 1054 602 capitisque
1076 537 1263 586 iniuria
1286 539 1403 602 cari,

195 614 371 672 Quem
393 624 556 673 regno
580 607 866 672 Hesperiae
885 604 1078 655 fraudo
1105 615 1157 655 et
1175 605 1419 657 fatalibus
1442 609 1703 671 arvis‚355

191 684 345 730 Nunc
369 679 527 727 etiam
552 678 811 741 interpres
837 675 1015 724 divom
1032 717 1044 737 ,
1081 679 1209 726 Iove
1228 679 1417 726 missus
1439 678 1502 726 ab
1526 678 1658 744 ipso,

191 753 408 808 (Testor
424 756 714 811 utrumque
736 752 913 811 caput)
939 745 1123 795 celeris
1143 747 1393 796 mandata
1426 764 1526 812 per
1553 765 1702 798 auras

190 817 401 868 Detulit.

472 818 592 881 Ipse
617 815 779 864 deum
800 814 1084 865 manifesto
1109 817 1162 864 in
1180 817 1383 866 lumine
1407 817 1514 865 vidi

188 891 480 937 Intrantem
504 901 711 943 rnurosq
750 901 1050 951 vocemque
1075 886 1154 934 his
1177 881 1387 936 auribus
1411 886 1574 938 hausi.

187 957 383 1006 Desine
405 971 603 1020 meque
624 955 724 1003 tuis
749 955 1041 1005 incendere
1067 965 1231 1023 teque
1258 956 1514 1023 querelis3

1598 963 1700 1009 360

187 1025 388 1074 Italiam
411 1040 522 1073 non
545 1033 737 1089 sponte
760 1041 971 1091 sequor.

256 1094 397 1143 Talia
420 1093 688 1143 dicentem
709 1094 1025 1144 iamdudum
1048 1112 1225 1145 aversa
1243 1104 1436 1160 tuetur,

254 1179 368 1229 353.
406 1190 592 1227 IMAGO.

275 1281 344 1316 353
373 1281 547 1314 insomnis
565 1294 632 1314 una
652 1293 738 1315 voce
760 1284 880 1315 Franc.
915 1291 949 1316 et
984 1285 1070 1327 Reg.
1097 1295 1129 1316 v.
1159 1283 1203 1315 ad
1230 1284 1270 1324 11,
1297 1283 1376 1317 220.
1426 1282 1544 1314 noctis
1576 1281 1697 1325 imago

182 1328 316 1371 Hugen.
330 1354 338 1369 ‚
371 1327 471 1370 lapsu
500 1328 644 1361 librarii.

180 1375 248 1408 355
275 1384 310 1406 et
329 1374 430 1406 deest
448 1375 581 1408 Zulieh.
595 1402 604 1418 ,
631 1387 700 1408 non
719 1377 821 1409 male.

740 1330 810 1364 354
847 1332 1047 1376 capitisque
1074 1331 1213 1362 iniuria
1246 1331 1344 1362 sacri
1367 1330 1457 1362 Ven.
1488 1334 1523 1360 et
1553 1328 1696 1361 Vratisl.

871 1379 990 1422 (Immo
1012 1389 1117 1420 aegre
1146 1376 1406 1409 desideraretur
1436 1384 1481 1407 et.
1531 1375 1635 1415 Quod
1666 1375 1696 1407 si

181 1421 340 1463 abesset,
375 1421 588 1464 significaret
625 1426 778 1464 Aeneas,
821 1435 858 1456 se
896 1424 1025 1456 addere
1060 1423 1193 1468 aliquid
1225 1424 1353 1456 Didoni
1382 1422 1497 1454 adhue
1526 1421 1695 1465 ignotum.

180 1468 248 1501 Sed
269 1481 318 1500 vs.
339 1469 408 1503 345
428 1481 478 1513 sq.
497 1469 566 1501 iam
587 1469 736 1508 dixerat,
754 1471 888 1503 Italiam
905 1471 971 1503 sibi
987 1484 1005 1503 a
1020 1472 1102 1503 fatis
1123 1471 1305 1503 ostentari.
1330 1469 1425 1511 lVr.)

180 1516 288 1547 etium
308 1516 444 1558 Hugen.
492 1529 625 1548 rursu-s·
644 1516 688 1548 ab
715 1517 821 1551 Goth.
843 1524 923 1550 tert.
939 1544 946 1558 ‚
981 1517 1159 1561 imperitia
1184 1517 1331 1550 librarii.

179 1561 282 1594 codd.
315 1574 369 1605 ap.
397 1562 515 1594 Heins.
548 1570 583 1595 et
613 1564 846 1603 Burmannus,
876 1577 977 1608 quem
1006 1565 1097 1597 vide.

178 1609 245 1642 353
272 1610 309 1641 in
335 1608 434 1641 deest
450 1611 555 1643 Witt.
577 1610 687 1644 Wall.
710 1612 779 1644 Erf.
829 1612 951 1644 limine
972 1618 1054 1652 tres,
1080 1618 1117 1643 ut
1137 1612 1183 1644 al.

1522 1469 1591 1503 356
1613 1471 1697 1501 Huc

1382 1516 1427 1549 ab
1454 1516 1530 1549 alto
1561 1515 1696 1560 aliquot

1193 1566 1261 1600 357
1296 1565 1475 1609 utrimque
1503 1562 1611 1595 Goth.
1638 1575 1694 1606 pr.

1280 1612 1348 1645 360
1374 1614 1468 1643 Dum.
1488 1611 1567 1642 sine
1586 1609 1693 1642 Goth.

178 1661 260 1687 tert.
308 1668 431 1699 meque
454 1665 561 1700 teque
582 1657 650 1689 vid.
670 1659 784 1690 Burin.
813 1658 856 1691 ad
887 1659 1016 1691 Lucan.
1049 1660 1113 1698 IX,
1142 1658 1223 1693 985.
1271 1659 1453 1690 incessere
1486 1669 1538 1700 pr.
1568 1656 1692 1688 Hamb.

178 1713 242 1745 pro
263 1713 335 1734 var.
353 1702 432 1734 lect.
483 1704 666 1747 (incedere
686 1705 813 1737 Medic.
845 1706 939 1747 ll‘r.)
989 1706 1162 1750 querellis
1186 1704 1398 1737 vetustiores
1426 1703 1508 1735 libri
1535 1703 1626 1735 Picr.
1657 1709 1693 1735 et

180 1748 298 1780 lleins.

392 1750 458 1783 361
487 1762 599 1794 quero
620 1751 765 1783 Dorvill.
787 1751 928 1784 indocte
947 1764 987 1784 ex
1005 1752 1336 1796 interpretamento:
1364 1752 1407 1783 cs.
1433 1761 1511 1782 mox
1539 1750 1583 1781 ad
1611 1750 1690 1784 581.

179 1795 246 1829 352
271 1795 368 1828 multi
387 1796 554 1837 adversa,
579 1798 750 1842 pessime3
777 1799 842 1831 etsi
862 1800 1055 1831 Burmanno
1077 1810 1147 1831 non
1170 1798 1365 1842 displiceat.
1395 1809 1502 1829 versa
1515 1796 1660 1829 Dorvill.

178 1879 274 1920 351.
317 1878 558 1930 Comparant
593 1880 705 1919 Iliad.
738 1890 786 1931 ψ,
820 1881 900 1923 105

178 1948 235 1985 sq.
277 1945 447 1985 morgunt
471 1966 480 1984 ,
516 1937 729 1976 oriuntur:
770 1939 851 1977 vid.
884 1939 901 1976 l

177 1994 315 2043 Georg.
336 1993 430 2034 440.
491 1995 586 2036 353.
614 1995 772 2033 turbida
791 1999 900 2033 ima-—

172 2065 252 2100 go,
286 2051 447 2088 turbata
462 2081 471 2099 ‚
500 2052 648 2102 tristis,
671 2061 718 2091 ut
738 2054 784 2102 V,
804 2055 900 2101 695,

175 2108 228 2144 ita
249 2109 381 2146 verius
400 2111 511 2147 Serv.
544 2108 612 2159 (ad
643 2112 741 2148 iram
775 2112 899 2149 refert

178 2166 395 2214 W'underl„
418 2173 463 2204 ut
481 2168 660 2205 [urbiclus
681 2171 756 2206 ira.
788 2169 900 2222 lVr.)

175 2223 237 2260 Ad
261 2225 341 2264 354
360 2225 464 2261 cons.
489 2238 574 2276 sup.
598 2226 681 2267 234
701 2241 759 2277 sq.

231 2281 313 2321 356
333 2295 415 2331 sqq.
446 2281 653 2321 Adornata
679 2285 823 2332 verba,
855 2291 902 2322 ut

175 2337 281 2374 Iliad.
304 2354 348 2385 w,
375 2342 470 2379 223.
532 2349 738 2392 utrumque
759 2351 898 2391 caput,

175 2408 305 2431 meum
327 2408 371 2431 ac
391 2401 516 2434 iuuin.
580 2398 665 2436 lloc
695 2399 735 2436 in
767 2400 900 2437 verbis

175 2451 223 2487 ad
246 2451 437 2488 Didonem
468 2453 614 2492 habitis
647 2457 769 2507 inagis
799 2471 898 2495 con-

175 2514 429 2556 sentaneum,
459 2525 598 2560 quani,
630 2514 659 2550 si
682 2514 836 2552 Aeneae
859 2522 899 2553 et

174 2564 331 2602 Ascanii
357 2566 563 2617 intelligas,
624 2570 812 2609 'Eoi-mula
832 2573 897 2610 iu-

175 2623 287 2659 randi
308 2623 389 2672 ipsa
412 2625 505 2660 „satis
528 2632 588 2662 est
608 2634 724 2675 nota,
758 2643 827 2666 net:
850 2630 898 2667 de

174 2692 216 2715 ea
242 2680 459 2728 quaeritur.
520 2682 615 2719 Mox
637 2713 646 2731 ‚
683 2688 895 2735 mundes-lo

173 2739 214 2773 ιἰι
233 2738 405 2782 lautino,
443 2743 486 2773 ut
508 2739 636 2777 solent
665 2741 716 2778 dii
743 2751 893 2780 morta-

172 2794 274 2830 libus
294 2807 515 2842 occurrere,
546 2795 713 2848 ἐναργῆ,
743 2799 892 2838 Home-

172 2851 254 2889 rica
292 2863 387 2888 voce
409 2866 416 2887 ε
467 2858 511 2888 ut
564 2853 670 2891 iliad.
722 2871 762 2903 v,
802 2862 891 2898 130,

172 2908 314 2959 Odyss.
349 2923 392 2956 π,
418 2911 508 2950 161..
530 2922 567 2947 V.
591 2910 684 2948 Exc.
715 2913 807 2950 Xlll
843 2916 891 2953 ad

960 1880 989 1929 Ι,
1020 1879 1115 1921 402.

962 1955 1006 1988 ω,
1031 1941 1127 1979 223.

1017 1999 1114 2037 360.
1155 1994 1266 2034 Iliad.
1311 2010 1345 2042 ι,
1385 1995 1468 2035 608
1510 1989 1590 2044 Μή
1621 2010 1690 2045 μοι

961 2051 1097 2106 σύγχει
1139 2050 1276 2105 θυμόν
1328 2048 1573 2103 ὀδυρόμενος
1620 2051 1689 2091 καὶ

961 2107 1118 2163 οἶχεύων
1134 2108 1314 2166 Ἀτρείδῃ
1338 2107 1446 2161 ἥρωϊ
1467 2107 1603 2159 φέρων
1621 2106 1687 2160 χά-

961 2185 1039 2222 ριν.
1099 2169 1301 2206 incendere
1326 2198 1335 2215 ‚
1381 2180 1500 2216 quam
1537 2180 1687 2217 oppor-

959 2233 1059 2264 tune
1088 2227 1282 2278 positum!
1315 2236 1588 2272 commovere⁷
1620 2224 1686 2262 lu-

961 2292 1049 2332 ctu,
1092 2285 1229 2323 dolore
1265 2289 1302 2320 et
1343 2283 1402 2320 ira
1439 2295 1685 2332 exasperare.

961 2342 1089 2379 Cerda
1129 2342 1270 2380 laudat
1307 2340 1471 2378 Catulli:
1515 2341 1686 2377 Nostros

961 2409 1002 2437 ul
1039 2401 1192 2446 luctus,
1239 2407 1472 2449 nostraeque
1499 2398 1685 2434 incendia

957 2460 1099 2495 mentis
1125 2455 1257 2509 (LXl,
1288 2454 1401 2507 226).
1462 2455 1588 2491 Etiam
1622 2468 1683 2505 ap.

958 2516 1087 2553 Valer.
1118 2515 1175 2552 Pl.
1210 2514 1292 2562 VH,
1323 2513 1419 2553 243.
1450 2512 1498 2548 de
1528 2511 1682 2549 Medea:

956 2575 1169 2623 l’wsselior
1193 2573 1316 2609 (lurae
1346 2570 1586 2607 iamdudum
1617 2572 1682 2606 ιἠ-

955 2632 1100 2668 cendia
1131 2631 1284 2668 meulcssv.
1320 2653 1370 2657 —-
1415 2627 1586 2664 ltaliam
1617 2642 1681 2663 se—

955 2703 1075 2738 quor,
1110 2687 1148 2725 h.
1169 2701 1200 2724 e.
1225 2692 1337 2737 peto,
1363 2685 1409 2721 cs.
1432 2686 1542 2732 381„
1573 2690 1612 2721 et
1635 2685 1682 2735 V,

953 2748 1076 2786 0251:
1140 2745 1310 2782 ltaliam.
1358 2744 1562 2793 sequimur
1595 2742 1679 2792 fu—

947 2805 1137 2851 gc'eulem.

1010 2857 1262 2902 362—364.
1284 2856 1444 2907 Egregia
1468 2855 1588 2894 animi
1608 2862 1678 2893 tu—

951 2917 1047 2954 midi
1107 2915 1430 2969 repraesentatio.
1514 2929 1674 2964 aversa,

1176 1879 1389 1934 ἒςέδρακον
1421 1876 1548 1930 ἄντην
1579 1878 1689 1917 Iliad.
