1811 3388
384 181 788 231 AENEmos
832 183 968 232 [ΑΒ.
1015 185 1074 244 V,
1112 190 1402 262 3105-326
1547 197 1644 242 769

136 308 436 371 Insequitur
458 306 646 367 Salius3
685 307 851 371 spatio
872 315 993 372 post
1015 306 1211 358 deinde
1234 309 1421 358 relicto

138 376 345 423 Tertius
367 375 635 438 Euryalus,

134 443 530 511 Euryalumque
563 443 818 508 Helymus
862 445 1128 510 sequitur3
1171 463 1279 513 quo
1313 447 1511 497 deinde
1545 450 1642 499 sub

919 531 1033 580 ipso

132 583 274 639 Ecce,
297 582 459 647 volat,
498 582 803 649 calcemque
824 584 947 632 terit
974 585 1077 632 iam
1101 584 1241 633 calce
1264 586 1469 650 DioreS,

130 651 454 700 Incumbens
476 651 730 712 humero3
754 653 916 717 spatia
937 654 1040 702 etsi
1057 653 1207 719 plura
1225 657 1504 720 supersint,
1540 662 1643 710 325

134 723 387 769 Transeat
411 721 614 770 elabsus
634 722 803 788 prior,
842 723 1216 786 ambiguumve
1239 725 1516 792 relinquat.

223 837 288 871 321
317 849 369 883 Sp.
391 846 444 870 est
464 838 594 871 deinde
613 838 720 872 Goth.
740 844 821 871 tert.
869 840 955 872 inde
984 839 1051 872 duo
1082 841 1194 873 Burin.
1288 843 1358 877 322
1392 843 1498 876 Deest
1525 844 1641 876 hemi-

130 882 290 915 stichium
311 884 418 916 Goth.
438 891 518 917 tert.
612 886 681 921 323
705 886 910 929 Euryalum
931 888 1096 930 sequitur
1123 888 1301 930 Ilegymus
1323 891 1390 922 Ers.
1404 916 1412 930 ‚
1447 902 1516 923 non
1538 891 1639 924 male.

130 929 212 971 (vid.
243 932 284 970 Q.
322 932 365 962 V.
398 931 556 971 XXXV,
589 932 621 965 4.
672 933 768 973 ll'r.)
817 945 919 976 quem
949 932 1108 965 Parrhus.
1159 935 1256 978 quod
1284 936 1410 969 Medic.
1460 939 1524 982 qui
1560 946 1638 972 tert.

128 976 296 1008 Rottend.
318 988 336 1008 a
359 989 401 1008 m.
423 989 490 1009 sec.
539 978 608 1010 Sed
632 985 704 1010 est:
739 977 804 1011 sab
832 991 902 1022 quo
930 980 1009 1024 ipso
1036 980 1138 1012 volat
1168 981 1201 1013 h.
1229 992 1258 1013 e.
1289 981 1321 1013 ei
1348 984 1528 1024 subvolat,
1563 996 1640 1017 eum

128 1022 241 1063 subit,
267 1022 432 1056 succedit.
481 1025 574 1069 (ipso
595 1025 638 1056 de
657 1036 720 1065 eo,
746 1025 803 1069 qui
824 1025 1001 1069 proximus
1023 1033 1075 1057 est
1094 1026 1193 1066 loco3
1221 1027 1288 1060 vid.
1311 1030 1351 1069 Q.
1372 1031 1414 1062 V.
1441 1031 1572 1071 XVIII,
1604 1034 1638 1073 2,

127 1080 155 1100 r.
187 1069 280 1110 ll'r.)
374 1070 444 1104 324
466 1072 551 1115 Ipse
570 1072 671 1103 volat
696 1084 750 1115 ap.
771 1072 973 1104 Diomedem
998 1073 1185 1106 Grammat.
1221 1075 1328 1118 (quod
1350 1075 1527 1109 induxisse
1546 1080 1638 1111 &Vu—

127 1114 325 1147 kefieldium
346 1116 389 1148 ad
408 1117 549 1149 Lucret.
570 1119 610 1156 ΙΙ,
635 1119 712 1153 790.
731 1117 889 1158 videtur,
925 1126 961 1150 ut
985 1119 1168 1162 Virgilium
1196 1121 1377 1164 scripsisse
1406 1123 1637 1157 existimaret:

128 1174 198 1206 quo
218 1162 252 1194 d.
272 1161 337 1193 sab
360 1162 435 1206 ipse
455 1166 494 1195 li.
516 1176 549 1195 ι’.
579 1164 673 1207 Wr.)
769 1166 837 1198 325
862 1166 1022 1197 muneris
1042 1178 1121 1209 pars
1150 1167 1271 1207 codd„
1301 1169 1363 1200 sed
1391 1177 1424 1201 et
1453 1171 1637 1213 singularis

126 1208 238 1240 minus
260 1208 429 1253 vulgai·i5‚
456 1216 490 1241 et
514 1210 616 1242 alteri
634 1217 765 1243 tuntum
796 1211 939 1243 humero
966 1211 1175 1246 imminebat.
1211 1213 1293 1257 (vid.
1324 1216 1366 1255 Q.
1398 1217 1441 1248 V.
1468 1218 1577 1258 VIIII,
1602 1219 1636 1252 2.

127 1266 156 1286 c.
186 1255 281 1297 Wr.)
375 1256 444 1290 326
469 1256 745 1302 ambiguumque
764 1257 881 1290 Heius.
902 1269 1071 1290 consensu
1090 1259 1259 1292 librorum
1289 1261 1442 1306 recepit,
1475 1264 1568 1308 quod
1601 1271 1637 1296 et

125 1313 204 1344 pars
225 1301 461 1334 Pierianorum
484 1302 657 1343 habebat3
684 1304 774 1336 ratio
796 1311 910 1336 tamen
930 1316 970 1338 ac
995 1317 1051 1337 res
1077 1306 1220 1349 respuit.
1269 1308 1356 1340 Nam
1372 1334 1380 1349 ,
1415 1308 1445 1341 si
1472 1310 1636 1343 transiis—

126 1354 178 1379 set
206 1347 356 1388 socium,
393 1360 448 1380 res
478 1360 547 1381 non
575 1350 735 1393 ambigua
760 1351 827 1383 iam
853 1351 995 1391 fuisset,
1033 1357 1109 1384 uter
1134 1353 1232 1396 prior
1268 1361 1371 1387 esset.
1421 1356 1545 1389 Verius
1577 1357 1635 1389 alii

126 1393 212 1425 editi
232 1400 267 1425 et
285 1394 424 1439 scripti:
455 1395 721 1441 ‹zmln'gaunwe:
753 1398 891 1430 ductum
915 1397 1004 1429 enim
1035 1404 1088 1430 est
1121 1411 1162 1431 ex
1189 1411 1221 1431 v.
1257 1400 1338 1435 382
1359 1401 1457 1434 Iliad.
1488 1408 1530 1446 ψ,
1559 1402 1633 1437 Καὶ

123 1437 170 1472 νύ
196 1451 259 1473 κεν
290 1435 312 1484 ἢ
344 1438 551 1483 παρέλασσ’
594 1437 617 1486 ἢ
659 1440 897 1487 ἀμφήριστον
937 1441 1072 1487 ἔθηκεν
1107 1447 1166 1489 (sc.
1199 1443 1340 1489 αὐτὸν,
1373 1459 1441 1481 non
1469 1449 1633 1493 πρᾶγμα,

124 1487 217 1530 quod
234 1487 374 1530 vulgare
395 1495 508 1528 esset,
534 1495 569 1521 et
592 1488 732 1533 Virgilii
750 1490 945 1522 imitatione
970 1490 1158 1530 refellitur5
1185 1492 1390 1537 ambigumn
1425 1507 1473 1528 sc.
1501 1497 1633 1528 socium

124 1532 356 1578 reliquissem.
404 1536 463 1566 Est
484 1535 572 1567 alter
597 1535 694 1568 locus
718 1536 839 1568 similis
864 1537 886 1569 l.
917 1549 944 1570 e.
979 1549 1011 1569 v.
1038 1538 1117 1571 526.
1145 1539 1225 1580 527,
1258 1539 1309 1584 τῷ
1338 1538 1402 1573 κέν
1429 1553 1492 1584 μιν
1518 1541 1632 1586 παρέ-

122 1575 242 1621 λασσ’,
279 1577 368 1613 οὐδ’
399 1577 636 1625 α’μφήριστον
663 1580 808 1626 ἔθηκεν.
835 1584 897 1615 sed
925 1583 997 1615 eius
1030 1585 1202 1617 sententia
1231 1586 1341 1618 minus
1371 1590 1632 1622 accommodata

123 1632 175 1657 est
204 1633 325 1658 nostro
355 1635 492 1670 poetae.
542 1628 808 1674 (ambiguamve
835 1629 870 1662 in
905 1629 1084 1662 codicibus
1116 1631 1185 1663 suis
1223 1632 1385 1666 omnibus
1416 1641 1566 1668 testatur
1594 1648 1632 1668 se

120 1671 293 1704 invenisse
315 1674 494 1713 Heinsius,
518 1675 597 1715 sed,
622 1683 763 1719 praeter
778 1688 879 1708 unum
896 1676 1110 1717 Palatinum,
1143 1677 1256 1710 nullus
1286 1679 1396 1712 codex
1426 1682 1631 1715 nominatim

119 1717 297 1758 laudatur,
324 1720 381 1763 qui
405 1720 532 1753 habeat
554 1721 823 1767 arnbtgumnve3
850 1730 970 1755 contra
991 1722 1267 1769 ambiguumque
1294 1725 1424 1769 legitur
1445 1727 1484 1766 ¹⁸¹1.
1506 1729 1629 1762 Medic.

119 1776 175 1807 ap.
196 1765 340 1808 Foggin.
361 1772 395 1798 et
420 1775 531 1810 utroq.
553 1768 668 1812 Lips.,
692 1769 785 1801 idem
805 1781 845 1801 ex
866 1771 967 1802 Hasn.
994 1771 1035 1802 Π.
1070 1777 1103 1803 et
1129 1772 1172 1804 V.
1205 1778 1381 1805 enotatum
1413 1773 1531 1806 video.
1567 1776 1629 1808 cfr.

120 1812 163 1851 Q.
179 1813 222 1845 V.
243 1813 416 1855 XXXVI,
438 1814 467 1847 1.
496 1814 592 1858 Wr.)
641 1816 814 1861 relinquit
834 1816 965 1849 Zulich.

118 1919 277 1943 versum
309 1906 467 1945 Horatii
501 1908 531 1957 I,
568 1911 632 1957 12,
672 1912 735 1951 18.
777 1911 845 1949 ubi
905 1925 985 1949 uno
1009 1918 1165 1950 tantum
1197 1913 1263 1950 ille
1288 1928 1407 1965 passu
1436 1928 1627 1967 praever-

120 1964 211 2000 Nec
232 1965 842 2020 vigetqzcicqztamsimilessovi)
902 1975 972 2006 tat.
1032 1969 1169 2019 Itaque
1211 1971 1346 2009 Diores
1394 1973 1449 2009 sie
1489 1973 1626 2023 instat,

118 2028 191 2057 aul
209 2023 425 2059 seeundum
435 2038 449 2068 ‚·
467 2025 674 2072 proximos
695 2026 758 2061 illi
775 2034 842 2063 ta-

119 2091 208 2114 men
237 2081 448 2128 occupavit
474 2081 623 2117 Pallas
658 2081 836 2120 honores.

118 2134 175 2171 lbi
200 2135 325 2172 Pallas
345 2149 424 2172 non
451 2142 509 2173 est
534 2138 727 2186 secunda,
770 2140 840 2176 sed

118 2192 311 2241 proxima.
344 2199 384 2229 at
408 2193 447 2230 in
467 2200 605 2231 nostro
631 2196 758 2232 Salius
780 2203 839 2234 est

117 2250 310 2286 secundus
335 2258 370 2286 el
395 2253 620 2300 proximus.
684 2253 838 2291 Scilicet

115 2308 309 2343 secundus
337 2306 387 2343 ad
422 2321 657 2357 numerum,
693 2314 836 2360 proxi-

115 2377 203 2399 mas
243 2363 292 2400 ad
333 2364 465 2402 locum
520 2379 629 2403 nunc
672 2374 835 2418 spectat.

114 2419 223 2457 Atiu
245 2420 412 2458 Horatio
437 2425 646 2472 proximus
675 2426 835 2474 quidem

114 2477 232 2514 etiam
259 2484 316 2515 est
344 2479 453 2528 loco,
485 2486 525 2516 at
553 2483 746 2519 secundus
777 2490 835 2521 est

115 2535 262 2572 virtute
295 2542 334 2573 et
361 2538 558 2588 potentia,
598 2551 670 2576 nec
705 2540 833 2578 multo

112 2591 304 2641 interior,
367 2594 435 2631 sed
470 2596 550 2632 sere
595 2608 832 2647 exaequans.

113 2648 188 2686 Pro
212 2651 392 2701 exemplo
417 2666 524 2689 nunc
553 2665 632 2690 esse
666 2661 834 2705 possunt

112 2706 298 2744 Consules
316 2708 544 2747 Galliarum.

168 2763 262 2803 324.
285 2766 379 2806 325.
417 2767 615 2817 Expressa
644 2780 691 2804 ex
721 2768 831 2807 Iliad.

110 2828 158 2867 ψ,
179 2819 273 2860 764.
292 2823 386 2870 765,
414 2836 460 2860 ne
485 2824 635 2862 dubita.
696 2825 832 2864 Diores

109 2875 164 2913 ita
194 2890 314 2914 cursu
345 2886 487 2929 aequat
515 2881 749 2931 Helymum,
788 2890 831 2921 ut

179 2945 382 2995 VIRGIL.
422 2947 564 2997 ΤοΜ.
598 2949 660 2997 ΙΙ.

901 2032 948 2063 ut
969 2025 1174 2065 immineat
1192 2028 1274 2065 eius
1291 2027 1467 2067 humeris
1487 2037 1526 2068 et
1552 2044 1625 2068 ve-

899 2083 1010 2134 stigia
1033 2091 1209 2135 premat,
1245 2086 1370 2123 altero
1388 2087 1488 2137 pede
1512 2094 1624 2125 ante-

896 2140 1001 2177 riore
1024 2155 1222 2192 occupans
1244 2143 1325 2180 eius
1352 2143 1492 2193 peden]
1523 2145 1622 2182 cite-

896 2198 1055 2236 riorem.
1116 2199 1174 2235 lta
1197 2199 1247 2236 ad
1274 2200 1442 2238 verbum
1474 2202 1620 2240 calcem

896 2255 1001 2291 calce
1018 2256 1175 2306 premit.
1236 2257 1318 2294 Etsi
1347 2270 1420 2295 nec
1448 2257 1524 2296 hoe
1550 2273 1622 2297 ne—

895 2325 1008 2351 cesse.
1074 2313 1141 2349 Est
1164 2314 1267 2351 enim
1295 2314 1447 2352 dictum
1476 2318 1619 2367 exqui-

893 2369 1007 2406 sitius
1028 2383 1121 2421 pro,
1145 2372 1289 2420 pedem
1312 2373 1429 2422 pede.
1493 2373 1618 2412 Aliam

893 2428 1085 2464 rationem
1117 2427 1252 2466 Burin.
1290 2431 1500 2479 sequitur,
1549 2433 1617 2470 sed

892 2484 1009 2521 valde
1057 2485 1211 2522 duram.
1284 2485 1506 2537 Argutatur
1543 2489 1616 2528 Ios.

892 2542 1073 2591 Scaliger.
1103 2543 1198 2584 325.
1230 2545 1324 2586 326.
1351 2550 1391 2581 et
1410 2575 1420 2593 ,
1471 2546 1502 2582 si
1526 2547 1616 2597 plus

892 2599 1009 2650 spatii
1035 2606 1279 2650 superesset,
1321 2614 1393 2639 nec
1429 2604 1614 2642 curriculi

892 2663 1018 2693 metae
1050 2657 1206 2694 iamiam
1234 2657 1613 2710 adpropinquarent,

892 2720 962 2752 aut
1005 2715 1115 2751 illum
1163 2728 1283 2753 cursu
1320 2718 1612 2767 praevertisset,

892 2778 962 2808 aut
990 2772 1128 2809 saltem
1167 2779 1383 2822 aequasset.
1442 2775 1530 2812 lloc
1555 2782 1613 2812 est

891 2828 1127 2878 (nnbcgmmz
1153 2830 1351 2880 relinquat
1392 2843 1483 2868 eum
1511 2831 1550 2869 h.
1579 2844 1610 2869 e.

890 2886 1149 2936 ambigentem
1190 2885 1239 2923 de
1289 2900 1427 2924 cursus
1469 2888 1609 2939 palma,

1267 2953 1335 2998 49
