1779 3420
170 223 272 270 890

170 343 505 395 Adventante
528 345 642 397 dea.

495 221 550 270 P.
589 220 949 271 VIRGILII
984 220 1367 271 MARONIS

715 346 912 396 Procul
939 363 987 411 ο,
1025 346 1215 413 procul
1243 356 1369 408 este,
1398 347 1627 414 profani,

168 415 481 466 Conclamat
507 426 675 480 vateS,
713 425 941 482 totoque
968 417 1201 467 absistite
1232 418 1378 478 luco;

168 487 362 551 Tuque
389 486 582 535 invade
608 487 769 551 viam,
808 488 1103 553 vaginaque
1128 489 1276 554 eripe
1296 487 1520 539 serrum.
1592 494 1697 542 260

164 557 321 605 Nunc
343 557 532 605 animis
557 573 718 623 opu3,
756 560 962 618 Aenea,
1001 574 1145 606 nunc
1167 567 1390 623 pectore
1412 557 1590 609 firmo,

167 627 403 674 Tantum
426 624 608 689 effata,
647 624 834 675 furens
856 635 1009 675 antro
1035 643 1092 676 se
1113 627 1314 676 inmisit
1342 637 1555 694 aperto:

164 694 262 744 Ille
294 695 491 745 ducem
518 695 662 744 haud
682 695 882 744 timidis
904 695 1194 746 vadentem
1215 698 1458 763 passibus
1484 707 1693 764 aequat.

233 766 315 830 Di,
351 765 546 833 quibus
571 766 862 833 imperium
887 775 965 816 est
989 767 1304 833 animarum,
1343 767 1694 834 Umbraeque

955 836 1185 900 silentes,

162 905 231 954 Et
265 903 457 970 Chaos,
508 914 561 955 et
593 905 959 970 Phlegethon,
1009 907 1125 957 loca
1156 916 1319 957 nocte
1355 908 1583 957 tacentia
1619 905 1693 955 la-

162 1138 190 1171 L
218 1091 324 1172 'd258
349 1093 583 1126 Adue-niente
605 1094 750 1128 Oudart.

195 1150 225 1171 el
255 1163 263 1172 .

844 1094 914 1129 259
947 1094 1183 1128 Conclamant
1215 1097 1334 1138 Sprot.

360 1141 429 1175 263
466 1141 617 1174 tumidis
650 1140 797 1175 Dorvill.
855 1144 968 1187 Super
1004 1142 1143 1175 vadere
1178 1141 1283 1174 etiam
1319 1140 1377 1174 hic
1413 1141 1693 1174 observationem

955 986 1026 1041 te,
1590 980 1693 1029 265

1429 1094 1500 1129 262
1530 1094 1694 1127 Tandem

162 1198 258 1219 suam
283 1187 414 1232 repetit
438 1188 575 1229 Burm.,
608 1190 693 1232 poni
718 1188 807 1222 illud
832 1188 876 1222 de
915 1189 1050 1234 impetu
1076 1196 1110 1221 et
1133 1188 1372 1233 praecipitato
1410 1199 1522 1221 cursu.
1569 1187 1693 1220 Enim-

162 1245 247 1266 vero
272 1234 313 1266 fit
338 1235 406 1268 hoc
431 1246 502 1268 non
530 1236 629 1268 verbi
656 1242 804 1278 natura,
829 1236 893 1270 sed
918 1235 1147 1282 exquisitiore
1172 1247 1256 1278 usu,
1282 1247 1358 1268 cum
1382 1246 1468 1280 pro,
1494 1235 1692 1280 impetuose

160 1280 267 1323 ferri,
293 1281 436 1325 ponitur
461 1282 633 1327 simplex,
666 1285 739 1325 ire,
772 1284 904 1328 gradi,
939 1284 1097 1325 vadere,
1131 1283 1295 1316 adiuncta
1329 1295 1377 1315 sc.
1411 1281 1465 1324 vi,
1503 1294 1606 1326 quam
1639 1282 1692 1315 rei

160 1327 253 1360 ratio
280 1336 314 1361 et
338 1336 521 1362 contextus
548 1330 681 1364 adiicit.
729 1331 783 1363 Ad
807 1330 876 1363 hoc
900 1343 1010 1375 genus
1036 1330 1154 1375 plures
1179 1329 1332 1363 virorum
1365 1329 1550 1362 doctorum
1583 1340 1693 1372 super

160 1374 306 1418 singulis
331 1377 447 1409 verbis
473 1377 798 1411 observatiunculae
822 1385 972 1423 possunt
996 1377 1168 1410 revocari.

158 1428 243 1455 tert.
271 1429 306 1455 et
330 1423 442 1456 tribus
477 1426 591 1457 Burm.
639 1425 812 1458 silentum
845 1426 961 1469 Bigot.

161 1481 202 1502 ex
228 1471 329 1504 Rom.
356 1471 486 1504 Medio.
513 1479 549 1505 et
573 1472 618 1506 al.
647 1472 731 1517 <hoc
757 1472 862 1505 etiam
885 1474 1011 1516 fragm.
1035 1473 1119 1507 Vat.
1143 1477 1179 1504 et
1197 1471 1230 1505 3.
1245 1476 1401 1503 tuentur.
1425 1470 1523 1515 Wr.)

159 1579 280 1616 quam
325 1566 375 1604 de
425 1567 596 1606 deorum
642 1568 894 1607 infernorum

158 1625 276 1663 venia
320 1633 527 1677 acceptum
564 1640 645 1664 esse
692 1627 828 1665 locum
871 1641 893 1664 a

157 1682 388 1732 Fenelonio,
413 1684 531 1722 docet
547 1685 780 1724 suavissima
800 1685 893 1723 imi-

156 1742 258 1779 tatio
284 1744 325 1778 in
367 1742 604 1780 Telemacho
643 1743 710 1781 lib.
748 1743 890 1792 XVIII,

157 1812 197 1850 p.
221 1802 313 1840 123.
371 1800 552 1838 Imitatus
576 1814 735 1851 quoque
756 1801 891 1839 locum

157 1863 219 1895 est
235 1858 381 1894 Dantes
401 1858 549 1896 Infern.
584 1859 698 1897 Cant.
717 1858 784 1907 ΙΙΙ,
810 1862 891 1899 130

156 1928 237 1966 seq.
297 1916 540 1953 aclvenlanle
571 1917 671 1964 flea,
718 1917 767 1954 de
805 1917 891 1954 He-

157 1979 244 2011 cate
283 1986 364 2011 esse
404 1974 736 2025 intelligendum,
789 1974 891 2012 nihil

156 2037 216 2069 est
242 2032 351 2082 quod
386 2032 566 2082 dubites3
608 2033 639 2070 si
671 2033 792 2071 modo
824 2046 891 2071 ce-

156 2095 241 2127 tera
266 2090 315 2127 de
337 2090 399 2128 his
422 2090 543 2128 sacris
565 2091 651 2128 loca
675 2097 890 2142 poetarum

156 2148 369 2198 consulas,
420 2163 459 2187 v.
505 2162 537 2186 c.
588 2149 774 2201 Apollon.
823 2150 889 2198 ΙΙΙ,

159 2209 264 2248 1211
297 2220 380 2257 sqq.
422 2206 626 2245 Theocrit.
656 2207 713 2246 Id.
743 2208 791 2257 H,
821 2208 889 2250 35.

155 2267 223 2305 36.
249 2267 367 2305 10-
383 2267 447 2307 13.
498 2265 622 2312 Quod
640 2280 761 2303 canes
782 2280 890 2304 non-

154 2336 364 2373 nunquam
387 2323 435 2360 de
457 2323 588 2361 Furiis
620 2323 752 2361 dictae
780 2330 888 2373 sunt,

153 2378 339 2418 huonon
363 2381 594 2419 vocandum
627 2388 713 2419 erat
743 2382 791 2419 ab
821 2382 890 2420 [n-

152 2443 304 2489 te1·pp.;
343 2445 439 2477 sunt
471 2453 588 2477 canes
628 2439 777 2478 inferni
805 2440 889 2477 He-

154 2501 269 2532 caten
287 2497 536 2535 comitantes.
569 2496 756 2550 (ululare,
781 2494 890 2550 ω’ρύ-

155 2557 297 2602 εσθαι;
333 2554 416 2592 vid.
446 2556 579 2593 Sturz.
628 2556 676 2592 de
713 2556 890 2594 Vocibus

155 2611 400 2649 animalium
416 2611 459 2648 in
481 2613 563 2650 eius
577 2612 724 2664 Opusc.
745 2627 782 2665 p.
808 2613 888 2656 146

153 2682 210 2719 sq.
255 2668 371 2721 l‘lsr.)
443 2668 507 2706 Ad
544 2672 647 2720 iuga
689 2672 887 2708 silvarum

152 2726 364 2765 offendunt
390 2726 544 2778 Intpp.‚
576 2727 646 2765 sed
676 2734 771 2765 sunt
798 2728 888 2778 iuga

151 2784 352 2823 montium
398 2784 506 2823 silvis
552 2785 705 2822 consita
729 2800 739 2834 3
788 2785 887 2822 nihil

150 2842 333 2895 amplius.
393 2842 458 2880 Sic
488 2843 650 2880 dorsum
682 2856 887 2879 nemorum

150 2915 212 2953 ap.
248 2900 390 2938 Horat.
419 2901 546 2939 silvas
585 2902 752 2952 iagosas
781 2900 887 2938 dixit

150 2958 270 2997 ovid.
292 2957 380 2997 Am.
403 2957 433 3008 1,
462 2961 497 3008 1,
520 2960 558 3000 9.

1262 1377 1333 1411 264
1357 1384 1413 1409 est
1446 1376 1549 1408 deest
1582 1376 1691 1410 Goth.

1055 1425 1126 1459 265
1163 1424 1326 1456 tacentia
1358 1422 1537 1456 revocavit
1568 1422 1690 1457 Heius.

1571 1470 1690 1514 Vulgo

1009 1567 1107 1610 258.
1139 1567 1296 1605 Procul
1320 1581 1369 1615 ο,
1403 1581 1450 1618 p.
1513 1563 1577 1603 An
1602 1565 1690 1604 sor-

951 1625 1061 1663 mula
1089 1624 1166 1662 hac
1190 1625 1398 1663 initiorum
1421 1624 1515 1661 satis
1543 1623 1688 1662 soller—

950 1689 1011 1721 ter
1040 1683 1109 1721 hie
1134 1689 1252 1735 poeta
1288 1696 1382 1721 usus
1414 1682 1490 1731 sit,
1532 1681 1688 1722 dubito.

950 1741 1075 1780 Nemo
1095 1742 1201 1779 enirn
1223 1741 1386 1790 aderat,
1419 1740 1488 1791 qui
1509 1739 1688 1778 amoveri

948 1805 1112 1851 posset,
1153 1805 1316 1850 praeter
1354 1798 1482 1836 socios
1517 1798 1686 1837 Aeneae.

951 1858 1006 1894 De
1055 1857 1246 1895 monstris
1291 1856 1455 1893 infernis
1502 1855 1687 1907 intelligit

951 1915 1092 1953 cerda.
1153 1914 1207 1952 At
1238 1914 1327 1966 quis
1364 1927 1407 1950 ea
1438 1927 1510 1966 per
1535 1913 1685 1964 prosa-

949 1988 1021 2011 nos
1046 1972 1249 2023 designata
1272 1972 1430 2010 credat!
1482 1972 1686 2010 Warbur-

949 2038 1048 2069 tono
1078 2031 1242 2082 quidem
1274 2043 1338 2069 res
1373 2035 1459 2067 erat
1487 2030 1582 2067 satis
1611 2042 1686 2067 ex-

950 2089 1107 2141 pedita,
1141 2090 1238 2128 dum
1254 2089 1367 2126 initia
1387 2088 1586 2126 Eleusinia
1617 2086 1686 2125 hic

950 2161 1138 2200 expressa
1158 2147 1333 2186 volebat.
1396 2145 1508 2198 (voe.
1532 2145 1685 2197 prosa-

949 2221 1024 2243 nas
1055 2205 1122 2243 'hie
1156 2219 1178 2243 a
1208 2211 1341 2243 cetera
1378 2204 1548 2256 mystica
1585 2203 1683 2241 reli—

949 2264 1063 2315 gione
1089 2263 1139 2301 ad
1166 2278 1277 2302 sacra
1306 2263 1476 2300 Hecates
1506 2262 1683 2299 transla-

950 2329 1038 2360 tum
1074 2322 1261 2371 videtur,
1303 2321 1365 2359 cui
1398 2321 1572 2369 Aeneas,
1613 2320 1682 2358 in-

949 2386 1071 2418 vento
1101 2394 1214 2418 ramo
1250 2392 1371 2417 aureo
1393 2379 1434 2416 in
1463 2379 1545 2416 eius
1576 2378 1681 2427 luco,

948 2438 1027 2475 iam
1050 2437 1349 2489 quodammodo
1376 2436 1557 2474 initiatus
1580 2441 1681 2484 erat,

948 2497 1142 2548 profanus
1161 2497 1280 2547 igitur
1301 2507 1382 2532 esse
1402 2494 1520 2532 desiit
1537 2494 1687 2546 ipsius*

948 2567 1024 2605 que
1055 2554 1232 2592 numinis
1270 2553 1537 2605 praesentiam
1576 2553 1681 2589 ferre

946 2612 1026 2649 iam
1046 2612 1200 2663 potuit,
1229 2612 1363 2662 itaque
1392 2610 1551 2662 profani
1582 2622 1680 2646 cen-

947 2670 1060 2707 sendi
1090 2669 1277 2717 Troiani,
1320 2669 1388 2718 qui
1426 2682 1517 2705 cum
1546 2666 1680 2704 Aenea

946 2733 1074 2764 erant.
1111 2724 1229 2778 Wr.)
1298 2726 1413 2773 Quae
1439 2731 1678 2776 sequuntur,

947 2785 996 2822 de
1037 2796 1128 2821 ense
1172 2783 1357 2833 nudato,
1409 2796 1459 2820 ex
1502 2783 1678 2822 Homero

946 2847 1158 2879 mutuatus
1179 2847 1238 2879 est
1259 2841 1403 2892 Odyss.
1422 2844 1455 2890 λ,
1474 2840 1529 2882 48
1548 2855 1605 2892 sq.

1003 2899 1086 2940 265
1107 2921 1164 2927 —-
1185 2902 1282 2941 267.
1322 2899 1456 2937 Habet
1486 2899 1678 2949 insignem

946 2956 1030 2995 vim
1063 2955 1115 2995 ad
1164 2957 1317 2996 animos
1357 2956 1593 2997 excitandos
1638 2961 1679 2994 et
