1827 3436
317 226 402 272 DE
437 221 744 270 CARMINE
783 220 988 267 EPJCO
1032 220 1276 268 VIRGIL.
1487 228 1545 271 31

55 355 222 417 aliqua
260 347 526 414 proposita
568 362 686 394 cum
722 345 916 410 poetis,
966 352 1077 391 tum
1110 342 1220 390 aliis
1258 343 1553 405 ingeniosa-

55 438 168 470 rum
205 419 391 466 artium
423 414 734 464 auctoribus.
806 413 943 462 Fieri
975 412 1172 460 scilicet
1204 412 1350 460 nullo
1383 412 1551 460 modo

56 497 250 556 potest,
292 503 398 550 quo
429 485 602 532 minus
628 482 867 546 voluptas
899 498 996 545 per
1026 481 1217 542 ingenii
1254 479 1554 529 facultatem

55 566 224 623 parata
249 555 522 604 utilitatem
551 552 614 600 ad
647 552 868 599 aliorum
897 551 1101 612 ingenia
1126 549 1342 605 hal›eat;
1383 549 1554 597 enim-

54 644 177 674 vero
209 624 448 688 voluptas
480 623 598 669 satis
628 637 814 683 magna
841 618 1157 685 (perfectam
1184 618 1365 666 dicunt
1388 619 1551 666 nostri

55 696 318 755 homines)
344 709 453 740 esse
478 707 584 738 non
611 698 800 754 potest,
838 689 933 737 nisi
962 705 1082 737 cum
1105 688 1330 745 honesti,
1369 687 1553 751 pulcri,

53 782 108 812 ac
132 765 240 811 veri
266 779 420 809 sensu
445 760 527 808 illa
562 760 838 807 coniuncta
865 759 940 808 sit.
999 757 1309 806 Delectandi
1335 755 1554 822 quidem

55 833 199 881 modi
244 848 298 879 ac
335 846 613 878 mensurae
653 837 774 876 sunt
818 826 1075 875 infinitae:
1143 825 1553 873 delectationem

53 918 315 950 summam
346 898 472 947 nihil
501 896 677 955 affert„
716 897 812 944 nisi
842 896 986 961 quod
1013 895 1114 943 suis
1143 895 1378 943 numeris
1401 894 1554 942 abso-

55 972 222 1019 lutum
257 978 347 1021 est,
418 966 641 1017 Decedit
671 966 805 1014 adeo
829 965 1081 1030 voluptati
1114 981 1171 1012 ex
1192 964 1439 1013 Aeneidis
1461 979 1553 1010 seu

53 1040 222 1089 Iliadis
255 1039 482 1087 lectione
512 1035 797 1100 capiendae
832 1051 994 1083 omne
1026 1033 1103 1093 id,
1144 1033 1290 1099 quod
1316 1034 1369 1080 in
1398 1032 1554 1080 alter-

53 1109 386 1164 utrasensui,
425 1123 586 1171 quem
612 1104 863 1166 diximus,
900 1119 1010 1151 non
1035 1104 1153 1151 satis
1172 1101 1304 1150 facit.
1357 1103 1554 1151 Contra

53 1180 194 1241 signa
214 1176 468 1241 Apollinis
492 1175 572 1222 vel
595 1174 832 1231 Veneris,
870 1173 1122 1237 quoniam
1148 1171 1297 1219 illum
1322 1187 1553 1231 sensum,

56 1249 212 1296 etiam
258 1263 411 1310 supra
455 1253 671 1292 naturae
713 1241 1021 1301 modulum,
1078 1257 1137 1289 ea
1176 1240 1412 1305 explent,
1460 1256 1553 1286 vo—

56 1317 254 1383 luptate
275 1332 478 1363 summa
501 1312 758 1371 afficiunt,
799 1327 932 1376 quae
969 1327 1068 1358 nec
1093 1310 1269 1358 minus
1306 1309 1369 1358 ad
1394 1308 1553 1357 animi

55 1402 232 1435 mores
258 1393 309 1431 et
338 1382 558 1431 affectus
582 1380 988 1445 componendos
1019 1380 1123 1427 vim
1152 1378 1348 1426 habere
1378 1378 1552 1425 debet.

56 1456 206 1506 Adeo
256 1470 375 1501 vera
411 1451 648 1515 voluptas
696 1467 814 1497 cum
860 1466 981 1497 vera
1017 1448 1237 1497 utilitate
1275 1448 1550 1495 coniuncta

59 1533 158 1581 est;
207 1523 280 1572 uti
311 1530 490 1570 contra
525 1520 760 1584 speciosa
800 1518 967 1582 aliqua
999 1517 1334 1582 praestantia,
1384 1525 1470 1563 aut
1503 1517 1549 1562 iu

59 1593 234 1658 aliquo
266 1599 470 1639 tantum
502 1604 697 1651 genere
733 1588 1035 1641 constituta,
1090 1586 1174 1634 vel
1216 1586 1264 1633 iu
1306 1585 1552 1632 adiuncto

58 1662 229 1726 aliquo
258 1660 450 1708 inclusa
469 1699 480 1717 ,
519 1657 809 1721 speciosam
833 1664 1036 1704 tantum
1061 1665 1147 1703 aut
1175 1663 1398 1719 exparte
1430 1654 1554 1700 hau-

57 1740 188 1779 stam
221 1729 547 1793 voluptatem
584 1724 763 1778 affert,
813 1725 1056 1790 adeoque
1093 1726 1248 1773 etiam
1276 1723 1553 1772 utilitatem

56 1799 240 1849 iisdem
264 1798 457 1846 finibus
483 1795 940 1859 circumscriptam.

191 1871 322 1918 XVI.
358 1864 675 1916 Dissimilem
698 1873 874 1911 tamen
899 1863 1121 1910 omnino
1143 1862 1552 1910 Homericorum

58 1938 285 1986 heroum
310 1931 471 1983 ⁴aiunt
501 1950 610 1983 esse
635 1937 896 1991 Aeneam3
935 1930 1245 1980 inferiorem
1270 1930 1473 1979 Achille
1505 1938 1555 1978 et

58 2007 265 2070 Ul)·sse;
313 2010 420 2054 sola
443 2009 632 2069 pietate
659 2007 911 2065 insignem.
985 2000 1126 2061 Quid
1156 2001 1343 2063 igitur?
1381 2000 1421 2046 Si
1453 2003 1555 2047 Ae-

59 2092 181 2125 neas
202 2075 330 2125 alter
361 2083 496 2122 esset
515 2070 776 2122 Achilles?
814 2070 946 2118 alter
974 2070 1212 2132 Ulysses?
1261 2086 1439 2117 annon
1471 2085 1555 2116 ex-

60 2147 306 2210 scriptum
325 2143 498 2207 potius
520 2151 569 2190 et
594 2139 762 2189 servili
788 2139 1075 2188 imitatione
1101 2155 1399 2204 expressum
1432 2154 1554 2185 eum

63 2214 247 2262 dicturi
286 2214 421 2261 sint?
475 2216 594 2261 Non
640 2225 736 2272 ego
774 2209 813 2256 is
852 2225 992 2271 sum,
1053 2209 1142 2273 qui
1187 2224 1339 2256 caeco
1379 2206 1554 2271 aliquo

63 2292 250 2348 poetae
283 2282 383 2329 mei
413 2296 592 2329 amore
627 2278 756 2326 nihil
793 2278 855 2325 al)
890 2295 953 2326 eo
983 2286 1258 2342 peccatum
1294 2292 1403 2324 esse
1429 2292 1554 2323 con-

62 2352 281 2401 tendere
303 2349 474 2400 velim.
546 2348 720 2398 Iliadis
740 2356 1110 2409 argumentum
1131 2344 1423 2394 feliciorem
1445 2362 1556 2392 ma-

63 2422 245 2470 teriam
278 2428 328 2466 et
361 2415 536 2483 epicae
563 2417 817 2480 gravitatis
843 2416 983 2464 haud
1012 2414 1185 2480 paullo
1212 2415 1327 2479 plus
1358 2414 1554 2462 habere

63 2490 103 2537 si
124 2491 238 2553 quis
265 2488 471 2547 dixerit,
508 2504 595 2535 me.
620 2486 778 2534 habet
802 2486 1202 2543 assentientem;
1243 2493 1294 2532 et
1318 2483 1558 2530 delector

65 2558 173 2621 ipse
206 2557 373 2606 multo
404 2557 567 2618 magis
600 2556 819 2604 Homeri
866 2554 1093 2603 lectione
1131 2570 1290 2618 quam
1331 2552 1556 2615 Virgilii:

66 2635 245 2687 regnat
277 2627 325 2673 in
365 2625 658 2673 Homericis
688 2623 939 2671 heroibus
979 2621 1224 2670 naturalis
1263 2622 1468 2669 habitus
1507 2629 1558 2667 et

67 2692 307 2753 affectus,
355 2695 509 2741 animi
542 2694 792 2757 impetus,
842 2692 1056 2739 iniuriae
1089 2700 1328 2755 acceptae
1359 2707 1556 2750 sensus,

69 2763 274 2825 qualem
309 2772 359 2810 et
390 2764 497 2827 ipse
532 2762 729 2820 habeo,
780 2761 1099 2809 desiderium
1136 2760 1333 2807 reditus
1369 2759 1432 2806 ad
1462 2762 1557 2806 La-

70 2846 175 2890 res,
213 2831 365 2895 quale
399 2832 504 2896 ipse
536 2831 781 2887 sentiam;
825 2831 875 2878 in
912 2828 1146 2878 Aeneide
1183 2838 1302 2876 sunt
1344 2827 1556 2876 consilia

73 2896 136 2943 de
177 2900 322 2946 novis
368 2900 580 2948 sedibus
625 2900 675 2946 in
716 2908 848 2947 terra
891 2899 1065 2961 ignota
1106 2897 1372 2962 parandis;
1427 2895 1555 2944 nihil
