1811 3388
452 214 860 263 AENEIDOS
900 217 1040 266 LIB.
1080 220 1138 279 V,
1170 225 1458 273 203—227
1632 233 1731 280 755

214 340 407 386 Fertur
435 337 489 386 in
523 354 642 387 arva
686 339 892 402 volans,
930 341 1288 412 plausumque
1323 350 1564 399 exterrita
1596 369 1730 417 pen-

996 413 1076 460 nis
1627 429 1728 476 215

212 477 313 524 Dat
335 483 476 523 tecto
502 476 804 540 ingentem:
842 495 966 528 mox
989 498 1110 531 aere
1135 480 1278 548 lapsa
1304 486 1487 550 quieto

211 542 371 593 Radit
404 544 504 593 iter
536 545 828 612 liquidum,
869 549 1055 600 celeris
1084 568 1262 618 neque
1291 566 1581 606 conmovet
1602 558 1727 610 alas:

213 613 298 661 Sic
317 614 632 664 Mnestheus
647 656 659 676 ,
708 618 778 666 sic
802 619 911 682 ipsa
933 618 1055 685 fuga
1077 631 1217 670 secat
1234 622 1421 673 ultima
1445 627 1623 677 Pristis

210 686 486 748 Aequora,
524 685 597 733 sic
630 685 774 735 illam
796 686 902 736 sert
924 690 1135 756 inpetus
1154 693 1266 757 ipse
1287 693 1571 748 volantem.

209 753 276 800 Et
296 753 530 817 primum
554 755 607 802 in
635 756 855 822 scopulo
878 757 1169 810 luctantem
1194 761 1390 812 deserit
1410 764 1514 814 alto
1621 776 1725 822 220

213 823 522 885 Sergestum
542 823 902 892 brevibusque
927 830 1086 889 vadis,
1112 829 1412 898 frustraque
1439 845 1724 888 vocantem

208 891 431 952 Auxilia,
471 902 522 941 et
548 891 722 942 fractis
749 895 1043 947 discentem
1066 917 1279 950 currere
1306 904 1480 955 remis,

206 959 341 1009 Inde
366 963 511 1024 Gyan
544 964 821 1030 ipsamque
844 967 1042 1031 ingenti
1063 970 1210 1019 mole
1235 970 1572 1023 Chimaeram

209 1030 589 1096 Consequitur;
629 1034 790 1095 cedit,
831 1039 1087 1101 quoniam
1116 1040 1335 1105 spoliata
1354 1044 1605 1106 magistro
1629 1056 1720 1100 est.

209 1098 365 1147 Solus
388 1101 602 1167 iamque
624 1103 739 1168 ipso
760 1117 1002 1170 superest
1021 1109 1074 1157 in
1105 1108 1215 1158 fine
1244 1110 1560 1164 Cloanthus:
1617 1120 1719 1169 225

208 1170 390 1228 Quem
413 1172 572 1235 petit,
613 1182 665 1220 et
688 1175 907 1223 summis
932 1176 1148 1227 adnixus
1170 1179 1366 1228 viribus
1390 1193 1595 1246 urguet.

207 1240 347 1286 Tum
368 1256 496 1288 vero
521 1241 811 1304 ingeminat
836 1244 1051 1308 clamor,
1090 1250 1374 1315 cunctique
1397 1263 1717 1318 sequentem

273 1389 342 1423 215
364 1390 584 1435 pulsumque
609 1392 664 1424 ed.
690 1392 854 1427 Commel.
900 1397 1028 1441 pinnis
1052 1399 1153 1433 Rom.
1178 1399 1305 1434 Medic.
1333 1406 1369 1433 et
1393 1403 1483 1436 Gud.
1555 1405 1624 1440 216
1642 1410 1716 1440 Dat

203 1442 307 1479 tergo
331 1435 466 1480 aliquot
489 1439 578 1471 Pier.
627 1440 815 1483 vulgatam
842 1441 949 1474 habet
973 1445 1065 1477 Non.
1093 1452 1127 1477 et
1152 1447 1269 1480 Schol.
1305 1447 1406 1480 Statii
1442 1462 1499 1494 ap.
1532 1452 1714 1486 Burmann.

200 1478 342 1515 217‘10.
369 1483 552 1517 Schrader.
586 1485 622 1517 in
646 1486 787 1519 schedis
813 1489 902 1520 coni.
934 1492 1076 1536 Carpit3
1113 1504 1192 1525 nam
1216 1494 1349 1526 radere
1382 1495 1513 1529 inierre
1551 1498 1715 1533 vicinita-

201 1533 288 1567 tem3
332 1527 382 1561 sic
415 1530 483 1562 iam
518 1532 635 1565 Barth.
670 1534 715 1565 ad
746 1536 832 1566 Stat.
858 1535 1053 1577 Achill.11‚
1085 1539 1107 1573 3
1132 1540 1320 1573 monuisse.
1369 1543 1450 1574 Non
1484 1545 1715 1579 meminerant

202 1573 306 1606 etiam
346 1588 439 1608 mare
472 1578 596 1620 remis,
636 1591 750 1612 aerem
776 1581 839 1613 alis
866 1582 962 1624 radi,
998 1585 1109 1626 verri,
1144 1586 1245 1619 verti.
1295 1588 1471 1632 liquidum
1497 1599 1533 1623 et
1558 1604 1587 1624 c.
1613 1594 1713 1627 Rom.

199 1631 266 1652 nec
300 1622 444 1655 Dorvill.
495 1624 579 1666 (vid.
614 1627 655 1666 Q.
693 1628 733 1658 V.
769 1628 925 1667 XXXII,
961 1630 994 1664 5.
1036 1632 1131 1672 list.)
1225 1634 1294 1667 219
1329 1635 1509 1668 volentem
1542 1639 1712 1673 Montalb.

198 1666 253 1698 ire
277 1668 455 1701 volentem
480 1672 599 1714 Sprot.
647 1672 848 1716 Elegantem
875 1687 970 1708 usum
996 1678 1095 1709 verbi
1118 1677 1271 1712 illustrat
1296 1680 1415 1713 Heius.
1443 1682 1477 1715 h.
1501 1683 1524 1716 l.
1552 1687 1642 1718 cons,
1667 1687 1712 1719 ad

197 1713 227 1744 11
249 1714 458 1758 Georg..4l.
507 1719 582 1751 Nec
606 1718 675 1751 hoc
698 1726 816 1752 tamen
839 1720 918 1754 loco
945 1722 1093 1756 alienum
1118 1725 1258 1759 volare.
1286 1726 1402 1770 (immo
1428 1739 1572 1771 prorsus
1598 1732 1712 1767 aliena

197 1771 216 1791 a
240 1768 362 1794 nostro
389 1761 467 1795 loco
495 1772 572 1796 sunt
597 1765 755 1809 exempla
780 1768 822 1799 ab
850 1768 994 1801 Heinsio
1021 1771 1181 1804 co¹lecta.
1215 1773 1310 1816 lVr.)

196 1807 309 1840 variat
334 1808 506 1854 scriptura
530 1811 565 1842 in
590 1812 678 1844 Pier.
706 1819 741 1844 et
763 1815 882 1847 Heius.
932 1817 969 1849 in
996 1817 1096 1850 abest
1121 1831 1140 1851 a
1166 1819 1292 1852 Medic.

195 1853 295 1886 multi
329 1856 420 1900 apud
455 1858 584 1898 Burm.‚
618 1858 756 1892 vitiose.

194 1911 238 1932 m.
268 1913 322 1945 pr.

194 1945 341 1981 Dorvill.
390 1960 500 1995 super
522 1952 601 1996 ipso
626 1960 682 1984 est
705 1953 826 1986 Franc.

194 1995 331 2039 ctisqae
353 1995 458 2029 Goth.
484 2003 566 2029 tert.
587 2010 664 2031 cum
687 1999 747 2033 alt.
770 2001 914 2035 Mentel.

193 2110 259 2147 Sic
288 2117 328 2148 et
356 2127 501 2151 verrere
530 2127 699 2165 aequor,
740 2122 787 2153 ut
817 2116 918 2155 bene

194 2167 380 2206 observat
397 2170 554 2209 Ernesti
575 2172 627 2209 ad
645 2176 808 2210 Sueton.
826 2174 917 2213 Ner.

193 2225 259 2265 48.
309 2225 517 2277 Vulgarius
545 2244 701 2276 secare;
754 2231 828 2268 nisi
856 2232 916 2269 al-

192 2287 325 2320 terum
355 2284 455 2323 illud
481 2298 565 2323 earn
588 2287 670 2324 vim
698 2286 839 2337 habet,
871 2295 917 2327 ut

191 2340 304 2388 quasi
334 2342 432 2379 aeris
463 2342 592 2393 aliqua
623 2345 829 2395 superficie
857 2346 915 2384 le-

191 2396 296 2435 viter
330 2404 491 2437 tantum
535 2403 746 2451 perstricta
785 2403 918 2442 inces-

190 2467 277 2492 sum
299 2455 472 2495 denotet.
529 2459 752 2497 Paullulum
778 2461 915 2499 diver—

189 2524 255 2550 sus
276 2519 335 2551 est
364 2515 639 2554 columbarum
662 2525 794 2556 motus
823 2520 913 2569 pla-

189 2569 300 2607 cidus
324 2577 362 2608 et
383 2572 481 2610 lenis
510 2587 698 2625 suspenso
721 2577 848 2626 gradu
870 2578 910 2615 in

187 2625 362 2666 incessu:
401 2643 480 2679 quo
513 2631 712 2670 Homerus
743 2634 908 2673 dearum

188 2683 380 2722 incessum
404 2688 598 2727 declarari
617 2704 729 2741 posse
750 2693 909 2742 putavit

188 2740 296 2778 Iliad.
329 2757 356 2791 ε,
390 2747 484 2785 778.
545 2747 597 2785 At
624 2747 688 2785 hie
720 2750 908 2799 aequabi—

186 2796 262 2834 lem
298 2805 337 2836 et
367 2800 535 2840 liberum
576 2811 616 2842 et
648 2808 907 2856 tranquillum

185 2856 297 2893 navis
322 2870 481 2896 cursum
500 2874 571 2911 per
591 2869 773 2913 apertum
800 2877 908 2902 mare

185 2913 333 2963 egregie
351 2925 633 2966 repraesentat.
655 2920 908 2972 Accipitrem,

1419 1777 1490 1811 220
1512 1781 1563 1810 At
1595 1786 1631 1811 et
1657 1784 1711 1812 Ac

1387 1821 1453 1856 221
1497 1832 1533 1856 ec
1554 1823 1711 1868 frustra

851 1863 920 1896 222
950 1865 1141 1897 Auxilium
1176 1866 1289 1909 Bigot.
1349 1867 1540 1902 incurrere
1564 1872 1654 1905 Gud.
1690 1886 1709 1906 a

417 1903 485 1937 224
509 1904 644 1937 cedunt
667 1909 785 1949 Sprot.
811 1919 830 1939 a
854 1920 898 1941 m.
925 1921 992 1942 sec.
1042 1920 1097 1943 esc
1122 1912 1222 1944 deest
1254 1913 1364 1946 Wall.

908 1957 979 1992 226
998 1965 1105 2003 petat
1129 1958 1220 1992 alter
1243 1960 1434 2006 Hamburg.

1459 1917 1528 1951 225
1554 1930 1710 1964 namque

1519 1965 1588 2000 227
1613 1978 1706 1998 cun-

977 2120 1143 2172 κίρκον,
1178 2135 1254 2172 pro
1283 2124 1467 2161 columba
1503 2125 1546 2163 in
1587 2127 1704 2166 simili

975 2179 1158 2229 exemplo
1204 2179 1386 2220 laudavit
1432 2182 1616 2233 Apollon.
1652 2185 1701 2233 ΙΙ,

975 2237 1058 2275 932
1074 2258 1126 2264 -
1139 2237 1234 2278 935.

1031 2295 1114 2333 218
1128 2315 1181 2321 -·
1194 2296 1291 2335 228.
1346 2295 1490 2334 ultima
1524 2310 1699 2349 aequora

977 2349 1083 2386 circa
1119 2357 1280 2389 metam.
1341 2349 1475 2403 (alto
1521 2357 1698 2405 scopulo,

975 2405 1076 2444 nihil
1110 2408 1240 2456 aliud,
1292 2422 1413 2458 quam
1443 2424 1539 2449 saxa
1575 2426 1698 2463 pro—

975 2467 1256 2503 currentia
1289 2480 1345 2504 vs.
1372 2468 1488 2518 2043
1529 2470 1696 2508 vid.1a-

972 2521 1059 2561 cob.
1075 2524 1287 2574 Distluisil.
1305 2524 1524 2573 Virgilian.
1540 2527 1647 2565 Part.
1667 2528 1694 2566 I.

967 2592 1006 2631 p.
1030 2583 1066 2620 6.
1090 2580 1207 2634 llfr.)
1250 2581 1430 2619 brevibus
1445 2585 1574 2633 indis,
1594 2598 1694 2635 prc-

966 2637 1055 2687 pius
1084 2638 1134 2675 ad
1171 2639 1401 2689 scopulum:
1457 2641 1553 2682 204.
1589 2649 1636 2680 ut
1663 2643 1692 2692 Ι,

971 2698 1063 2735 111.
1101 2698 1198 2744 112,
1231 2697 1300 2734 ubi
1329 2696 1464 2735 brevia
1497 2708 1533 2735 et
1559 2710 1690 2748 synesi.

965 2751 1061 2789 Mox
1091 2754 1302 2791 ‹lis-centem
1322 2759 1378 2790 est
1407 2756 1689 2805 experientem,

966 2816 1190 2848 conantem.
1239 2810 1333 2853 224.
1351 2812 1453 2848 cedit
1466 2812 1504 2850 h.
1520 2827 1551 2851 e.
1570 2827 1689 2864 prae—

965 2866 1079 2903 teriri
1097 2880 1135 2903 se
1154 2869 1247 2906 sinit
1270 2868 1498 2918 Chimaera3
1534 2871 1689 2920 spolia-

965 2931 1008 2960 ta
1047 2928 1241 2975 magistro
1284 2925 1467 2964 Menoete
1499 2927 1540 2964 in
1579 2941 1688 2966 mare

1295 2994 1411 3039 48*
