1827 3436
494 234 1228 295 ADLIBRUMI
1515 234 1613 282 235

446 418 1040 487 EXCURsUs
1112 412 1279 469 Vlll

281 527 367 570 De
408 521 532 566 Iuli
581 515 921 577 cognomine
960 505 1214 552 Ascanio
1259 501 1457 545 inclito.

228 613 258 661 I,
289 611 388 651 267.
412 607 510 649 268.
569 604 627 641 At
657 614 763 652 puer
791 596 1022 639 Asc-anc'aS,
1062 591 1130 628 cai
1155 602 1260 625 nuno
1289 598 1507 635 cognomen
1541 582 1630 619 Iulo

112 671 313 717 Additur,
357 667 445 704 llus
475 670 584 710 erat,
627 660 725 697 (lum
752 671 810 694 res
845 655 949 692 stetit
980 651 1065 688 Ilia
1094 660 1233 697 regno.
1299 643 1359 681 Ab
1387 640 1474 678 Iulo
1514 639 1632 688 vulgo

116 732 240 770 ducta
269 739 363 779 gens
395 722 516 770 Iulia3
560 718 631 757 sed
672 717 711 755 h.
740 715 767 753 l.
807 713 928 751 etiam
959 720 1107 747 110111011
1147 702 1273 756 gentis
1303 700 1427 739 Iuliae
1461 698 1508 735 ab
1536 696 1635 744 Iulo,

115 787 352 840 cognomine
387 778 571 828 Ascanii,
604 775 828 815 derivatur.
889 772 1012 816 Sane,
1052 765 1145 803 licet
1170 762 1243 800 alia
1273 758 1451 811 gentium
1476 754 1639 794 nomina

119 848 242 886 ducta
273 844 354 882 fere
383 841 464 878 sint
494 852 516 875 a
550 831 900 889 praenominibus,
939 832 987 864 ut
1022 824 1070 862 ab
1101 821 1204 859 Aulo
1236 818 1395 865 Auliae,
1427 814 1475 852 ab
1505 813 1639 853 Marco

118 903 314 950 Marciae,
346 913 428 938 11011
453 903 588 935 tamen
608 892 816 932 nominum
836 884 1125 939 gentilitiorum
1149 877 1331 928 exempla
1353 875 1512 919 desunt,
1542 883 1642 921 quac

122 979 145 1002 a
186 957 491 1013 cognominibus
534 953 690 991 venisse
724 948 942 992 videntur,
983 947 1030 980 ut
1072 937 1212 977 Gentis
1240 934 1425 980 Flaviae,
1464 928 1643 971 Fulw'ao,

122 1021 320 1067 Rutiliae,
362 1017 410 1055 al.
458 1014 509 1051 cf.
537 1010 666 1050 Cerda
699 1007 751 1045 ad
781 1006 823 1044 11.
854 1005 880 1042 l.
940 1002 1021 1039 Iam
1056 1010 1179 1049 porro
1206 993 1287 1032 hoc
1322 1001 1538 1042 cognomen
1571 985 1646 1023 Iuli

125 1082 350 1120 formatum
387 1079 505 1127 poeta
533 1083 615 1108 esse
645 1067 736 1106 vult
769 1065 817 1102 ab
851 1063 908 1101 lli
936 1057 1120 1104 nomine,
1175 1051 1285 1104 quod
1314 1048 1533 1088 Troianum
1559 1043 1646 1091 fuit,

127 1145 169 1177 et
210 1150 290 1188 quo
317 1129 600 1172 Laomedontis
629 1132 743 1179 pater
774 1121 853 1161 suit
882 1117 1124 1170 appellatus,
1173 1110 1241 1148 sed
1276 1109 1432 1147 ratione
1449 1115 1650 1156 gramma-

128 1197 211 1236 tica
245 1195 363 1247 plane
406 1191 644 1240 refragante.
712 1183 863 1221 Verum
902 1178 944 1215 in
974 1169 1222 1226 etymologiis
1257 1181 1348 1205 cum
1392 1161 1535 1202 Graeci
1562 1167 1651 1198 tum

131 1252 305 1294 Romani
340 1248 515 1301 argutias
545 1245 781 1298 plerumque
812 1240 1000 1289 captant,
1043 1243 1125 1269 non
1162 1225 1354 1265 sermonis
1383 1222 1580 1261 rationem
1613 1223 1653 1254 et

134 1311 338 1363 analogiae
374 1307 588 1347 xeritatem
629 1303 868 1351 sequuntur.
936 1293 1017 1330 Nec
1051 1287 1180 1327 multo
1216 1282 1399 1322 subtilior
1440 1279 1565 1316 altera
1604 1288 1654 1312 ex

135 1371 225 1410 Iulii
261 1367 440 1406 Caesaris
479 1359 702 1401 Pontilical.
737 1356 805 1394 lib.
845 1353 882 1392 II
924 1357 964 1390 et
991 1351 1143 1387 Catone
1189 1344 1230 1381 111
1266 1341 1398 1391 Origg.
1436 1339 1656 1374 memorata

137 1426 400 1482 etymologia,
446 1428 492 1461 ut
524 1420 634 1459 Iulus
667 1432 687 1455 a
718 1416 833 1461 Iove,
866 1409 1012 1456 Iobus,
1046 1405 1180 1449 solus,
1214 1400 1351 1446 Iulus,
1394 1396 1561 1434 ductum
1591 1391 1656 1430 sit.

138 1503 178 1527 v.
217 1487 335 1525 Auct.
365 1483 414 1521 de
441 1480 549 1531 Orig.
581 1478 628 1515 G.
660 1477 778 1514 Rom.
809 1485 841 1508 e.
874 1468 939 1509 15.
1009 1464 1147 1503 Altera
1176 1459 1218 1497 111
1247 1458 1289 1496 11.
1321 1456 1348 1494 l.
1374 1451 1552 1505 quaestio
1590 1454 1658 1495 est,

141 1561 193 1584 an
221 1559 296 1598 pro
328 1539 515 1580 carminis
549 1534 648 1588 epici
679 1533 905 1574 maiestate,
950 1530 989 1561 et
1015 1524 1057 1561 in
1084 1517 1191 1558 Iovis
1222 1515 1427 1561 oratione,
1459 1521 1582 1559 eaque
1611 1505 1660 1543 ad

141 1606 360 1649 Venerem,
392 1600 546 1637 Aeneae
581 1598 771 1635 matrem,
796 1583 1035 1638 etymologia
1060 1578 1153 1617 talis
1180 1581 1288 1614 recte
1314 1573 1463 1610 inserta
1492 1579 1574 1604 esse
1596 1564 1663 1603 vi-

146 1662 232 1702 deri
281 1658 420 1712 possit.
487 1656 648 1693 Partem
687 1643 940 1687 difficultatis
990 1638 1095 1678 vidit
1135 1634 1355 1673 Britannus
1395 1629 1436 1666 in
1481 1622 1661 1663 Mis-cell.

153 1721 269 1759 Οὐδ-5.
304 1716 391 1756 vol.
431 1715 457 1752 1.
480 1727 519 1765 p.
555 1713 580 1753 5
618 1716 658 1747 et
689 1710 766 1754 82,
798 1703 992 1741 adversus
1032 1708 1151 1747 quem
1180 1698 1221 1729 et
1250 1690 1305 1729 ibi
1340 1685 1499 1725 doctiss.
1527 1681 1669 1719 Editor

149 1786 189 1817 et
210 1778 261 1816 ad
281 1776 320 1814 h.
342 1775 367 1813 l.
385 1774 643 1811 Burmannus
673 1766 904 1816 disputant,
936 1755 1068 1795 1105010
1100 1766 1150 1790 an
1174 1745 1382 1788 commode
1407 1742 1514 1782 satis.
1573 1739 1670 1776 Pot-

151 1843 211 1876 est
236 1834 399 1888 quidem
434 1827 595 1869 defendi
630 1830 749 1878 poeta
781 1821 998 1863 hactenus,
1035 1810 1145 1864 quod
1165 1809 1207 1847 in
1236 1802 1403 1856 Augusti
1432 1798 1601 1853 gratiam
1632 1800 1672 1831 et

153 1895 206 1934 ad
234 1893 449 1937 maiorem,
483 1900 602 1939 quam
633 1881 850 1937 populares
874 1877 935 1914 sui
962 1871 1057 1911 inde
1083 1879 1223 1919 capere
1242 1867 1449 1917 poterant,
1482 1857 1673 1907 volupta-

153 1961 258 2002 tem,
304 1950 424 1988 etiam
456 1951 617 1998 praeter
647 1935 905 1988 πιθανότητα
932 1938 972 1969 et
1002 1927 1286 1971 subtilitatem,
1318 1921 1498 1958 intexere
1525 1909 1676 1962 aliquid

156 2026 239 2052 non
273 2008 499 2055 dubitavit,
530 2007 664 2055 potest
692 2008 874 2048 quoque,
905 1989 1015 2042 quod
1035 1980 1332 2032 Eschenburgio
1354 1977 1399 2015 V.
1422 1977 1462 2013 C.
1485 1969 1678 2025 placuisse

158 2070 301 2118 video,
342 2066 495 2118 Iupiter
526 2059 657 2100 videri
683 2054 828 2095 Veneri
856 2049 1031 2090 voluisse
1053 2043 1192 2084 hocin
1217 2035 1450 2078 memoriam
1476 2038 1678 2070 revocare.

160 2129 242 2168 Nec
277 2133 413 2165 tamen
443 2122 575 2160 minus
600 2118 657 2155 ita
686 2116 858 2153 alterum
890 2119 1053 2147 versum
1086 2103 1134 2140 ab
1162 2100 1288 2137 aliena
1323 2106 1445 2132 manu
1476 2096 1681 2126 accessisse

163 2186 357 2238 suspicor,
390 2182 472 2220 sive
498 2184 646 2224 totum,
674 2174 757 2211 sive
779 2174 870 2222 post
888 2165 1085 2208 Additur,
1128 2172 1219 2196 cum
1242 2170 1264 2192 a
1282 2159 1399 2206 poeta
1428 2148 1578 2186 scilicet
1604 2143 1682 2180 1111-

166 2246 368 2299 perfectus
401 2245 502 2277 esset
527 2236 702 2275 relictus.
762 2229 861 2268 Nam
892 2218 1176 2274 interpretatio
1196 2215 1292 2252 ista:
1332 2211 1419 2248 llas
1446 2212 1553 2251 erctl,
1588 2201 1681 2238 alum

167 2319 227 2342 res
250 2304 357 2340 stetit
383 2300 466 2337 Ilia
486 2308 634 2346 regno,
669 2303 741 2342 per
765 2300 804 2325 se
824 2286 981 2334 inepta,
1012 2277 1138 2316 multo
1169 2279 1289 2310 etiam
1320 2265 1439 2317 magis
1460 2277 1481 2300 a
1500 2263 1589 2300 loco
1607 2256 1686 2295 hoc

170 2362 298 2401 aliena
337 2364 408 2397 est.
475 2355 579 2392 Tum
620 2364 671 2387 an
713 2358 835 2397 regno
866 2340 962 2379 satis
1000 2336 1123 2375 latine
1164 2330 1366 2368 adiectum
1406 2322 1480 2369 sit,
1535 2315 1688 2357 nescio:

171 2422 270 2459 dum
302 2431 404 2468 resp.
433 2412 629 2458 Troiana,
660 2417 827 2456 regnum
849 2398 1092 2441 Troianum,
1136 2388 1269 2434 stetit,
1313 2379 1495 2426 duravit,
1536 2372 1690 2425 regno?

172 2478 249 2517 nisi
280 2482 399 2529 putes
432 2468 592 2509 defendi
620 2477 733 2518 posse
768 2475 817 2499 ex
848 2458 916 2496 lib.
951 2454 997 2502 ΙΙ,
1030 2454 1054 2493 8
1087 2451 1202 2487 Dum
1229 2442 1361 2482 stabat
1390 2450 1512 2488 regno
1536 2432 1691 2471 incolu-

175 2539 250 2574 mis
280 2530 535 2573 Palamedes:
566 2525 635 2565 ubi
663 2523 816 2561 dictum
847 2523 982 2554 tamen
1011 2521 1092 2547 esse
1120 2507 1286 2558 apparet
1313 2496 1470 2551 poetico
1502 2505 1580 2530 usu
1605 2501 1692 2541 pro,

176 2597 273 2634 (lum
308 2603 477 2642 regnum
509 2588 592 2624 eius
623 2580 755 2619 stabat
788 2574 985 2615 incolume
1014 2568 1057 2608 h.
1090 2578 1122 2602 0.
1157 2562 1239 2600 01115
1269 2556 1375 2607 regia
1410 2550 1580 2603 dignitas
1610 2550 1695 2583 erat

177 2653 288 2691 salva
337 2657 377 2688 et
417 2648 581 2685 intacta.
659 2641 775 2677 Certe
827 2630 975 2672 iudicio
1023 2621 1193 2663 acutiori
1248 2628 1392 2669 parum
1438 2623 1477 2647 50
1527 2605 1698 2659 probare

180 2716 314 2764 potest
339 2719 480 2747 versus
508 2710 592 2741 tam
622 2699 792 2738 ieiunus.
852 2692 907 2728 De
926 2684 1103 2725 Ascanio
1134 2693 1173 2718 v.
1201 2678 1296 2714 Exc.
1329 2669 1442 2709 XVII
1469 2666 1519 2704 ad
1554 2663 1619 2701 lib.
1650 2659 1698 2698 ll.
