1811 3388
480 203 603 250 AD
676 202 1104 253 LIBRUM
1176 206 1255 254 VI
1497 212 1626 259 1033

122 333 201 372 123
225 342 322 381 sqq„
353 335 445 381 post
464 329 592 368 trinas
612 329 867 382 migrationes
887 344 997 382 eum,
1029 333 1096 382 qui
1120 333 1224 371 iuste
1255 333 1423 383 vixerit,
1468 334 1510 372 in
1530 334 1628 386 Ely-

118 388 218 426 sium
240 388 472 439 pervenire3
503 393 594 435 aut,
625 395 673 425 ut
700 388 743 426 in
770 389 990 440 fragmento
1022 390 1128 441 apud
1148 391 1247 429 Plat.
1267 391 1309 429 in
1327 391 1496 429 Menone
1516 393 1561 432 T.
1580 391 1628 443 ΙΙ,

118 459 156 498 p.
179 448 229 487 81
259 446 363 497 Opp.
393 450 472 493 est,
516 445 623 483 inter
643 445 783 484 heroes
812 448 972 497 referri;
1015 448 1123 498 quod
1154 449 1260 486 idem
1282 448 1540 500 Empedocles
1565 463 1629 488 se-

120 509 270 554 quutus
305 508 414 552 erat,
443 508 491 540 ut
521 516 571 541 ex
592 503 674 541 eius
698 505 920 557 fragmento
950 506 1187 558 intelligitur
1216 520 1278 559 ap.
1307 507 1495 546 Clement.
1515 507 1629 547 Alex.

119 562 268 600 Strom.
288 560 355 611 IV,
385 573 424 612 p.
447 562 528 603 633
551 561 682 601 Oxon.

237 675 384 714 Totum
411 674 522 713 hunc
548 676 682 715 locum
712 691 795 716 non
820 683 903 716 tam
933 689 983 715 ex
1009 676 1255 730 philosophis
1279 691 1398 729 quam
1419 690 1469 715 ex
1489 677 1629 729 vulga-

120 733 232 771 ribus
261 733 516 785 opinionibus
545 747 625 772 esse
666 735 970 784 concinnatum,
1013 736 1280 774 contendebat
1309 735 1551 774 Moshemius
1579 735 1631 774 ad

123 790 362 829 Cudwoith.
392 805 430 842 p
459 792 568 834 1043
597 790 639 843 β’.
667 795 707 834 9.
767 793 873 831 Illud
909 792 1069 843 quidem
1105 793 1201 831 satis
1234 794 1385 844 liquere
1417 799 1539 845 puto,
1579 806 1631 831 ex

121 849 278 900 vulgari
297 849 565 887 vetustiorum
590 849 808 902 theologia,
841 851 889 888 ab
908 851 1129 902 Aeffyptiis,
1158 857 1206 889 ut
1222 865 1270 903 pl
1274 851 1426 889 obabile
1445 850 1512 902 fit,
1542 850 1631 902 pri—

121 921 186 944 mo
216 907 365 958 petita,
408 912 448 944 et
475 921 521 958 5)
524 907 712 956 mbolice,
756 915 804 946 ut
831 910 962 960 piisco
991 922 1088 947 aevo
1118 909 1205 947 fieri
1236 922 1393 947 necesse
1417 914 1523 957 erat,
1555 921 1630 946 ex-

122 977 277 1016 pressa,
307 962 667 1015 Pythagoricorum
696 966 1070 1017 Platonicorumque
1088 979 1170 1004 non
1192 967 1321 1005 minus
1340 980 1459 1017 quam
1478 971 1630 1016 myste—

122 1023 279 1061 riorum
303 1021 598 1061 Eleusiniorum
628 1023 775 1075 placita
801 1024 850 1062 de
877 1024 1012 1062 inseris
1032 1037 1113 1062 esse
1133 1024 1273 1074 ducta,
1309 1037 1384 1062 nec
1403 1030 1538 1061 tamen
1561 1023 1630 1060 in·-

125 1080 270 1132 telligo,
302 1080 505 1131 quomodo
528 1081 637 1118 mille
659 1083 760 1118 anni
779 1088 818 1119 et
838 1082 964 1119 Lethe
979 1091 1080 1133 pola
1101 1082 1207 1119 inter
1232 1082 1339 1133 vulgi
1371 1080 1533 1132 mythos
1561 1093 1630 1118 re-

123 1139 218 1177 ferri
245 1138 420 1190 possint,
461 1151 563 1189 quae
598 1139 760 1189 quidem
790 1140 997 1178 manifeste
1035 1145 1130 1177 sunt
1157 1139 1361 1177 Platonica
1393 1143 1628 1176 commenta.

126 1196 204 1234 Sed
226 1196 389 1234 omnino
409 1195 472 1235 vir
496 1196 561 1234 ille
580 1210 779 1245 summus,
812 1198 852 1234 in
874 1197 1086 1235 subtilibus
1114 1197 1410 1248 quaestionibus
1431 1195 1630 1234 solvendis

124 1254 414 1305 sagacissinmS,
444 1260 656 1306 poetarum
674 1254 872 1305 interpres
902 1260 987 1293 erat
1006 1269 1145 1306 parum
1171 1255 1360 1303 idoneus,
1399 1259 1446 1291 ut
1466 1266 1515 1290 ex
1542 1258 1631 1290 tota

124 1312 190 1349 illa
212 1312 483 1363 disputatione
511 1312 726 1350 Homerica
752 1312 846 1350 satis
883 1313 1096 1363 intelligas3
1134 1312 1229 1350 item
1259 1313 1300 1350 in
1329 1311 1557 1362 quaestione
1582 1309 1630 1347 de

125 1370 378 1421 stigmatibus
401 1370 626 1408 animorum
645 1369 703 1424 (v.
720 1370 812 1408 Not.
832 1370 882 1408 ad
898 1384 936 1409 v.
957 1372 1038 1412 735
1052 1368 1232 1422 —739).
1270 1369 1358 1406 Hoc
1377 1369 1449 1406 sibi
1468 1367 1630 1406 omnino

124 1440 357 1479 peisuasum
390 1427 587 1475 habeant,
623 1441 780 1466 neeesse
806 1434 883 1477 est,
934 1428 1173 1466 vetusti01es
1201 1426 1472 1478 philosophiae
1500 1425 1631 1462 inter-

125 1491 268 1542 pretes‚
296 1485 383 1523 fieri
412 1486 529 1536 plane
556 1499 637 1524 non
658 1499 784 1537 posse,
814 1493 860 1524 ut
888 1487 1099 1537 quicquam
1130 1499 1178 1536 pl
1182 1485 1342 1522 oficiant
1371 1485 1413 1521 in
1437 1482 1632 1533 antiquis*

126 1544 318 1582 simorum
338 1549 377 1581 et
394 1556 557 1594 eorum,
589 1543 658 1594 qui
688 1556 753 1580 eos
783 1550 1027 1608 sequuntur,
1074 1541 1406 1594 pliilosophmum
1437 1539 1632 1590 dogmati-

125 1602 200 1639 bus
230 1601 495 1652 intelligendis
527 1607 567 1638 et
591 1601 798 1649 eluendis,
829 1602 903 1639 nisi
930 1602 1013 1640 vim
1043 1607 1084 1638 et
1103 1601 1301 1638 lationem
1332 1599 1528 1650 poeticam
1557 1610 1632 1634 an-

126 1658 409 1709 tiquissimam,
439 1658 618 1711 mythica
645 1664 684 1697 et
717 1659 932 1711 symbolica
969 1672 1126 1707 eorum,
1170 1671 1270 1708 quae
1301 1658 1633 1707 excogitaverant,

128 1717 179 1754 ad
218 1730 377 1755 sensum
416 1717 664 1768 expositione
693 1723 733 1754 et
773 1720 1136 1768 repraesentatione
1176 1716 1308 1753 omnia
1350 1713 1633 1760 enuntiantem,

126 1775 360 1813 familiarem
383 1775 456 1812 sibi
477 1774 743 1812 reddiderint.
785 1776 885 1812 Cum
907 1787 950 1811 ea
970 1780 1098 1812 aetate
1119 1773 1310 1810 sermonis
1330 1771 1510 1810 nondum
1535 1774 1636 1806 esset

127 1833 326 1871 subtilitas
352 1845 408 1881 ea,
427 1837 476 1870 ut
494 1832 658 1883 proprie
673 1832 811 1869 efferre
827 1838 989 1883 possent
1006 1845 1069 1869 res
1090 1831 1366 1881 intelligibiles,
1388 1837 1513 1879 utque
1536 1826 1634 1864 adeo

127 1904 177 1929 ne
195 1891 416 1942 cogitarent
435 1889 598 1940 quidem
625 1890 707 1927 sine
729 1890 946 1941 symbolica
967 1890 1096 1940 aliqua
1124 1888 1508 1939 repraesentatione,
1548 1883 1636 1922 fieri

128 1949 242 1986 aliter
282 1961 363 1985 non
402 1953 580 1998 poterat,
630 1961 748 1997 quam
772 1954 818 1985 ut
853 1947 1039 1998 mythicis
1070 1946 1308 1993 involucris,
1350 1958 1431 1982 non
1462 1955 1635 1980 arc-anae

129 2006 328 2044 doctrmae
346 2006 498 2053 studio,
535 2005 645 2054 quod
665 2018 813 2042 vanum
837 2010 896 2041 est
925 2004 1107 2052 credere,
1148 2003 1216 2040 sed
1237 2001 1469 2040 necessitate
1495 1998 1633 2046 coacti,

128 2061 475 2115 philosophemata
504 2075 574 2099 sua
605 2062 878 2099 obscuiaient.
948 2061 1098 2098 Habuit
1130 2061 1310 2111 profecto
1341 2071 1385 2095 ea
1419 2070 1481 2096 165
1507 2056 1635 2108 pluri-

129 2134 239 2159 mum
264 2120 468 2158 molestiae
489 2126 529 2156 et
549 2119 816 2157 incommodi·
807 2149 817 2169 ,
860 2132 977 2156 accui
981 2125 1041 2155 ate
1061 2118 1175 2166 satis,
1207 2117 1406 2154 subtiliter
1417 2145 1426 2163 ,
1472 2120 1509 2151 et
1531 2113 1632 2150 defi-

130 2179 212 2216 nite
235 2179 368 2229 potuit
386 2178 457 2216 vix
476 2177 580 2214 tradi
600 2178 830 2227 quicquain,
861 2189 1018 2225 velum,
1052 2176 1083 2212 si
1113 2175 1163 2212 ad
1196 2174 1475 2224 intelligentiae
1504 2170 1634 2208 subti-

130 2237 284 2275 litatem
301 2249 443 2287 parum
461 2235 759 2272 accommodata
781 2234 857 2271 suit
878 2234 944 2271 illa
963 2233 1087 2281 ratio,
1118 2238 1231 2270 tanto
1256 2231 1459 2283 potentim
1480 2235 1519 2265 et
1548 2228 1634 2265 esli-

131 2294 262 2333 cacior
281 2307 324 2331 ea
349 2307 391 2331 61
395 2292 548 2330 edenda
568 2299 627 2330 est
649 2292 766 2330 fuisse
790 2292 841 2330 ad
859 2292 1009 2329 animos
1026 2304 1119 2329 mox
1123 2290 1258 2337 endos,
1288 2289 1338 2326 ad
1358 2288 1635 2339 phantasmata

136 2351 337 2403 praeclara
356 2350 556 2388 mentibus
578 2350 812 2395 obiicienda,
853 2349 904 2386 ad
922 2349 1148 2387 xoluntates
1166 2346 1357 2384 tenendas
1379 2351 1418 2382 et
1440 2344 1636 2382 inclinan-

132 2409 221 2458 das,
253 2409 431 2458 adeoque
455 2408 505 2445 ad
527 2408 741 2445 imbuenda
766 2407 963 2456 ieligionis
984 2412 1022 2443 et
1040 2406 1197 2457 pietatis
1224 2417 1340 2442 sensu
1361 2408 1535 2454 pectora.
1577 2401 1636 2438 [ta

132 2467 236 2504 enim
271 2471 554 2517 attempeiatae
589 2471 684 2503 sunt
721 2465 769 2502 ab
801 2470 961 2501 aeterna
992 2470 1032 2501 et
1060 2476 1213 2502 summa
1241 2461 1372 2499 Mente
1396 2473 1480 2507 les,
1520 2464 1566 2496 ut
1594 2458 1635 2496 in

133 2524 240 2562 omni
262 2530 390 2561 aetate
413 2529 452 2560 et
473 2523 623 2574 geneiis
643 2522 807 2560 humani
827 2522 1074 2569 conditione,
1105 2520 1186 2558 sive
1206 2519 1320 2557 ludis
1344 2524 1450 2556 aetas
1475 2517 1536 2561 sit,
1568 2528 1637 2553 seu

134 2582 254 2633 magis
276 2581 475 2632 magisque
495 2581 692 2631 expolita,
733 2579 930 2631 praesidia
956 2579 997 2615 in
1018 2583 1181 2629 piomtu
1202 2577 1283 2614 sint
1309 2576 1359 2614 ad
1387 2581 1494 2614 lecte
1513 2573 1637 2612 felici-

134 2646 276 2689 teique
298 2638 516 2689 agendum,
548 2638 667 2676 modo
689 2651 709 2674 a
729 2637 812 2674 5010
840 2636 1017 2687 corp01is
1042 2635 1240 2684 animique
1264 2647 1402 2682 sensu,
1443 2632 1562 2671 niodo
1588 2630 1635 2667 ab

133 2696 379 2747 intelligendi
409 2696 560 2734 acriore
582 2701 622 2733 et
643 2695 848 2733 subtiliore
873 2694 934 2743 vi,
971 2707 991 2730 a
1008 2705 1145 2731 rerum
1166 2692 1385 2730 multarum
1404 2704 1500 2738 cogi.
1505 2690 1635 2736 itione,

136 2754 184 2791 ab
222 2755 375 2791 altibus
408 2760 446 2791 et
479 2753 671 2801 scientiis,
723 2753 925 2803 piosecta3
963 2757 1087 2800 utque
1124 2763 1213 2787 cuni
1239 2749 1329 2786 his
1320 2749 1412 2800 ipsis
1439 2748 1636 2785 bonoium

134 2810 411 2860 malorumque
430 2825 534 2849 nova
559 2823 700 2861 genera
723 2809 957 2856 succ-edamur:
988 2808 1132 2857 quibus
1162 2807 1281 2844 animi
1300 2813 1337 2843 ct
1368 2818 1535 2855 cor'pola
1563 2815 1636 2839 ex-

135 2875 357 2907 erceantui.
431 2868 502 2906 Illa
530 2875 665 2906 tamen
693 2867 918 2917 antiquima
945 2838 1286 2917 philosophemata
1327 2863 1504 2914 accipere
1538 2859 1638 2898 velle

134 2925 296 2978 proprie
320 2931 357 2963 et
375 2925 574 2964 subtiliter
602 2932 643 2964 et
667 2925 717 2964 ad
735 2924 928 2977 sequioris
957 2923 1144 2962 Graeciae
1163 2936 1302 2972 usum,
1339 2922 1442 2960 torte
1467 2918 1565 2958 adeo
1587 2916 1639 2955 ad
