1827 3436
445 247 859 304 AENEmos
897 247 1039 296 LIB.
1078 245 1144 308 11,
1184 245 1481 295 533—550

1626 247 1725 296 343

211 384 349 434 Talis
374 383 428 430 in
452 380 608 428 hoste
634 375 736 426 suit
760 374 999 432 Prian103
1033 369 1130 420 sed
1157 370 1270 419 iura
1296 367 1576 434 fidemque

211 451 476 519 Supplicis
499 447 735 509 erubuit,
775 458 1080 510 corpusque
1106 454 1368 504 exsangue
1391 438 1638 504 sepulcro

207 520 467 575 Reddidit
482 522 840 579 Hectoreum,
877 528 1079 579 meque
1110 511 1164 559 in
1186 526 1309 559 mea
1327 524 1492 574 regna
1513 508 1728 559 remisit.

212 594 295 643 Sic
322 590 459 640 fatus
485 588 688 649 senior,
725 586 1007 650 telumque
1029 580 1231 631 inbelle
1254 580 1367 629 sine
1388 580 1495 628 ictu

211 662 478 721 Coniecit3
512 674 673 708 rauco
697 655 847 724 quod
869 654 1114 721 protinus
1140 667 1263 701 aere
1284 648 1581 716 repulsum,
1630 649 1731 698 545

209 736 276 784 Et
298 747 513 781 summo
536 729 691 795 clipei
719 725 1090 792 nequidquam
1112 721 1356 771 umbone
1377 717 1652 786 pependit.

212 803 310 854 Cui
331 800 588 866 Pyrrhus:
624 797 852 849 Reseres
875 811 1002 859 ergo
1023 792 1156 842 haec
1172 833 1184 857 ‚
1225 799 1278 842 et
1294 790 1512 840 nuntius
1539 787 1638 837 ibis

210 872 426 923 Pelidae
453 870 698 935 genitori.

772 866 857 917 Illi
879 882 1000 914 mea
1026 863 1191 912 tristia
1214 861 1366 924 facta,

210 947 665 1007 Degeneremque
683 936 1113 1003 Neoptolemum
1136 948 1352 982 narrare
1377 936 1674 980 memento,

211 1017 365 1063 Nunc
414 1027 645 1061 morere.

308 1199 379 1236 542
404 1197 569 1232 exhibuit
589 1195 705 1240 Bigot.

213 1247 296 1329 ῗὲἓς
310 1248 459 1280 recessit
478 1244 640 1279 Parrbas.
671 1275 673 1277 ,

726 1010 844 1056 Hoc
887 992 1092 1067 dicem,
1140 1002 1319 1053 altaria
1370 1000 1436 1050 ad
1476 1000 1586 1065 ipsa
1628 1006 1734 1045 tre-

998 1082 1245 1124 mentem

1633 1069 1735 1118 550

755 1208 824 1241 que
842 1195 944 1227 abest
964 1206 983 1226 a
1001 1191 1177 1225 nonnullis
1196 1189 1313 1230 Pierii,
1349 1188 1470 1222 Heius.
1499 1194 1533 1220 et
1553 1187 1736 1218 Burmann.

735 1242 806 1278 544
822 1241 935 1287 satin
954 1240 1066 1284 Bigot.
1094 1245 1130 1271 et
1150 1237 1251 1271 Leid.
1270 1247 1326 1269 un.
1376 1236 1443 1270 545
1470 1234 1630 1267 Proiecit
1649 1233 1735 1265 Par—

358 1293 454 1338 quod
480 1292 667 1326 admodum
695 1301 732 1321 se
761 1287 991 1329 commendat,
1027 1293 1065 1319 ut
1094 1286 1163 1318 hoc
1193 1285 1301 1317 verbo
1334 1282 1470 1315 irritum
1498 1281 1601 1313 ictum
1623 1285 1736 1318 notet,

214 1342 269 1376 vel
286 1344 481 1374 Burmanno
510 1338 635 1371 iudice.
673 1336 781 1381 (nulla
809 1342 863 1369 est
891 1334 992 1367 huius
1023 1332 1154 1368 codicis
1179 1330 1394 1372 auctoritas,
1428 1341 1492 1360 nec
1510 1327 1597 1360 ferri
1617 1331 1738 1370 potest

212 1389 368 1436 proiecit
387 1387 432 1420 ob
453 1398 504 1427 ea,
532 1397 621 1430 quae
647 1391 849 1427 sequuntur:
886 1394 998 1414 rauco
1028 1380 1126 1426 quod
1148 1392 1209 1425 pr.
1240 1390 1273 1411 α.
1302 1376 1500 1424 repulsum.
1532 1374 1626 1418 lVr.)
1676 1385 1737 1405 re-

212 1436 363 1482 pulsum
385 1443 441 1467 esc
460 1434 580 1477 Puget.
601 1431 763 1464 Parrhas.
785 1436 820 1462 et
852 1429 905 1462 ed.
927 1429 1016 1462 Ven.
1041 1439 1117 1461 cum
1144 1425 1254 1459 Goth.
1283 1430 1367 1456 tert.
1417 1421 1601 1468 sepultum
1623 1426 1658 1453 et
1676 1431 1737 1452 se—

214 1483 358 1529 pultum
378 1489 433 1514 est
454 1492 472 1513 e
491 1479 562 1512 suis
592 1478 695 1511 codd.
724 1477 845 1510 laudat
867 1474 1001 1508 Pierius
1016 1500 1024 1516 ‚
1051 1474 1144 1507 unde
1166 1471 1326 1505 Gifanius
1358 1469 1513 1503 faciebat
1543 1467 1738 1514 repastum,

217 1529 360 1573 antique
389 1539 454 1571 pro
477 1525 682 1572 repulsam3
709 1524 811 1565 male,
829 1536 860 1556 v.
877 1524 1062 1555 Burmann.

217 1577 298 1609 dum
319 1576 395 1620 ipse
418 1574 616 1606 malueram.
667 1580 703 1604 ec
725 1583 796 1604 non
815 1570 901 1603 citat
921 1571 1041 1602 Lutat.
1064 1567 1109 1600 ad
1135 1570 1220 1600 Stat.
1244 1567 1258 1598 I
1281 1565 1396 1598 Theb.
1423 1563 1503 1598 377.

1134 1518 1204 1556 546
1227 1522 1259 1552 Ε
1278 1530 1413 1551 summo
1431 1515 1592 1556 Vratisl.,
1610 1521 1648 1547 ut
1669 1513 1738 1546 du-

1549 1564 1619 1607 (Ex
1637 1573 1738 1594 sum—

217 1636 272 1656 mo
295 1621 406 1655 edidit
429 1619 664 1657 Wakefield.;
698 1625 734 1651 et
756 1618 801 1651 ita
824 1617 900 1662 ipse
922 1616 1092 1660 scriptum
1113 1613 1250 1653 malim3
1287 1610 1431 1644 defendi
1455 1617 1570 1642 tamen
1599 1608 1740 1651 vulgata

216 1676 354 1715 potest,
383 1668 452 1701 vid.
473 1669 515 1708 Q.
538 1668 581 1700 V.
611 1666 694 1705 XV,
716 1667 749 1700 6.
797 1666 929 1698 Versus
950 1671 1063 1696 tamen
1082 1661 1260 1707 proximus
1280 1658 1373 1699 544.‚
1400 1670 1418 1691 a
1443 1656 1564 1689 Iahnio
1584 1656 1674 1688 hanc
1693 1654 1739 1687 ob

218 1729 353 1750 causam
383 1715 565 1755 laudatus,
598 1712 690 1745 nihil
720 1711 815 1745 valet
842 1711 887 1744 ad
916 1710 1083 1743 tuendam
1111 1708 1297 1752 vulgatam.
1337 1705 1430 1748 Wr.)

436 1761 504 1797 547
531 1763 617 1794 Cum
649 1761 690 1792 Ρ.
714 1758 838 1792 tertius
868 1759 996 1790 Moret.
1046 1765 1122 1789 tum
1150 1767 1219 1788 sec.
1254 1755 1384 1786 Moret.

216 1764 341 1797 Hamb.

1479 1703 1625 1749 repellit
1651 1701 1741 1734 alter

1479 1750 1548 1787 548
1572 1750 1648 1782 illic
1668 1751 1739 1781 Zu-

217 1811 313 1850 lich„
340 1816 376 1842 et
398 1808 522 1841 mirum
540 1814 677 1840 veteres
700 1807 758 1839 illi
784 1816 850 1850 pro
875 1802 1045 1838 adverbio
1076 1803 1111 1836 h.
1138 1802 1161 1835 l.
1192 1799 1382 1845 accepisse.
1431 1798 1487 1833 Sic
1518 1799 1674 1829 Donatus
1704 1802 1741 1827 et

217 1858 371 1892 Servius.
413 1855 505 1902 sata
525 1866 595 1888 sec.
618 1855 746 1886 Moret.
773 1855 892 1898 Sprot.
922 1858 957 1884 et
982 1852 1112 1883 Donat.
1140 1849 1184 1882 ad
1209 1849 1356 1882 Terent.
1385 1859 1440 1892 ap.
1473 1845 1594 1877 Heius.
1642 1843 1741 1875 clieta

218 1904 354 1938 Nonius
376 1903 408 1936 in
428 1904 547 1935 triste.
595 1901 665 1935 Sed
682 1913 714 1933 v.
738 1906 812 1932 not.

910 1899 979 1933 550
1002 1899 1083 1931 Hoc
1101 1896 1224 1929 Heius.
1246 1905 1419 1928 consensu
1437 1892 1609 1933 codicum,
1637 1889 1740 1923 etiam

218 1951 479 1990 Pierianorum3
505 1948 610 1993 vulgo
629 1949 729 1981 llaec.
756 1946 820 1993 (ita
841 1946 951 1980 Palat.
975 1952 1009 1979 et
1030 1946 1085 1980 11.
1108 1945 1162 1979 12.
1187 1943 1241 1977 13.
1271 1941 1368 1985 lVr.)

220 2046 342 2085 fidem
368 2045 417 2083 ab
436 2044 513 2082 alio
536 2043 577 2081 in
601 2055 640 2080 se
662 2042 845 2094 positam.
885 2054 949 2077 se-

213 2105 371 2156 pulcro,
404 2102 456 2140 ad
478 2101 740 2153 sepulturam.
799 2102 842 2137 in
859 2111 950 2135 mea

222 2175 375 2213 regna,
422 2161 466 2198 in
509 2161 668 2210 regiam.
748 2159 951 2207 Sequutus

223 2228 281 2257 est
299 2224 482 2256 nostrum
506 2218 654 2254 Seneca
668 2214 950 2256 Troad.1103.

281 2275 526 2318 544—-549-
578 2275 672 2311 Sine
699 2276 802 2322 icta,
843 2270 952 2321 quod

223 2335 372 2374 vulnus
396 2346 480 2371 non
502 2333 673 2380 faceret,
720 2344 802 2367 non
826 2341 952 2380 pene-

224 2398 371 2441 traret3
401 2390 470 2428 sed
485 2390 690 2441 perforato
717 2388 841 2435 corio,
873 2399 952 2436 quo

225 2456 387 2488 scutum
417 2454 505 2486 erat
542 2447 778 2494 inductum,
831 2442 953 2497 (nam

225 2522 342 2557 mox,
379 2506 584 2558 pependit)
617 2505 667 2543 ab
702 2516 793 2541 aere
824 2501 954 2540 resili-

225 2572 300 2604 ret.
355 2561 499 2615 κωφὸν
537 2562 653 2617 βέλος
692 2561 796 2600 dixit
834 2560 952 2598 Hom.

226 2623 338 2662 iliad.
359 2626 392 2671 λ,
424 2625 520 2664 390.
550 2634 674 2659 rauco
703 2634 805 2667 aere,
837 2630 954 2655 aereo

229 2682 374 2732 clipeo,
432 2679 501 2730 qui
541 2691 733 2730 percussu
771 2689 954 2724 raucum,

230 2737 417 2786 surdum,
457 2737 634 2774 sonitum
661 2735 804 2773 edebat
823 2756 881 2762 -
903 2739 955 2782 et,

230 2796 507 2846 nequicquam,
538 2794 622 2832 sine
638 2794 781 2831 effectu
801 2798 842 2830 et
860 2791 956 2829 vul-

231 2865 343 2890 nere:
384 2851 457 2888 etsi
475 2854 585 2890 Serv.
606 2865 676 2903 per
696 2866 795 2899 non,
826 2849 957 2887 inter—

232 2914 426 2959 pretatur.
510 2910 697 2959 pepemlit
747 2908 789 2945 in
843 2907 957 2957 clipei

234 2966 353 3017 pelle,
384 2971 431 3004 ut
456 2966 593 3006 Burm.
634 2964 754 3018 (Male
776 2963 956 3016 Servius)

1008 2053 1088 2091 qua
1126 2051 1190 2076 aes
1234 2035 1350 2089 clipei
1392 2034 1605 2072 inductum
1642 2036 1740 2069 erat.

1009 2098 1080 2135 Sin
1132 2109 1289 2134 aeream
1335 2092 1449 2145 clipei
1491 2089 1742 2143 superficiem

1008 2155 1130 2194 fuisse
1158 2153 1285 2202 malis,
1317 2150 1533 2190 dicendum
1563 2154 1633 2196 est,
1665 2146 1742 2184 ha-

1010 2219 1094 2252 stae
1132 2212 1257 2249 aciem
1295 2222 1358 2247 aes
1386 2214 1615 2260 penetrasse
1648 2204 1742 2255 qui-

1011 2271 1115 2319 dem,
1148 2269 1218 2307 sed
1234 2269 1389 2319 impetu
1411 2265 1619 2304 debilitato
1641 2261 1743 2300 hae-

1009 2329 1126 2376 sisse,
1176 2340 1251 2365 nec
1285 2323 1455 2363 ulterius
1494 2327 1741 2375 provectam.

1011 2388 1136 2437 Saepe
1157 2385 1206 2422 de
1231 2385 1316 2422 ictu
1340 2381 1490 2420 imbelli
1514 2381 1608 2419 talia
1633 2377 1743 2430 apud

1011 2444 1256 2491 Homerum,
1305 2455 1345 2479 v.
1376 2454 1408 2478 c,
1442 2439 1553 2479 Iliad.
1583 2454 1617 2492 y,
1658 2436 1742 2479 347

1013 2516 1098 2553 sqq.
1119 2507 1158 2538 et
1181 2501 1230 2539 de
1251 2499 1384 2537 Aenea
1403 2498 1573 2549 clipeum
1602 2493 1744 2533 Achil-

1011 2560 1059 2599 lis
1077 2559 1245 2598 feriente
1265 2557 1377 2596 Iliad.
1405 2572 1444 2606 v,
1476 2558 1559 2598 267
1582 2567 1639 2604 sq.
1670 2553 1743 2589 tri-

1012 2619 1091 2656 stia
1108 2617 1248 2666 sacta,
1278 2614 1428 2653 atrocia
1447 2612 1488 2653 h.
1511 2613 1536 2651 l.
1579 2613 1743 2663 (narra-

1013 2689 1053 2714 re
1078 2675 1392 2725 ZVeoplolemum
1411 2672 1645 2721 degenerem
1654 2698 1664 2716 ‚
1696 2672 1744 2704 ut

1014 2732 1124 2786 apud
1156 2732 1255 2771 Vell.
1276 2732 1430 2770 Patere.
1462 2729 1514 2777 ΙΙ,
1545 2730 1634 2769 29.;
1667 2723 1746 2761 Sed

1015 2792 1142 2841 operis
1163 2790 1304 2828 modu-s
1312 2789 1457 2839 paucis
1474 2785 1743 2824 eum—Pom·—

1012 2849 1221 2901 peium—
1239 2848 1399 2885 narrari
1430 2844 1546 2882 iubet.
1600 2837 1742 2890 chlt.)

1015 2906 1113 2944 Mox
1155 2906 1203 2944 de
1239 2917 1437 2942 sarcasmo
1478 2915 1528 2939 ex
1566 2900 1742 2937 Homero

1018 2963 1161 3003 ducto:
1209 2962 1374 3013 Reseres
1399 2974 1493 3011 ergo
1532 2958 1631 2995 haec
1669 2960 1743 2993 etc.
