1779 3420
118 237 222 284 216
508 229 1252 287 EXCURSUSI†

121 362 340 414 quaerique
380 360 507 411 adeo,
559 375 649 400 cum
689 361 785 399 satis
824 366 1049 407 constaret,
1088 360 1239 399 laesum
1276 372 1379 407 esse,
1422 372 1502 409 qua
1534 358 1575 397 111
1606 373 1651 398 re

120 422 273 460 laesum
304 420 446 470 fuerit,
485 435 586 472 quo,
629 433 709 471 qua
740 420 780 457 in
811 433 879 469 re,
919 421 1083 457 mimine
1122 420 1247 457 laeso.
1312 418 1400 456 1100
1430 431 1554 468 quam
1583 418 1652 456 in-

120 485 304 531 gratum,
344 484 384 516 et
414 478 592 531 pedestri
623 478 798 516 orationi
829 478 1019 530 propius,
1051 476 1124 526 sit,
1156 476 1286 515 sentio
1318 476 1526 527 equidem,
1568 490 1652 515 non

120 544 259 577 tamen
287 536 483 575 videntur
512 536 678 575 sensisse
711 536 792 575 viri
827 535 950 574 docti.
1008 534 1109 572 Nam
1141 541 1182 573 et
1211 534 1376 573 Servius
1409 534 1487 573 1100
1522 549 1653 587 appo—

122 596 204 635 suit
235 595 368 648 primo
407 595 520 634 loco:
563 593 722 647 (‚,quo,
756 594 800 632 in
838 607 940 644 quo,
970 592 1013 630 in
1044 605 1124 642 qua
1164 606 1326 642 caussa3
1356 598 1394 631 et
1429 600 1488 632 est
1525 594 1652 646 septi-

122 667 212 694 mus
244 667 377 702 casus,
409 659 450 691 et
483 653 706 691 communis
737 652 933 700 elocutio,
964 650 1133 688 dicimus
1162 652 1288 689 enim:
1319 666 1396 703 quo
1425 661 1461 690 le
1491 653 1648 690 laem’f‘

122 714 244 751 Recte
278 723 393 760 sane,
433 712 506 750 vix
541 718 673 749 tamen
705 711 807 748 bene
842 709 995 762 duplici
1035 707 1246 762 ablativo.)
1287 715 1327 746 et
1357 709 1566 757 Heinsius,
1597 711 1652 749 Io.

122 770 234 809 Frid.
277 769 486 808 Gronovio
518 769 633 807 Obss.
664 769 738 817 IV,
771 771 796 810 9
829 767 995 805 laudato
1026 773 1212 815 auctore,
1253 767 1464 818 probavit3
1495 768 1655 807 subiicit

128 836 265 868 tamen
296 840 439 880 „posse
478 833 519 865 et
548 826 783 879 simpliciter
823 826 932 879 capi,
973 831 1022 863 ut
1052 825 1158 863 infra
1194 824 1278 866 674
1318 840 1366 862 ne
1397 841 1475 878 quo
1506 842 1547 864 se
1574 842 1655 866 nu-

124 890 231 926 mine
270 888 446 924 mutet.“
482 898 584 936 quae
623 884 829 937 quomodo
870 898 962 922 Cum
1002 882 1065 921 1113
1106 883 1353 922 conveniant
1395 898 1478 922 non
1520 885 1654 924 video.

126 947 227 984 Nam
268 944 323 982 ibi
355 950 415 982 est
454 950 635 996 potestas
666 943 731 982 dei
760 944 802 981 111
834 942 1021 982 fraudem
1053 955 1188 981 versa:
1227 955 1276 979 110
1307 955 1386 993 quo
1420 942 1536 994 dolo,
1575 957 1654 995 qua

126 1003 270 1043 fraude
299 1001 468 1041 alicuius
499 1001 588 1052 dei,
619 1002 705 1040 eius
739 1015 850 1040 mens
879 1006 1077 1039 mutetur.

243 1062 337 1100 Post
375 1060 476 1099 haec
515 1060 650 1099 omnia
681 1059 855 1110 dixeris,
897 1073 991 1098 cum
1025 1059 1136 1098 nulla
1177 1059 1274 1097 satis
1306 1059 1518 1098 commoda
1548 1060 1655 1098 ratio

126 1119 424 1172 interpretandi
451 1125 659 1172 suppetat,
690 1118 739 1157 de
771 1118 1005 1170 corruptela
1038 1131 1120 1155 esse
1153 1117 1427 1169 cogitandum.
1484 1118 1656 1157 Videtur

125 1185 260 1217 tamen
290 1178 357 1216 illa
386 1177 431 1216 in
461 1177 633 1217 exordio
673 1184 759 1215 tam
790 1177 878 1215 noti
907 1191 954 1214 30
983 1175 1172 1215 celebrati
1202 1176 1390 1214 carminis
1419 1177 1491 1215 vix
1522 1177 1656 1215 locuni

126 1236 296 1287 habere,
327 1235 444 1274 aliter
474 1249 515 1274 se
544 1249 609 1275 res
639 1235 810 1274 haberet
839 1235 881 1273 in
914 1234 1092 1273 carmine
1120 1235 1164 1272 in
1195 1248 1278 1272 uno
1307 1235 1372 1273 vel
1405 1235 1531 1273 altero
1551 1236 1656 1274 libro

126 1296 259 1334 lacero
290 1301 474 1344 servat03
504 1301 594 1333 tum
623 1308 721 1334 vero
752 1293 937 1332 nondum
968 1293 1074 1341 vidi,
1115 1306 1189 1331 nec
1217 1292 1301 1345 ipse
1333 1299 1530 1345 exputare
1560 1309 1657 1347 pos—

127 1368 238 1403 sum,
271 1353 593 1392 emendationem
625 1353 721 1391 satis
743 1352 1005 1405 probabilem.
1066 1351 1187 1390 Venit
1223 1351 1361 1389 statim
1389 1352 1431 1389 in
1461 1360 1656 1391 mentem:

128 1426 243 1451 casus
262 1418 410 1461 rectos,
442 1412 580 1450 dolens
604 1418 644 1450 et
663 1413 826 1463 regina,
868 1410 1075 1462 requirere
1108 1411 1250 1457 lae.sa;
1284 1424 1425 1449 verum
1453 1411 1551 1462 quid
1580 1417 1658 1449 est:

128 1485 206 1523 qao
226 1473 390 1509 numine
411 1471 525 1508 laesa
546 1471 682 1508 Iuno?
713 1476 835 1518 estne,
866 1469 951 1522 ipsa
982 1483 1003 1506 a
1027 1482 1107 1520 quo
1130 1469 1296 1507 numine
1316 1468 1453 1508 laesa?
1485 1484 1535 1508 an
1560 1470 1659 1508 red-

127 1529 275 1568 ibimus
296 1528 346 1567 ad
365 1529 576 1567 molestam
600 1527 994 1581 interpretationem:
1025 1541 1104 1579 quo
1129 1529 1315 1576 mimine,
1350 1542 1430 1579 qua
1450 1542 1544 1567 suae
1570 1543 1659 1566 ma—

128 1587 282 1626 iestatis
322 1587 469 1640 parte?
530 1587 710 1625 Incidere
747 1587 928 1639 proclive
964 1591 1025 1623 est
1060 1586 1102 1623 in
1137 1586 1330 1634 alterum,
1383 1601 1459 1639 quo
1499 1590 1660 1625 nomine

128 1647 267 1695 laesa,
302 1659 382 1697 qua
412 1659 574 1694 caussa,
605 1659 684 1696 qua
715 1659 782 1695 re,
815 1659 896 1696 qua
927 1644 976 1683 de
1005 1656 1062 1684 re.
1126 1643 1169 1682 In
1195 1643 1275 1682 hoc
1297 1645 1512 1693 Can-oeus,
1545 1646 1659 1683 Heu-

130 1717 320 1754 mannuS,
352 1703 432 1742 iam
453 1703 547 1742 olim
570 1703 780 1756 Scioppius
798 1703 998 1742 inciderat
1024 1702 1068 1740 in
1090 1703 1321 1740 Paradoxis·
1339 1704 1543 1742 litterariis·
1566 1702 1659 1757 (sub

131 1764 328 1802 Pas-casii
369 1763 565 1813 Grosippi
590 1763 752 1800 nomine
784 1761 1002 1800 Mediolani
1042 1762 1166 1802 1628.
1196 1761 1404 1815 vulgatis),
1437 1762 1507 1800 ubi
1536 1777 1574 1815 p.
1603 1761 1659 1804 24

129 1827 241 1860 recte
274 1820 452 1872 exagitat
490 1821 620 1859 Servii
653 1821 854 1870 rationes,
906 1827 993 1858 tum
1019 1818 1148 1870 legere
1177 1819 1338 1857 suadet:
1389 1835 1467 1872 quo
1499 1823 1660 1858 nomme

129 1880 246 1917 laesa
264 1877 364 1931 (non
385 1881 548 1916 mimine
564 1909 573 1927 ,
609 1879 720 1931 quod
742 1879 794 1916 ad
815 1878 854 1917 11.
875 1878 901 1918 1.
921 1877 1078 1929 Virgilii
1106 1877 1293 1916 Heinsius
1313 1878 1543 1932 adscripsit)
1567 1879 1660 1917 lau—

132 1937 239 1975 datis
268 1937 366 1975 locis
402 1937 582 1976 Suetonii
622 1938 665 1975 in
697 1938 822 1975 Galba
857 1950 890 1976 c.
922 1939 988 1979 16.
1021 1934 1197 1974 Subinde
1227 1938 1423 1986 inclaruit,
1463 1939 1593 1989 legere
1620 1952 1660 1975 se

131 1996 300 2033 militem
316 2025 325 2043 ‚
359 2010 440 2033 non
461 2010 585 2033 emere
609 1998 858 2034 consuevisse
873 2012 884 2033 :
915 1996 1050 2047 Atque
1075 2006 1121 2032 eo
1153 1995 1317 2045 quidem
1339 1995 1502 2034 nomine
1525 2011 1661 2034 omnes·

131 2056 205 2107 qai
221 2053 367 2106 ubique
389 2063 502 2092 erant
530 2055 676 2092 milites
704 2053 979 2102 exacerbavit,
1014 2052 1083 2091 1110
1106 2052 1257 2091 scilicet
1280 2056 1442 2092 nomine
1466 2054 1584 2104 laesi,
1616 2067 1660 2091 ea

132 2126 271 2150 caussa
300 2112 531 2150 exacerbati
558 2113 671 2150 suere
695 2113 863 2161 milites,
896 2111 1006 2163 quod
1036 2111 1091 2149 ita
1117 2111 1319 2152 iactasset.
1378 2115 1492 2152 Serv.
1521 2112 1660 2165 Sulpi-

133 2171 218 2209 cius
245 2170 354 2223 apud
383 2171 615 2209 Ciceronem
645 2171 698 2209 [V
721 2171 771 2209 ad
800 2171 886 2209 Div.
907 2170 945 2213 5.
992 2168 1105 2220 Quid
1122 2178 1202 2218 esi,
1238 2172 1349 2222 qnod
1364 2180 1430 2220 ta,
1465 2180 1538 2209 aut
1557 2171 1662 2220 filia

131 2238 203 2267 tua
218 2259 227 2277 ,
261 2229 538 2280 cumsorlwza
560 2228 639 2267 hoc
665 2229 827 2268 nomine
848 2230 961 2281 queri
980 2229 1180 2279 possitis?
1229 2229 1315 2281 Ipse
1338 2243 1497 2281 quoque
1522 2230 1661 2268 Cicero

133 2288 183 2326 de
211 2287 298 2326 Fin.
326 2287 374 2335 ΙΙ,
408 2291 445 2329 7.
477 2290 549 2339 qui
576 2303 668 2325 cum
697 2289 899 2326 luxuriose
932 2289 1105 2325 viverent
1122 2316 1132 2335 ,
1175 2301 1203 2324 α
1233 2302 1390 2326 summo
1412 2288 1661 2339 philosopho

131 2360 211 2383 non
239 2346 611 2396 reprehenderentur
645 2360 690 2384 eo
730 2346 906 2384 nomine.
967 2344 1210 2394 „Quaerere
1251 2359 1342 2397 ergo
1376 2354 1556 2399 poetam,
1609 2346 1664 2384 ait

132 2404 354 2456 Scioppius,
387 2417 466 2455 quo
487 2404 649 2442 nomine
672 2405 924 2452 exacerbata,
956 2417 1035 2453 quo
1056 2402 1211 2440 Aeneae
1232 2404 1340 2442 sacto
1361 2406 1478 2454 laesa,
1513 2404 1663 2456 quidve

131 2462 309 2514 graviter
341 2462 473 2500 ferens
491 2462 593 2501 Iuno
618 2464 775 2501 Aeneae
810 2469 893 2501 tam
922 2461 1062 2499 addita
1090 2461 1313 2513 infestaque
1342 2464 1485 2502 fuerit:
1517 2464 1558 2501 in
1583 2477 1663 2514 quo

132 2520 357 2573 periculum
379 2534 459 2558 11011
481 2527 560 2569 est,
589 2535 638 2559 ne
661 2535 732 2574 per
757 2520 1022 2572 tautologiam
1043 2519 1160 2557 aliter
1184 2526 1304 2570 atque
1324 2522 1440 2560 aliter
1459 2535 1544 2560 rem
1565 2535 1663 2559 ean-

135 2579 227 2617 dem
261 2577 452 2616 extulisse
482 2579 615 2617 verbis
646 2580 870 2618 indicetur:
903 2601 957 2607 -—
999 2577 1069 2615 sed
1095 2578 1278 2630 profecto
1309 2580 1418 2618 aliud
1452 2581 1563 2618 laedi
1591 2586 1663 2629 est,

134 2636 247 2675 aliud
279 2637 423 2674 dolere.
486 2637 587 2675 Nam
616 2645 654 2676 et
690 2653 767 2677 usu
797 2637 935 2677 venire
957 2642 1113 2688 potest,
1154 2642 1202 2674 ut
1234 2636 1393 2687 doleat,
1434 2638 1503 2688 qui
1534 2639 1665 2676 laesus

135 2710 219 2734 non
246 2695 320 2743 sit,
360 2700 398 2731 et
435 2708 618 2745 rursum,
663 2710 782 2747 quem
816 2697 905 2748 quis
939 2694 1118 2743 laeserit,
1162 2708 1289 2745 aequo
1323 2696 1374 2733 sit
1401 2698 1559 2746 animo,
1592 2709 1666 2734 nec

135 2754 349 2806 quicquam
373 2766 414 2790 ea
445 2753 487 2790 111
513 2767 558 2791 re
589 2758 842 2793 moveatur.“
902 2753 1112 2792 Praeclara
1139 2753 1300 2803 critica,
1333 2768 1406 2792 nec
1428 2768 1510 2793 esse
1530 2755 1664 2804 video,

135 2811 247 2864 quod
267 2811 309 2849 111
328 2824 372 2847 03
394 2819 627 2862 moneatur,
668 2813 744 2851 11131
768 2812 879 2864 quod
890 2814 1037 2864 jormcz
1070 2813 1261 2849 orationis
1279 2814 1475 2863 pedestris
1494 2813 1537 2851 in
1566 2827 1665 2866 poe-

136 2878 219 2909 tam
241 2870 426 2908 infertur.
486 2869 615 2907 Possis
636 2871 881 2910 substituere
900 2870 1026 2922 magis
1046 2870 1249 2922 poeticum
1263 2899 1273 2919 ,
1305 2886 1383 2923 quo
1403 2873 1587 2921 erimine,
1619 2878 1667 2910 ut

135 2929 244 2982 apud
266 2928 415 2966 Lucan·
446 2927 531 2975 Vll,
564 2928 659 2969 847.
694 2944 772 2981 quo
801 2938 914 2968 canto
942 2930 1132 2977 crimine,
1166 2929 1307 2978 tellas,
1338 2931 1520 2967 Laesisti
1545 2945 1666 2982 supe—

134 2987 228 3026 ros?
260 2993 333 3026 aut
359 3000 437 3039 quo
457 2986 616 3023 vulnere
647 2987 783 3026 laesa:
830 2995 875 3026 ut
892 3001 1010 3027 mox:
1043 2986 1144 3025 Iuno
1176 2995 1383 3025 aelemnim
1405 3003 1569 3027 servans·
1594 2988 1666 3026 sul)
