1827 3436
443 245 561 292 AD
635 244 1161 298 LIBRUMI
1454 262 1555 310 223

41 374 185 412 litteris
207 371 454 423 significabat
476 371 635 411 Artium
652 373 759 411 inter
786 375 1000 427 populares
1026 383 1184 415 nostros
1212 379 1439 431 sospitator,
1470 381 1556 422 Ha-

40 430 269 483 gedornius.
330 430 430 467 Cum
450 437 586 468 autem
618 431 689 469 vix
710 432 917 483 probabile
941 434 1011 481 sit,
1042 433 1122 472 hoc
1143 448 1260 474 sensu
1281 450 1439 476 vacasse
1458 453 1556 491 poe-

41 496 123 526 tam
150 487 427 538 elegantissimi
454 488 626 540 ingenii,
658 488 888 529 Maronem:
918 491 1132 545 suspicioni
1161 493 1271 532 locus
1303 501 1385 545 est,
1421 503 1555 538 totuin

40 558 200 584 versum
221 558 241 581 a
267 544 371 582 mala
396 559 519 584 manu
539 559 621 584 esse
649 547 817 586 illatum.

154 602 232 640 Sed
263 602 339 640 alia
367 603 583 642 difficultas
614 605 792 643 occurrit
818 605 859 643 in
879 607 1061 646 locorum
1086 622 1132 646 ac
1165 615 1382 647 ventorum
1406 610 1556 650 descri-

41 661 189 713 ptione.
250 661 348 698 Tres
380 675 501 699 naves
527 663 665 700 Notas
693 663 732 700 in
764 664 871 701 Aras
894 665 1061 716 abripit3
1101 667 1211 716 atqui
1244 666 1295 705 ad
1324 680 1387 705 eas
1405 670 1555 721 Aquilo

39 719 141 756 serre
164 717 334 756 debebat
349 732 472 757 naves
497 734 517 756 a
541 721 672 757 Sicilia
694 721 734 758 in
764 721 891 759 altum
913 725 1101 762 evectast>
1132 724 1281 762 Verum
1305 731 1344 762 et
1359 723 1426 763 hie
1457 728 1510 764 N
1532 751 1554 756 -

39 784 123 813 tum
154 781 303 813 temere
338 790 411 828 pro
445 791 686 828 quocunque
716 785 839 816 vento
874 793 1021 831 ponere
1053 782 1207 832 potuit,
1246 788 1293 820 ut
1323 782 1420 822 Aen.
1449 784 1496 833 V,
1527 790 1555 828 2

37 833 190 872 Aeneas
211 847 264 870 ex
281 833 414 872 Africa
436 849 575 874 versus
596 836 746 874 Italiam
779 836 949 875 tendens
967 840 1126 889 fluetus
1149 841 1347 892 Aquilone
1375 841 1549 879 secabat.

38 891 172 929 Potuit
201 891 321 929 etiam
341 892 475 931 classis
498 894 577 931 iam
596 900 685 932 tum
708 894 760 931 ad
794 895 1058 934 occidentales
1080 897 1144 935 vel
1165 898 1358 935 australes
1379 898 1553 937 Ararum

37 955 171 1000 partes
205 949 335 987 delata
358 963 458 1000 esse,
490 951 599 989 unde
628 952 757 989 Notus
784 953 825 990 in
852 952 953 991 Aras
984 955 1237 1007 propelleret.
1297 956 1435 994 Paullo
1464 962 1554 1009 post

39 1020 78 1045 v.
105 1009 187 1048 110
208 1009 344 1045 Eurus·
366 1016 441 1045 tres
460 1010 568 1046 alias
590 1024 714 1047 naves
740 1012 783 1047 in
809 1010 944 1049 brevia
965 1020 1002 1049 et
1030 1021 1150 1063 syrte-s*
1179 1013 1271 1064 agit.
1331 1013 1412 1052 Iam
1433 1015 1552 1065 vulgo

37 1076 197 1113 omneS,
237 1071 440 1116 quotquot
469 1066 580 1113 vidi,
620 1067 860 1118 interpretes
891 1070 1031 1121 Syrtes
1063 1071 1224 1122 proprie
1255 1070 1311 1108 ita
1334 1070 1462 1109 dictas
1485 1070 1552 1124 (de

36 1121 181 1172 quibus
204 1136 243 1161 v.
265 1123 427 1162 Sallust.
451 1124 519 1176 lug
562 1123 634 1178 78)
658 1125 898 1177 intelligunt.
958 1127 1194 1177 Enimvero,
1226 1134 1273 1165 ut
1297 1133 1469 1177 taceam,
1501 1129 1551 1167 ab

37 1180 279 1217 occidentali
310 1181 463 1218 Siciliae
502 1182 637 1220 littore
674 1191 887 1234 provectos
917 1184 1068 1222 Eurum
1097 1200 1176 1223 non
1204 1186 1382 1237 potuisse
1408 1187 1457 1224 ad
1480 1186 1550 1224 has

35 1244 170 1289 partes
199 1238 400 1290 abripere3
446 1238 543 1277 huie
567 1240 671 1278 enim
708 1240 954 1279 dubitationi
983 1242 1143 1291 eodem,
1184 1257 1262 1294 quo
1293 1244 1429 1295 paullo
1458 1250 1549 1281 ante

35 1294 97 1332 usi
122 1309 282 1343 sumus,
311 1297 431 1334 modo
462 1297 619 1335 occurri
640 1305 792 1349 potest,
832 1299 962 1347 omni,
995 1307 1190 1350 quantum
1211 1300 1352 1349 video,
1382 1314 1547 1352 geogra-

35 1351 176 1404 phicae
204 1354 354 1391 rationi
380 1353 459 1392 hoc
498 1361 716 1406 repugnat,
758 1362 806 1394 ut
839 1362 920 1393 tam
954 1357 1103 1408 ingenti
1138 1358 1308 1395 marium
1340 1359 1468 1410 spatio
1496 1359 1545 1397 ad

35 1412 195 1462 Syrtem
218 1415 435 1460 minorem,
467 1413 594 1450 multo
615 1413 737 1464 magis
757 1419 803 1451 ut
821 1413 874 1452 ad
890 1415 1102 1464 maiorem,
1134 1415 1264 1453 delata
1281 1416 1547 1455 Troianorum

36 1468 171 1506 classis
200 1483 294 1520 pars
320 1470 461 1518 fuerit,
495 1484 585 1508 cum
612 1471 737 1509 altera
759 1485 851 1523 pars
884 1470 997 1521 Aris,
1028 1472 1068 1511 h.
1094 1486 1127 1510 e.
1159 1473 1298 1511 insulis
1320 1473 1548 1525 Carthagini

36 1525 235 1576 obversis,
286 1526 542 1566 adhaesisset.
602 1528 727 1566 Porro
769 1535 1006 1580 tempestate
1042 1530 1178 1567 sedata
1222 1531 1389 1568 iactatae
1428 1545 1548 1570 naves

36 1597 73 1621 v.
98 1584 179 1625 158
189 1586 384 1634 proxima
411 1586 544 1624 littora
561 1592 697 1637 petere
721 1586 936 1636 dicuntur5
976 1593 1016 1625 et
1041 1588 1247 1639 appellunt
1266 1602 1359 1625 sane
1380 1589 1469 1626 illae
1497 1589 1547 1626 ad

35 1640 346 1692 Cartliaginense
385 1642 508 1681 littus.
570 1643 624 1682 At
656 1650 852 1694 quantum
880 1645 1026 1683 littoris
1058 1644 1135 1683 hoc
1164 1652 1265 1683 esset
1289 1646 1547 1684 intervallum

34 1699 141 1736 inter
170 1698 452 1751 Carthaginem
487 1707 528 1739 et
562 1702 712 1753 Syrtim
743 1702 959 1749 minorem;
1001 1716 1093 1741 nam
1117 1703 1244 1741 maior
1266 1703 1395 1742 multo
1426 1705 1546 1741 etiam

35 1756 190 1808 longius
221 1764 387 1797 remota.
447 1758 539 1806 Quo
571 1758 765 1809 efficitur,
795 1765 861 1807 ut,
905 1760 980 1797 nisi
1012 1767 1130 1813 poeta
1158 1760 1393 1799 dormitavit
1420 1759 1546 1814 (quod

34 1815 114 1852 sere
132 1821 211 1863 est,
244 1817 507 1865 utverearis,
538 1816 570 1854 si
594 1817 641 1855 cf.
667 1817 712 1865 V,
747 1819 840 1859 192.
872 1817 955 1866 Vll,
987 1821 1083 1859 302.
1115 1818 1178 1866 Vi,
1211 1821 1265 1859 60
1295 1832 1385 1856 Cum
1404 1819 1451 1868 V,
1478 1820 1545 1861 51.

34 1872 100 1920 IV,
131 1871 218 1927 41),
250 1874 390 1925 Syrtes
421 1875 560 1912 saltem
583 1873 821 1926 appellative
852 1874 902 1912 de
922 1876 1096 1913 arenosis
1125 1875 1221 1914 locis
1244 1876 1546 1926 quibuscunque

33 1930 296 1982 accipiamus;
323 1945 441 1982 quem
473 1932 514 1970 in
540 1932 704 1970 modum
731 1932 884 1984 Syrtim
908 1933 1036 1981 illam,
1070 1933 1111 1971 in
1139 1947 1258 1984 quam
1281 1933 1463 1974 ἐκπεσεῖν
1492 1935 1544 1971 ti-

33 1994 116 2026 met
141 1988 254 2026 navis
275 1988 459 2028 Paullum
487 1996 599 2029 vecta
619 1990 708 2029 Act.
731 1990 805 2042 Ap.
823 1990 990 2038 XXVII,
1023 1994 1087 2039 17,
1119 1990 1168 2028 de
1195 1991 1282 2028 loco
1302 1991 1434 2042 aliquo
1457 2004 1545 2028 are-

35 2059 134 2084 noso
165 2045 272 2084 circa
297 2047 477 2085 Clauden
507 2047 700 2097 insulam,
731 2062 814 2086 non
842 2047 891 2085 de
917 2049 1067 2098 magnis
1097 2049 1302 2100 Syrtibus,
1346 2049 1544 2100 accipien-

33 2103 127 2141 dam
154 2109 356 2155 putamus.
417 2105 552 2144 Fuisse
584 2106 703 2157 igitur
737 2105 780 2144 in
811 2119 854 2143 ea
885 2106 1004 2143 maris
1034 2112 1167 2158 parte,
1217 2106 1321 2143 circa
1348 2106 1447 2143 Aras
1475 2119 1544 2143 seu

32 2160 236 2213 Aegimuri
272 2162 444 2211 insulas,
483 2163 570 2201 loca
600 2177 764 2202 arenosa
788 2164 1034 2202 credendum
1063 2170 1142 2212 est,
1174 2163 1215 2201 in
1238 2176 1338 2214 quae
1359 2177 1449 2217 pars
1470 2178 1543 2201 na-

33 2219 143 2257 vium
161 2219 193 2256 T
194 2219 424 2259 roianarum
446 2220 599 2260 incidit.

444 2503 1010 2564 EXCURSUS
1079 2503 1134 2558 V

159 2615 394 2674 Neptunus·
418 2620 636 2675 graviter
667 2627 915 2662 commotus
945 2618 1153 2676 idemque
1178 2617 1404 2676 placidus.

146 2731 183 2781 ¹,
224 2733 304 2775 124
328 2755 382 2763 -
410 2737 502 2776 129.
556 2737 710 2773 Interea
750 2749 901 2786 magno
943 2737 1099 2772 misceri
1139 2748 1338 2771 murmure
1370 2742 1540 2783 pontum

31 2789 313 2842 Emis-samque
343 2792 514 2829 hiemem
542 2796 662 2831 sensit
691 2795 906 2844 Neptunus
935 2801 970 2830 et
1003 2795 1095 2829 imas·
1116 2792 1273 2841 Stagna
1300 2791 1436 2841 refusa
1466 2805 1538 2827 ι’(ι-

29 2846 115 2883 dis.-
146 2848 324 2898 graviter
352 2856 579 2889 commotus
612 2860 648 2889 et
667 2852 749 2889 allo
772 2852 1029 2899 Prospiciens
1060 2863 1219 2886 summa
1244 2848 1443 2899 placidum
1472 2861 1538 2884 ca-

30 2909 103 2953 put
120 2906 261 2943 extulit
279 2908 402 2946 unda.
443 2906 520 2946 Hic
543 2911 726 2959 graviter
743 2915 960 2946 commotus
975 2936 985 2955 ,
1019 2907 1100 2955 ira,
1129 2912 1169 2943 et
1189 2914 1315 2956 caput
1329 2905 1538 2955 placidum

28 2957 175 3001 habere
198 2963 392 3004 videntur
414 2965 545 3017 primo
575 2965 737 3013 obtutu,
769 2965 879 3016 quod
901 2965 975 3004 sibi
993 2969 1200 3016 repugnet.
1261 2962 1537 3001 observarunt
