1827 3436
462 229 1192 279 ADLIBRUMI
1480 236 1579 282 ⁶253

387 413 958 472 EXCURSUS
1037 412 1265 469 XIX*

285 532 361 575 De
390 527 704 573 Amazonibus
737 526 960 569 auxilinm
991 526 1083 569 Ilio
1102 525 1373 585 ferentibus.

184 651 213 700 Ῐ,
245 649 342 691 490.
384 649 514 686 Ducit
549 646 851 684 Amazonidum
883 645 1036 682 lunatis
1066 645 1237 695 agmina
1261 643 1385 693 peltis
1412 641 1586 679 Penthe-

66 711 167 748 silea
175 708 326 760 ficrens
343 737 353 755 ‚
390 706 611 755 mediisque
643 705 683 740 in
710 702 888 740 millibus
925 703 1061 750 ardet,
1099 702 1237 739 Aurea
1265 699 1492 737 subnectens
1516 713 1586 735 ex-

67 775 193 805 sertae
237 765 407 816 cingula
439 775 666 809 mammae,
720 761 948 808 Bellatm'x,
997 760 1194 811 audetque
1232 760 1326 795 viris
1365 771 1588 795 commorere

66 828 198 876 virgo.
262 823 378 871 Quae
408 820 541 872 mythi
583 819 632 857 de
669 818 934 856 Amazonibus
978 817 1145 868 origines
1176 816 1348 864 suerint,
1389 815 1588 852 incertum

67 889 151 921 est:
183 881 302 920 fuisse
333 887 468 918 tamen
503 877 674 915 fundum
708 877 878 927 aliquem
904 875 1162 923 historicum,
1194 875 1338 912 samam
1371 873 1587 923 antiquam,

67 941 192 979 multa
235 945 423 991 arguunt.
485 937 634 974 Verum
678 934 726 972 de
764 933 825 971 his
867 933 1101 985 disputandi
1141 933 1251 969 locus
1292 930 1357 968 hic
1398 945 1479 969 non
1517 935 1587 967 est.

68 999 167 1037 Vide
210 1003 350 1035 notata
393 996 443 1033 ad
481 993 663 1046 Apollod.
707 993 749 1041 ll,
781 992 820 1041 5,
853 994 890 1033 9.
932 991 1023 1029 Not.
1053 1006 1091 1043 p.
1128 993 1209 1032 372
1238 1002 1292 1039 sq.
1353 989 1466 1036 Quae
1497 1001 1588 1025 cum

69 1056 289 1109 Virgiliano
323 1055 411 1092 loco
445 1053 657 1090 coniuncta
691 1056 806 1099 sunt,
853 1049 999 1101 partin]
1032 1048 1173 1086 ebelli
1207 1047 1367 1085 Troiani
1398 1045 1586 1093 historiis,

67 1115 214 1168 partim
247 1127 296 1151 ex
331 1112 575 1150 Amazonum
607 1109 734 1161 specie
762 1114 801 1145 et
831 1107 974 1145 habitu
1005 1113 1193 1158 repetam.

184 1172 435 1210 Induxerant
470 1171 689 1206 Amazones
726 1167 766 1204 in
798 1165 889 1203 belli
922 1165 1083 1202 Troiani
1112 1163 1297 1201 historias
1327 1169 1479 1213 poetae,
1521 1160 1586 1210 qui

70 1238 165 1284 post
205 1230 427 1268 Homerum
471 1227 685 1278 scripsere,
738 1230 776 1262 et
813 1224 854 1261 in
885 1223 947 1260 his
978 1223 1126 1274 primo,
1168 1227 1215 1259 ut
1253 1220 1452 1272 suspicor,
1500 1218 1587 1255 loco

69 1289 261 1327 Arctinus
292 1289 333 1325 in
363 1284 625 1336 Aethiopide,
656 1289 854 1334 quantum
884 1295 932 1318 ex
964 1281 1104 1318 Proclo
1137 1279 1317 1329 colligere
1348 1277 1456 1325 licet,
1490 1273 1587 1327 (Bi-

69 1347 207 1385 bliollz.
244 1347 284 1383 cl.
320 1360 361 1382 α.
398 1346 497 1383 Lm.
543 1344 590 1379 P.
628 1343 663 1378 l.
706 1356 751 1391 J).
784 1342 840 1381 33
871 1337 1006 1390 lnecl.)
1057 1338 1148 1388 quia
1188 1335 1415 1386 antiquiore
1455 1333 1585 1383 aliqua

70 1406 175 1443 sama
209 1404 428 1442 celebratae
461 1406 575 1438 erant
606 1399 854 1436 Amazonum
885 1397 1128 1447 irruptiones
1158 1395 1200 1432 in
1231 1393 1362 1430 Asiam
1393 1392 1587 1429 minorem

71 1465 222 1511 sactae,
254 1460 435 1513 inprimis
466 1460 508 1496 in
543 1457 706 1509 Lydiam
741 1462 780 1493 et
811 1455 1046 1506 Phrygiam3
1078 1466 1246 1504 quarum
1270 1465 1350 1489 una
1380 1451 1419 1487 in
1442 1448 1587 1487 Priami

70 1528 254 1573 tempora
285 1519 500 1557 inciderat:
541 1516 581 1554 [l.
622 1532 655 1568 y,
702 1516 794 1554 189.
854 1512 1030 1549 intulere
1072 1511 1165 1548 hinc
1198 1511 1414 1547 Amazones
1444 1508 1483 1544 in
1514 1505 1587 1543 lie—

70 1593 188 1618 roum
218 1585 399 1629 tempora
431 1582 469 1613 et
500 1575 605 1612 sacta
637 1571 785 1623 Cyclici
814 1576 981 1622 propter
1016 1570 1071 1606 rei
1115 1568 1335 1606 novitatem
1372 1564 1589 1603 admodum

70 1638 260 1685 licenter3
301 1639 542 1673 memoratae
574 1631 672 1668 adeo
704 1630 952 1667 Amazonum
992 1639 1146 1679 pugnae
1177 1632 1268 1663 sunt
1309 1624 1348 1661 in
1380 1623 1590 1673 Argonau-

72 1695 182 1743 ficis,
216 1694 432 1739 Heraclea,
465 1689 676 1737 Theseide,
709 1687 830 1725 etiam
860 1686 902 1723 in
933 1684 1078 1722 Bacchi
1108 1683 1352 1736 profectione
1382 1681 1432 1718 ad
1452 1679 1589 1717 Indos:

73 1766 174 1805 quae
207 1752 338 1790 onmia
368 1752 477 1788 fuere
509 1754 719 1800 poetarum
752 1749 994 1792 commenta3
1047 1748 1087 1779 at
1117 1741 1239 1789 illud,
1290 1739 1398 1790 quod
1432 1739 1473 1776 in
1505 1737 1588 1774 Ho-

73 1825 183 1849 mero
228 1815 498 1855 memoratum
537 1812 644 1851 erat,
699 1804 852 1841 asama
884 1802 1120 1853 profectum.
1181 1799 1359 1837 Priamus
1400 1797 1591 1834 adversus

74 1884 138 1908 eas
181 1882 292 1906 arma
331 1867 502 1914 tulerat3
552 1870 592 1901 at
633 1860 879 1900 Penthesilea
930 1858 1077 1896 auxilio
1117 1856 1297 1895 Troianis
1336 1855 1413 1892 fuit
1457 1854 1590 1890 accita.

77 1928 176 1966 Post
208 1940 287 1974 eos,
320 1926 387 1976 qui
420 1924 595 1976 periere,
628 1920 795 1971 exponit
826 1917 1076 1969 Cyclicorum
1097 1920 1256 1953 narrata
1281 1913 1458 1961 Quintus
1477 1911 1541 1948 lib.
1566 1911 1589 1947 l.

75 1992 115 2024 et
146 1985 335 2038 pleraque
368 1997 418 2020 ex
449 1996 494 2019 eo
528 1981 672 2017 Tzetza
702 1980 742 2016 in
773 1974 1082 2014 Posthomericis
1112 1987 1174 2024 pr.

190 2042 342 2094 Virgilii
371 2041 482 2078 locus
512 2037 695 2090 inprimis
726 2036 899 2073 disertus
930 2039 990 2070 est
1016 2032 1057 2069 in
1081 2034 1208 2082 specie
1241 2036 1281 2067 et
1300 2028 1440 2066 habitu
1471 2026 1592 2064 Ama-

77 2115 224 2139 zonum
266 2098 487 2137 reddendo.
574 2095 676 2133 Satis
727 2099 846 2131 notae
891 2097 986 2129 sunt
1037 2103 1171 2127 earum
1221 2088 1357 2138 pellae
1409 2086 1587 2122 lzmalav.

78 2160 202 2208 Quod
233 2174 280 2195 ex
316 2159 428 2209 equis
459 2159 714 2208 pugnarunt,
754 2165 837 2189 non
877 2148 1018 2200 attigit.
1090 2147 1141 2185 At
1179 2158 1400 2182 mammam
1440 2143 1590 2179 tutelam

78 2222 287 2256 memorat.

194 2275 343 2312 Dextra
381 2271 458 2310 fuit
493 2283 536 2308 ea
576 2281 772 2315 mamma,
820 2264 963 2303 sabulis
999 2269 1037 2299 et
1064 2267 1148 2299 arte
1188 2258 1406 2305 celebrata3
1448 2255 1591 2293 fabulis

80 2333 264 2384 quidem,
313 2329 423 2382 quod
462 2336 603 2365 exusta
633 2326 750 2364 fuisse
780 2325 929 2370 fertur,
973 2327 1076 2368 arte,
1117 2317 1225 2368 quod
1257 2329 1301 2352 ea
1333 2322 1483 2351 exserta
1523 2318 1591 2361 est,

80 2405 161 2430 non
183 2396 344 2437 exusta,
377 2386 486 2439 quod
511 2386 600 2423 visu
618 2384 819 2435 ingratum
837 2384 1046 2431 respuerat
1069 2391 1143 2413 ars.
1192 2375 1341 2412 Verum
1361 2378 1399 2409 et
1422 2372 1503 2423 ipsa
1530 2383 1592 2408 res

61 2448 223 2502 3docere
252 2453 407 2500 potest,
440 2444 625 2482 dextram
655 2442 794 2489 fuisse,
827 2450 925 2489 quae
952 2440 1212 2481 exureretur,
1245 2444 1291 2469 ne
1320 2430 1428 2467 arcui
1458 2430 1592 2466 inten—

63 2507 215 2545 -dendo
258 2512 299 2543 et
335 2501 583 2543 remittendo
616 2506 751 2537 tumor
789 2502 890 2534 esset
918 2493 1214 2545 impedimento.
1274 2489 1343 2526 Ins.
1377 2488 1453 2535 XI,
1495 2487 1591 2528 649.

81 2564 259 2603 Amazon
283 2563 389 2601 dicta
413 2560 581 2599 Camilla
606 2564 664 2595 est
695 2570 817 2593 imum
851 2562 981 2591 exer-la
1013 2552 1144 2597 lalus,
1180 2547 1287 2598 quod
1316 2545 1434 2582 Silius
1458 2544 1592 2581 imita-

82 2629 146 2661 tus
170 2623 236 2660 lib.
257 2622 303 2670 II,
335 2623 389 2662 79
416 2618 553 2657 reddit
574 2618 755 2653 (serarum
772 2613 882 2650 nuda
905 2611 1025 2647 lalus.

197 2681 252 2717 De
295 2678 543 2716 Amazonum
583 2673 711 2726 specie
756 2671 798 2708 in
838 2669 987 2721 priscae
1030 2664 1126 2702 artis
1172 2659 1439 2699 monumentis
1477 2658 1591 2696 obvia

82 2738 196 2790 plura
234 2751 342 2775 nunc
370 2737 409 2773 in
440 2735 583 2784 vulgus
621 2731 890 2768 innotuerunt
919 2738 1036 2775 quam
1068 2721 1141 2758 illis
1172 2719 1306 2767 annis,
1352 2731 1441 2755 cum
1482 2716 1592 2767 prio—

83 2796 192 2834 ribus
216 2795 371 2833 vicibus
393 2789 762 2830 commentabamur
786 2787 825 2823 in
852 2789 1021 2836 poetam.
1060 2779 1193 2828 Neque
1218 2776 1315 2813 adeo
1344 2787 1500 2812 necesse
1523 2779 1592 2820 est,

82 2868 191 2891 nunc
220 2853 347 2890 multa
374 2860 699 2889 commemorare.
760 2843 965 2892 Attingam
1000 2843 1157 2876 tantum
1183 2835 1360 2885 potiora,
1402 2845 1501 2882 quae
1536 2831 1592 2876 iis,

81 2925 254 2962 quorum
294 2909 428 2948 studia
466 2908 504 2945 in
550 2920 592 2943 ea
637 2901 886 2954 antiquitatis
931 2903 1041 2949 parte
1077 2893 1269 2930 collocata
1314 2889 1424 2927 haud
1470 2889 1592 2933 suere,

79 2969 268 3020 prodesse
296 2972 476 3020 possunt.
540 2965 740 3014 Antiquae
768 2959 864 2998 artis
889 2957 1073 3006 frequens
1104 2950 1179 2989 suit
1207 2952 1483 3000 argumentum
1518 2945 1591 2981 iam
