1779 3420
137 234 240 282 842
550 228 1246 279 EXCURSUSI

143 361 419 413 Troianusque
461 360 661 411 Heljmus-
702 365 777 398 etc.
847 360 1034 399 Proxime
1076 359 1128 397 ad
1167 364 1307 411 poetae
1346 357 1469 396 verba
1508 356 1655 395 Strabo

134 418 244 465 XIII,
275 432 314 470 p.
347 420 430 460 608
454 418 571 458 Β.οἷ
597 416 640 458 δὲ
671 416 793 468 (φασὶ
825 416 893 458 τὸν
925 419 1114 464 Αἰνείαν)
1158 417 1214 465 εἰς
1248 415 1444 469 Αἰγέσταν
1484 418 1656 471 κατᾷραι

133 479 204 528 τῆς
239 477 448 525 Σικελίας,
481 490 557 515 συν
581 472 739 530 Ἐλύμῳ
778 475 903 527 Τρωὶ,
936 476 1003 515 καὶ
1025 472 1182 527 Έουκα
1212 474 1281 514 καὶ
1311 470 1545 526 Λιλύβαιον
1577 489 1655 513 κα-

133 538 312 586 τασχεΐν,
342 550 411 574 και
442 549 650 584 ποταμους
680 532 773 586 περὶ
803 532 1003 586 Αἰγέστσν
1033 535 1355 585 προςαγορεῦσαι
1379 529 1654 585 Σκάμανδρον

132 591 202 632 καὶ
236 588 448 645 Σιμόεντα.
507 591 723 642 Dionysius
763 603 882 639 ver,o
924 597 1129 641 tamquam
1162 590 1478 627 co1nmuni01em
1510 603 1651 627 nalra-

131 650 306 700 tionem,
357 649 419 687 his
456 663 538 686 non
573 647 775 686 dissimilia
806 649 974 700 exponit
1014 649 1081 686 lib.
1113 649 1142 696 I,
1182 648 1249 697 52,
1289 648 1513 686 secundum
1551 660 1653 698 quae

130 708 298 760 Elymus
330 714 367 744 et
397 706 588 758 Aegestus
616 707 697 745 iam
729 712 821 743 ante
855 706 996 744 Troiae
1028 705 1229 743 excidium
1260 706 1360 743 urbe
1390 706 1652 757 profugerant

132 773 173 804 et
202 772 326 805 vento
358 764 534 802 secundo
566 765 627 801 usi
657 764 698 801 in
731 764 902 802 Siciliam
934 770 1215 816 pervenerant.
1275 762 1328 801 Hi
1369 763 1474 801 circa
1505 764 1651 801 Crimi-

132 838 221 861 sum
252 824 304 871 ss„
339 822 386 860 de
415 836 494 872 quo
525 836 606 860 non
643 822 774 859 minus
815 822 941 860 multa
978 822 1156 861 fabulose
1187 827 1430 860 narrantur:
1471 835 1510 861 v.
1542 821 1651 874 apud

132 881 262 919 Schol.
284 880 483 933 Lycophr.
515 882 610 921 953.
633 880 729 929 471,
761 880 802 917 iu
834 880 1070 919 Sicanorum
1103 894 1197 932 agro
1220 880 1505 929 consederunt,
1535 886 1651 932 parte

131 940 213 990 agri
244 939 292 976 ab
323 939 385 976 his
417 944 601 990 accepta,
632 944 801 990 propter
836 937 992 989 Aegesti
1022 939 1320 990 cognationem,
1353 937 1444 988 qui,
1476 938 1518 976 in
1548 938 1650 976 Sici-

130 998 183 1036 lia
216 1003 332 1035 natus
363 1003 404 1034 et
434 996 649 1044 educatus,
693 1010 783 1034 cum
816 996 1057 1035 adolevisset
1087 997 1249 1035 Troiam
1279 995 1466 1034 redierat.
1527 996 1650 1044 Quod

130 1055 333 1106 quomodo
364 1055 517 1093 factum
542 1055 607 1104 sit,
639 1068 735 1092 mox
760 1068 779 1091 a
804 1054 992 1107 Dionysio
1024 1056 1048 1094 1.
1082 1070 1113 1093 c.
1143 1060 1345 1093 narratur.
1383 1055 1486 1092 Tum
1506 1069 1648 1106 porro:

128 1113 203 1151 hos
226 1128 317 1152 suos
345 1113 558 1165 populares
591 1126 681 1151 cum
713 1112 753 1150 in
784 1112 846 1150 his
876 1113 973 1151 locis
1005 1114 1234 1152 offendisset
1264 1113 1434 1161 Aeneas,
1467 1120 1649 1152 amanter

129 1186 220 1209 cum
251 1172 297 1209 iis
329 1172 491 1222 aliquod
530 1178 689 1223 tempus
729 1172 880 1222 exegit,
922 1172 1120 1223 urbesque
1160 1173 1208 1210 iis
1241 1170 1442 1219 condidit,
1475 1171 1542 1211 καὶ
1574 1187 1646 1211 κα-

127 1227 409 1277 τασκευάζεται
441 1225 580 1276 αὐτοῖς
608 1225 741 1277 πόλεις
774 1229 972 1282 Αἰγέσταυ
1006 1232 1072 1270 καὶ
1093 1228 1273 1281 ”Ελυμα,
1311 1235 1545 1282 partemque
1576 1243 1647 1268 co-

126 1288 272 1325 mitum
309 1287 364 1325 ibi
393 1288 598 1338 relinquit.
660 1287 714 1324 De
755 1288 913 1338 L'lymis
953 1288 1059 1326 infra
1100 1288 1340 1327 videbimus.
1412 1287 1490 1325 Sed
1522 1289 1647 1339 Sege-

126 1355 256 1394 stam,
301 1353 490 1398 apparet,
533 1359 653 1396 quam
695 1345 895 1397 ingeniose
931 1353 1047 1399 poeta
1078 1346 1316 1398 arripuerit,
1358 1350 1405 1383 ut
1439 1346 1487 1384 ab
1514 1346 1647 1384 Aenea

125 1404 331 1442 conditam
363 1418 449 1443 eam
492 1418 600 1442 nunc
628 1403 879 1456 perhiberet,
917 1418 1008 1443 cum
1040 1405 1230 1443 traiectus
1260 1404 1302 1442 in
1332 1404 1488 1441 Italiam
1518 1403 1645 1455 fieret,

125 1468 172 1500 ut
203 1462 302 1500 adeo
335 1462 418 1501 eius
449 1463 613 1501 comites
647 1462 749 1514 longi
783 1463 931 1500 erroris
961 1464 1095 1502 taedio
1128 1463 1253 1515 capti,
1285 1469 1400 1514 parte
1430 1462 1549 1500 etiam
1570 1476 1646 1500 na-

124 1520 237 1558 vium
269 1521 456 1559 incendio
490 1527 721 1567 consumta,
764 1520 805 1558 in
840 1535 985 1560 novam
1016 1522 1213 1560 coloniam
1243 1521 1646 1560 transscriberentur:

124 1578 179 1616 De
210 1578 271 1616 his
311 1579 383 1617 inf.
420 1583 501 1622 711
537 1593 620 1630 sqq.
657 1578 740 1621 749
772 1592 856 1629 sqq.
917 1580 967 1617 Et
997 1594 1037 1621 V.
1080 1583 1163 1621 718
1204 1580 1340 1618 urbem
1379 1579 1647 1630 appellabunt

119 1639 314 1687 permisso
345 1640 503 1675 nomine
533 1641 738 1675 Acestam.
804 1638 896 1685 Quo
926 1637 1187 1690 intelligitur,
1217 1653 1256 1677 V.
1288 1638 1371 1679 756
1397 1638 1472 1675 ἕως·
1500 1638 1641 1687 Ilium,

122 1702 160 1731 et
187 1695 288 1732 llaec
318 1696 407 1732 loca
447 1698 610 1733 Troiam
641 1697 741 1732 Esse
771 1695 897 1744 iubet,
935 1711 1017 1734 non
1060 1697 1111 1734 ad
1142 1697 1252 1734 urbis
1284 1709 1453 1745 nomen,
1493 1695 1563 1733 sed
1593 1695 1643 1733 ad

123 1751 284 1804 originis
318 1753 511 1790 Troianae
541 1753 862 1791 recordationem
905 1761 943 1791 et
971 1755 1378 1806 repraesentationem
1421 1766 1502 1790 esse
1536 1754 1642 1791 refe—

121 1810 307 1849 rendum.
368 1811 528 1859 Nescio,
561 1825 609 1848 an
640 1810 694 1847 ita
724 1811 980 1850 Burmannus
1011 1826 1043 1850 e.
1062 1813 1087 1852 l.
1118 1812 1329 1864 acceperit,
1359 1812 1430 1849 ubi
1460 1812 1641 1849 Ruaeum

121 1869 279 1906 refellit.
339 1869 476 1906 Potuit
505 1875 638 1906 tamen
670 1875 788 1919 poeta
821 1875 891 1907 aut
919 1872 1113 1922 accepisse
1139 1870 1217 1908 hoc
1239 1877 1309 1907 aut
1330 1869 1491 1921 lingere,
1523 1870 1642 1907 fuisse

120 1926 161 1963 in
194 1926 276 1978 ipsa
309 1927 409 1964 urbe
440 1927 527 1965 loca
565 1928 613 1965 ab
644 1926 776 1964 Aenea
822 1927 867 1965 iis
898 1928 1125 1967 nominibus
1166 1928 1392 1979 designata,
1436 1933 1484 1965 ut
1522 1927 1641 1965 Troia

120 1990 162 2022 et
192 1985 306 2023 Ilium
339 1991 489 2035 essent3
537 1985 736 2036 siquidem
780 1985 895 2023 etiam
934 1985 1050 2026 fluvii
1090 1988 1259 2025 fuerunt
1290 1985 1432 2024 Simois
1466 1992 1504 2023 et
1542 1988 1640 2024 Sca-

118 2043 288 2081 mande1
317 2043 359 2080 in
391 2057 485 2094 agro
516 2044 639 2082 uibis.
682 2057 720 2081 v.
756 2044 903 2081 Strabo
935 2045 1041 2093 XIII,
1067 2060 1105 2097 p.
1137 2048 1220 2086 608
1251 2045 1296 2094 B,
1329 2058 1407 2095 quo
1439 2044 1543 2082 sorte
1571 2057 1638 2082 le—

119 2101 252 2152 spexit
286 2108 404 2154 poeta
438 2102 484 2151 V,
518 2102 601 2144 634
631 2101 814 2139 ΆῑιίΙαηε
846 2104 933 2140 iam
956 2104 1098 2141 Troiae
1124 2103 1303 2141 <llantur
1321 2103 1511 2140 moenza?
1538 2117 1639 2140 nns-

120 2174 246 2210 quam,
278 2161 494 2197 Hectoreos
525 2175 664 2198 amnes
696 2160 912 2198 Aanllmm
942 2169 977 2198 et
1012 2162 1214 2199 Simoenta
1239 2160 1400 2199 videbo.
1397 2161 1415 2189 9
1444 2161 1525 2198 Nec
1539 2173 1637 2200 vero

116 2217 224 2268 ipsos
255 2219 487 2268 Segestanos
530 2218 676 2256 alienos
716 2218 835 2255 fuisse
876 2219 923 2255 ab
956 2233 1000 2258 ea
1031 2220 1158 2268 fama,
1199 2219 1336 2257 deberi
1368 2219 1523 2256 Aeneae
1554 2219 1637 2256 ori-

115 2275 223 2325 gines
255 2290 358 2324 suas,
391 2277 572 2326 colligere
604 2277 696 2314 licet
727 2289 777 2313 ex
808 2277 939 2314 numis
970 2250 1209 2329 SegestaiiiS,
1232 2278 1273 2315 in
1309 2277 1454 2328 quibus
1484 2277 1636 2315 Aeneas

117 2331 316 2371 Anchisen
348 2348 439 2372 cum
471 2335 648 2373 Palladio
680 2333 780 2372 urbe
811 2341 1029 2386 exportans
1061 2335 1264 2374 exhibitus
1295 2342 1365 2374 est.

229 2425 345 2463 Dicat
376 2432 508 2464 tamen
541 2427 703 2478 aliquiS,
736 2434 775 2466 et
806 2428 973 2467 eandem
1005 2428 1284 2467 difficultatem
1316 2427 1445 2467 movit
1475 2426 1632 2465 Cluver.

115 2496 152 2533 p.
185 2485 270 2523 260
310 2484 416 2522 Sicil.
452 2491 548 2533 ant.,
599 2485 712 2523 urbes
752 2487 924 2525 Acestae
964 2493 1081 2539 poeta
1115 2487 1190 2524 iam
1231 2487 1299 2524 lib.
1342 2486 1372 2535 I,
1413 2484 1508 2527 549.
1550 2486 1633 2527 550

114 2549 428 2580 mem01··:ave1at
461 2544 562 2580 Sunt
592 2551 628 2580 et
658 2544 805 2581 Siculis
837 2544 1066 2595 regionibus
1095 2544 1223 2592 urbes,
1256 2545 1342 2582 An
1336 2558 1448 2595 aque
1486 2545 1632 2581 Τισία-

113 2612 242 2648 noque
273 2613 300 2635 α
335 2614 432 2649 εαηὣ
420 2603 534 2637 nme
572 2602 705 2638 clatus
734 2602 920 2652 flcestes,
968 2602 1147 2652 adeoque
1179 2615 1217 2638 se
1246 2602 1493 2640 vehementer
1530 2600 1632 2638 obla·-

113 2658 268 2692 w'oszmz
300 2657 505 2705 modidit,
539 2657 635 2695 dum
666 2657 744 2696 hoc
775 2660 935 2697 demum
976 2660 1079 2698 lib1o
1111 2660 1252 2710 quinto
1291 2659 1433 2698 urbem
1467 2657 1631 2696 Acestae

113 2714 400 2752 exstruendam
441 2687 591 2752 nai-rat.
662 2716 876 2754 Enimvero
917 2717 1092 2769 primum
1134 2717 1300 2754 historia
1330 2717 1466 2768 plures
1497 2717 1629 2765 urbes,

112 2785 194 2808 non
225 2786 370 2818 unam,
417 2773 466 2809 ab
509 2771 673 2823 Aegesta
716 2774 896 2811 conditas
936 2775 1142 2826 perhibet3
1182 2781 1263 2812 tres
1304 2775 1466 2825 quidem
1496 2775 1628 2826 Lyco-

110 2828 244 2881 phron
276 2843 313 2868 v.
344 2832 440 2877 964,
487 2844 584 2880 quas
616 2829 855 2869 Scholiastes
883 2834 1129 2882 Aege-slata,
1175 2834 1406 2882 Entellum,
1441 2834 1625 2883 Ειιοεηι,

1438 2890 1446 2904 ἲ
1473 2887 1490 2902 Π

109 2888 268 2927 recitat.
319 2888 367 2926 cs.
410 2888 568 2926 Cluver.
611 2888 697 2926 eod.
737 2903 821 2941 cap.
890 2889 1101 2941 Dionysius
1144 2890 1343 2944 Αἰγέσταν
1382 2907 1451 2930 και
1484 2894 1629 2942 Ελυμα

111 2952 307 2984 memorat
341 2946 381 2984 in
414 2946 568 2998 Aegosti
599 2947 764 2997 gratiam
798 2948 846 2985 ab
881 2948 1012 2987 Aenea
1045 2949 1238 2987 conditas.
1298 2949 1439 3001 Elyma
1466 2948 1628 2999 quidem
