1811 3388
372 199 787 252 AENEIDOS
824 200 968 247 LIB.
1006 200 1069 261 V,
1107 203 1396 250 660—687
1535 207 1627 251 811

123 336 238 394 Qua
264 328 391 379 ludo
416 327 632 376 indutus
656 325 783 374 belli
802 324 1078 374 simulacra
1105 323 1289 374 ciebat.

122 400 404 452 Adcelerat
425 396 584 445 simul
603 399 824 455 Aeneas⁷
846 394 1004 443 simul
1019 394 1225 457 agmina
1239 396 1523 442 Teucrum.
1540 396 1639 444 675

120 475 213 522 Ast
235 469 351 518 illae
382 468 586 517 diversa
609 475 761 515 metu
786 481 884 531 per
905 465 1058 513 litora
1079 464 1272 529 passim

120 537 446 604 Diffugiunt3
485 536 768 602 silvasque,
807 544 858 584 et
882 534 1047 583 sicubi
1071 549 1298 582 concava
1319 530 1504 581 furtim

125 612 276 671 Saxa,
315 615 518 674 petunt.
591 607 741 670 Piget
760 605 979 670 incepti,
1020 604 1281 669 lucisque3
1320 617 1555 667 suosque

121 684 357 730 Mutatae
386 678 744 741 adgnoscunt,
785 691 1104 739 excussaque
1134 681 1356 739 pectore
1384 674 1520 720 Iuno
1553 679 1643 719 est.

127 748 234 799 Sed
262 765 375 798 non
398 747 595 796 idcirco
618 744 866 794 flammae
892 754 1051 810 atque
1072 742 1317 792 incendia
1334 742 1472 790 vires
1544 745 1645 792 680

124 819 422 870 Indomitas
442 833 696 883 posuere:
727 814 838 864 udo
864 814 960 863 sub
981 813 1181 862 robore
1205 812 1330 860 vivit

129 892 332 955 Stuppa
357 903 582 936 vomens
611 885 823 934 tardum
855 883 1094 945 fumum,
1131 882 1416 947 lentusque
1448 880 1645 928 carinas

124 962 220 1009 Est
242 975 433 1024 vapor,
473 966 525 1006 et
550 965 665 1005 toto
695 954 973 1004 descendit
992 969 1220 1018 corpore
1247 952 1436 1017 pestis3

127 1032 239 1080 Nec
258 1030 395 1077 vires
417 1027 649 1076 heroum
676 1023 955 1090 infusaque
980 1022 1201 1072 flumina
1224 1027 1463 1087 prosunt.

131 1103 273 1149 Tum
298 1099 416 1164 pius
439 1101 644 1146 Aeneas
669 1095 908 1143 humeris
933 1092 1244 1142 abscindere
1265 1099 1484 1151 vestem,
1548 1090 1647 1138 685

130 1169 447 1234 Auxilioque
469 1183 659 1215 vocare
683 1165 839 1225 de05‚
879 1172 929 1212 et
948 1162 1173 1212 tendere
1197 1160 1423 1227 palmas:

131 1240 374 1305 Iuppiter
397 1237 767 1302 omnipotens,
806 1234 846 1282 si
875 1232 1123 1282 nondum
1162 1247 1346 1281 exosus
1381 1226 1446 1278 ad
1476 1240 1648 1274 unum

229 1367 298 1403 674
323 1367 497 1400 inductus
522 1366 590 1398 dno
621 1367 735 1398 Burm.
767 1377 842 1398 cum
880 1364 989 1396 Goth.
1024 1368 1106 1395 tert.
1161 1359 1312 1406 gerebat
1343 1359 1450 1392 Witt.
1508 1353 1650 1387 ciebant

136 1415 295 1448 Macrob.
316 1415 377 1456 Vl,
405 1416 436 1448 1-
531 1413 599 1449 675
620 1413 840 1447 Accelerant
863 1410 1035 1443 Montalb.
1063 1417 1098 1441 et
1125 1421 1143 1441 a
1171 1421 1215 1441 m.
1244 1419 1297 1452 pr.
1322 1405 1411 1438 Gud.
1461 1401 1602 1437 Accidit
1620 1412 1648 1432 S·

134 1463 260 1496 Franc.
286 1473 351 1506 pro
389 1460 549 1494 Accedit.
608 1461 692 1492 Mox
730 1460 874 1503 agmine
909 1457 1038 1489 Medic.
1064 1468 1082 1488 a
1109 1468 1152 1487 m.
1187 1467 1240 1499 pr.
1344 1453 1412 1487 677
1444 1448 1652 1495 Defugiunt

133 1512 254 1552 Sprot.
305 1507 420 1540 sicubi
443 1519 604 1540 concava
630 1514 790 1552 surgunt
814 1505 933 1544 Witt„
968 1515 1036 1535 non
1061 1502 1192 1535 infelici
1219 1512 1350 1533 errore.
1446 1498 1514 1532 673
1538 1494 1653 1539 pudet

135 1559 267 1599 Sprot.,
295 1566 335 1587 ex
365 1555 691 1598 interpretamento.
788 1553 856 1586 679
882 1551 1070 1584 Multacae
1092 1551 1194 1581 Rom.
1243 1551 1462 1592 Agnoscunt
1491 1548 1654 1575 mutatae

137 1606 254 1647 Sprot.
304 1610 359 1633 est
384 1601 481 1633 abest
508 1613 526 1632 a
552 1600 663 1632 tribus
690 1601 805 1631 Burm.
834 1604 868 1630 et
894 1597 1004 1630 Goth.
1029 1602 1111 1628 tert.
1207 1596 1276 1628 680
1292 1596 1481 1639 stammam
1499 1603 1516 1622 a
1537 1599 1580 1618 m·
1599 1597 1653 1629 Pr·

136 1649 264 1682 Medic.
296 1655 331 1679 et
357 1648 447 1680 Gud.
495 1647 679 1692 impendia
707 1648 806 1678 Rom.
903 1645 968 1678 681
1002 1644 1074 1676 udo
1095 1640 1161 1675 sab
1179 1650 1325 1685 pectore
1354 1639 1486 1683 aliquot
1509 1634 1599 1668 Pier.
1619 1637 1655 1664 et

138 1695 188 1728 sic
208 1707 261 1739 pr.
282 1695 407 1736 Hamb.
458 1693 525 1726 sub
554 1694 685 1726 cortice
707 1692 868 1725 Parrhas.
919 1691 1012 1723 duro
1038 1688 1103 1722 sub
1134 1687 1263 1721 robore
1284 1687 1398 1729 vulgg.
1422 1698 1477 1729 ap.
1500 1679 1654 1715 Macrob-

137 1743 199 1784 VI,
224 1743 257 1782 6,
282 1741 344 1774 sed
366 1747 401 1773 et
426 1741 475 1773 ibi
494 1740 630 1773 Thuan.
654 1745 724 1772 vet.
745 1740 828 1772 udo.
925 1738 992 1771 682
1018 1738 1162 1782 Stuppa
1182 1733 1307 1767 Medic.
1335 1732 1462 1777 aliique
1481 1725 1655 1763 vetustio-

138 1801 195 1823 res
218 1789 393 1828 scribuut3
422 1794 457 1820 et
480 1793 534 1819 est
557 1783 721 1829 στύππη.
748 1786 830 1830 (vid.
846 1786 888 1817 V.
901 1785 940 1818 L.
961 1785 1004 1816 ad
1017 1784 1078 1816 Ge.
1094 1784 1115 1821 Ι,
1140 1782 1218 1816 309.
1237 1781 1331 1822 lVr.)
1358 1790 1504 1812 movens
1522 1778 1656 1816 Ilugen·

140 1837 333 1880 lentusque
352 1848 380 1868 c.
401 1835 468 1867 (luo
495 1835 619 1872 Burm„
645 1833 746 1865 male.
795 1833 989 1876 lentusque
1015 1830 1154 1862 carinis·
1172 1828 1294 1860 Hamb.
1327 1840 1379 1872 pr.
1473 1826 1542 1859 655
1569 1823 1658 1853 Tum

136 1891 246 1930 pater
263 1885 381 1925 Sprot.
430 1882 662 1924 humerisque
687 1892 739 1925 pr.
762 1879 885 1911 Hamb.
935 1878 1127 1910 excindere
1149 1875 1272 1907 Medic.
1312 1873 1421 1918 §quod
1450 1872 1571 1905 merito
1590 1867 1658 1899 im-

139 1930 269 1974 probat
291 1928 445 1961 Huschk.
469 1928 512 1960 ad
533 1926 661 1960 Tibull.
694 1939 726 1970 p.
746 1928 826 1961 271.
862 1925 957 1967 lVr.)
1008 1922 1195 1956 abscidere
1229 1923 1365 1963 Menag,
1392 1932 1444 1963 pr.
1475 1921 1578 1951 Voss.
1602 1925 1657 1957 pr·

143 1983 178 2009 et
206 1977 324 2008 Frauc.
360 1974 464 2018 (adde
492 1974 708 2014 Romanum),
745 1986 783 2005 ex
814 1978 987 2016 perpetua
1024 1969 1231 2003 variatione.
1269 1968 1362 2000 conf.
1394 1967 1517 1999 Heius,
1538 1966 1571 1998 h.
1588 1963 1611 1996 l.
1627 1974 1659 1999 et

142 2035 174 2055 v.
197 2034 271 2067 sup.
291 2023 351 2064 IV,
376 2022 456 2055 425.
476 2021 555 2055 590.
581 2022 710 2063 Georg.
734 2021 773 2061 11,
799 2021 856 2054 23.

145 2116 277 2168 capiti.
324 2114 442 2167 Wr.)
515 2114 612 2152 Mox
655 2115 737 2156 674
782 2114 875 2150 bella·

145 2174 368 2211 simulacra
415 2172 543 2210 ciebat
589 2172 874 2210 Lucretianum

935 2106 1142 2162 οἷκᾶματον
1161 2112 1255 2160 πῦρ.
1316 2109 1394 2146 ιι(Ζο
1415 2107 1485 2144 sul)
1511 2107 1658 2157 robore,

933 2169 1006 2206 sub
1040 2168 1205 2205 materia
1235 2167 1404 2217 desuper
1428 2165 1538 2214 aquis
1559 2165 1661 2202 inie-

146 2238 227 2276 est‚
260 2243 309 2268 ex
328 2230 375 2278 II,
408 2229 476 2272 42.
497 2230 592 2271 324.

205 2291 288 2330 676
314 2311 363 2317 —
389 2290 485 2328 679.
525 2289 684 2324 diversa
722 2288 872 2333 littora,

148 2347 325 2385 diversas
358 2345 504 2383 littoris
540 2351 692 2396 partes,
732 2350 778 2381 ut
810 2350 878 2380 to-

148 2405 222 2442 ties
253 2403 358 2441 alibi.
420 2405 546 2452 Piget
573 2403 696 2449 lueis,
730 2408 777 2439 ut
811 2401 876 2449 IV,

149 2462 227 2504 451
257 2462 389 2498 taedet
424 2461 526 2497 coeli
551 2473 728 2497 convexa
761 2461 874 2496 tueri.

149 2519 360 2558 occultant
404 2531 443 2555 se
478 2517 647 2569 pudore.
712 2531 879 2554 excussa

143 2585 302 2628 pectore
325 2578 449 2624 luno,
481 2576 696 2627 praeclare,
727 2575 841 2612 furor
859 2588 881 2611 a

151 2635 303 2672 Iunone
327 2634 515 2682 iniectus3
545 2639 592 2671 ut
614 2634 710 2670 deas
724 2641 883 2682 peclore

153 2694 288 2742 accipi
335 2691 495 2729 dicitur.
555 2689 640 2742 (Sil.
683 2690 770 2730 Ital.
801 2690 883 2737 VII,

154 2750 250 2790 496.
266 2765 273 2786 ε
307 2749 502 2795 „Fabium
516 2749 695 2786 Exuerat,
714 2750 886 2788 mente.“

153 2806 255 2843 adde
276 2806 376 2854 vlu,
409 2809 474 2848 33.
513 2804 625 2857 lVr.)

212 2866 295 2904 680
323 2886 370 2891 -
396 2863 493 2904 684.
553 2862 698 2900 Ornati
735 2875 885 2900 versus.

154 2923 257 2958 vires
308 2921 525 2957 indomitas
575 2933 623 2957 cx
672 2919 886 2958 Homerico

935 2228 1008 2264 ctis
1037 2226 1198 2275 irrigata
1219 2255 1228 2272 ‚
1270 2226 1367 2261 ι’ίιίἰ
1402 2221 1557 2275 (pulcre
1587 2236 1660 2273 pro

936 2285 1077 2331 durat,
1110 2284 1237 2333 ignem
1269 2282 1355 2331 alit)
1383 2290 1552 2330 stuppa,
1585 2293 1662 2330 qua

937 2347 1210 2379 coassatorum
1233 2341 1434 2390 tignorum
1455 2339 1663 2375 iuncturae

935 2400 1104 2450 stipatae
1132 2404 1238 2436 sunt.
1301 2411 1426 2447 vapor
1454 2409 1526 2447 pro
1549 2396 1665 2433 ssani—

938 2471 1002 2495 ma
1041 2463 1081 2494 et
1111 2458 1219 2507 igne,
1268 2454 1441 2492 Lucretii
1471 2454 1665 2505 exemplo,

939 2524 987 2553 ut
1031 2511 1164 2566 οἷῦτμή
1216 2514 1323 2564 apud
1354 2512 1515 2550 Homer.
1564 2511 1666 2549 cons.

940 2572 1069 2610 Guell.
1131 2573 1226 2614 685.
1250 2571 1421 2608 Aeneam
1448 2569 1667 2621 reprehen-

944 2631 1062 2669 debat
1080 2630 1142 2667 vir
1162 2629 1325 2674 doctus,
1358 2627 1466 2679 quod
1500 2627 1549 2664 ad
1576 2639 1667 2678 pre-

946 2702 1008 2726 ces
1031 2688 1175 2726 otiosas
1198 2686 1398 2736 confugit,
1431 2699 1520 2722 cum
1551 2684 1668 2722 auxi-

945 2747 1043 2784 lium
1066 2745 1237 2783 navibus
1252 2745 1355 2782 serre
1377 2744 1549 2781 deberet.
1581 2742 1668 2779 Non

945 2804 1182 2843 meminerat
1202 2817 1240 2840 v.
1262 2800 1342 2843 684
1369 2803 1458 2838 Arc
1481 2803 1578 2836 vires
1598 2799 1665 2834 lie-

946 2876 1058 2899 roum
1108 2860 1323 2911 infusaque
1352 2860 1535 2907 flumina
1571 2868 1669 2906 pror

944 2928 1047 2958 sant.
1094 2915 1427 2956 praestruendum
1456 2927 1563 2952 nunc
1582 2919 1666 2950 eat·
