1811 3388
481 235 606 281 AD
680 232 1105 281 LIBRUM
1178 233 1235 279 ΙΙ
1519 238 1618 285 419

104 377 274 414 magnos
303 363 395 400 cleos
425 361 572 400 dixisse
603 360 734 399 videri
766 359 885 398 debet
912 359 979 398 lib.
1011 360 1075 408 ΙΙΙ,
1112 362 1163 401 12
1190 360 1303 411 seror
1319 361 1414 398 exul
1429 362 1473 397 in
1491 362 1620 399 altum

106 422 207 458 Cum
242 422 358 457 sociis
397 427 594 470 natoque,
649 417 861 457 Penatibus
913 426 949 454 et
986 419 1152 468 magnis
1191 420 1268 456 (lis.
1342 419 1405 456 Ex
1443 420 1619 457 naturali

102 478 319 517 verborum
371 476 513 514 ordine
561 475 626 513 alii
673 473 869 523 Penates,
924 476 986 512 alii
1029 477 1174 526 magni
1213 476 1275 513 dii
1313 489 1395 513 esse
1436 482 1619 527 possunt.

101 535 224 585 Atqui
253 540 413 585 praeter
446 535 609 572 Penates
639 546 838 583 nusquam
870 533 966 570 alios
998 532 1093 571 deos
1123 539 1352 584 exportasse
1383 535 1503 572 Troia
1538 535 1619 571 ser-

102 599 170 630 tur
209 592 383 642 Aeneas,
431 599 471 630 et
520 591 742 629 communis
779 596 837 628 est
874 597 1059 629 veterum
1101 591 1259 642 opinio,
1298 592 1459 629 eosdem
1498 592 1619 629 fuisse

102 648 272 688 Penates
315 655 356 687 et
386 650 480 687 cleos
518 663 691 699 magnos
722 661 742 686 e
775 648 1063 686 Samothracia.
1135 649 1356 687 Varronem
1397 656 1438 687 et
1475 649 1619 687 Hemi-

102 721 195 744 nam
228 707 404 745 Cassium
434 707 574 745 laudat
604 709 715 744 Serv.
745 707 797 744 ad
826 707 855 755 Ι,
888 709 970 747 378
1003 705 1129 757 (unde
1161 707 1352 758 Pompon.
1385 708 1476 745 Sab.
1505 707 1556 745 ad
1585 707 1618 757 I,

102 767 157 806 68
187 779 256 803 sua
292 764 516 818 transtulit)
549 771 589 802 et
617 764 794 802 Mam-ob.
825 764 879 802 ΙΙΙ
910 765 990 802 Sat.
1023 764 1070 804 4:
1102 763 1205 801 adde
1236 767 1347 803 Serv.
1380 765 1431 803 ad
1449 765 1495 813 ΙΙ,
1521 768 1617 808 296.

101 822 167 871 ΙΙΙ,
201 825 265 863 12.
325 823 450 860 Iidem
480 824 540 860 clii
564 824 716 873 patrii,
749 821 843 862 θεοὶ
861 825 1055 876 πατρῷοι.
1115 822 1194 859 Sed
1235 828 1276 860 et
1314 823 1397 874 ipse
1430 823 1618 874 Virgilius

100 880 166 928 HI,
201 881 294 930 159,
324 881 394 918 ubi
425 881 590 918 Penates
620 880 774 917 Aeneae
805 892 876 931 per
907 893 1092 917 somnum
1123 886 1335 931 apparent:
1375 883 1438 918 Τιι
1459 883 1618 918 moenia

101 937 252 988 magnis
282 953 437 990 magna
459 954 584 988 para.
644 938 781 988 ltaque
812 937 1055 975 declarative
1088 937 1129 974 in
1158 938 1226 976 illo
1257 938 1322 986 ΙΙΙ,
1354 938 1516 980 1210co
1539 951 1616 989 po-

101 996 223 1033 situm
263 1009 344 1033 esse
385 996 529 1034 debet:
582 995 797 1036 Penalibas
837 1003 872 1032 et
913 997 1077 1046 magnis
1117 996 1193 1033 (lis.
1264 996 1386 1033 Iidem
1425 997 1535 1045 clivi,
1578 1002 1617 1035 et

102 1053 345 1092 declarative
376 1054 439 1103 Ill,
478 1053 557 1095 148
589 1053 768 1104 Eyfigies
801 1067 941 1090 sacrae
979 1055 1120 1090 dirum
1149 1053 1401 1105 Phrygiique
1431 1056 1616 1092 Penates.

101 1111 261 1149 Sufficit
301 1112 515 1150 memorari
557 1125 578 1148 a
618 1118 759 1162 poeta,
807 1117 1011 1161 tamquam
1056 1106 1293 1149 domesticas
1329 1111 1537 1162 religiones
1577 1117 1617 1149 et

101 1183 236 1217 sacra,
268 1170 457 1217 Penates,
490 1170 584 1207 deos
614 1168 786 1220 patriOS,
825 1181 1044 1219 eorumque
1075 1169 1183 1219 signa
1216 1169 1264 1206 ab
1296 1169 1428 1206 Aenea
1470 1169 1616 1218 ablata,

102 1240 194 1264 cum
223 1227 341 1265 Troia
372 1227 514 1265 exiret.

217 1285 272 1322 l)e
302 1285 479 1323 Palladio
511 1291 550 1322 et
578 1285 699 1323 Vesta
729 1297 826 1321 mox
856 1283 1102 1332 videbimus,
1145 1283 1283 1334 paucis
1312 1283 1536 1335 praemissis
1567 1284 1616 1323 de

103 1342 336 1381 Penatibus.
401 1344 461 1381 Ex
491 1343 587 1381 locis
617 1341 788 1380 laudatis
819 1341 947 1392 colligi
977 1354 1091 1392 posse
1121 1341 1311 1389 videtur,
1355 1344 1488 1379 onmia
1526 1341 1615 1391 ista,

103 1406 142 1437 et
172 1400 277 1452 ipsos
308 1402 495 1447 Penates,
533 1401 575 1438 in
606 1401 760 1439 Aeneae
791 1399 910 1437 domo
948 1399 1088 1447 suisse3
1128 1411 1301 1449 namque
1345 1411 1395 1437 ex
1435 1412 1480 1436 ea
1521 1399 1616 1437 effe-

102 1464 263 1496 runtur.
323 1459 445 1509 Atqui
475 1457 554 1496 hoc
583 1464 724 1510 poetae
754 1456 941 1505 consilio,
972 1462 1012 1494 et
1033 1456 1204 1494 aliorum
1234 1457 1417 1494 locorum
1449 1463 1615 1495 senten-

101 1515 199 1564 tiae,
230 1515 382 1567 ipsique
413 1516 490 1565 rei,
529 1521 784 1568 repugnaret.
841 1514 943 1551 Nam
976 1527 996 1551 e
1027 1514 1179 1564 Virgilii
1221 1514 1362 1551 saltem
1404 1521 1537 1552 mente
1575 1521 1616 1553 et

103 1573 291 1621 consilio,
319 1573 476 1624 publici
511 1576 654 1611 Troiae
684 1576 878 1620 Penates,
923 1572 984 1609 clii
1008 1574 1162 1622 patrii,
1208 1585 1290 1609 non
1330 1571 1485 1610 Aeneae
1527 1573 1616 1623 pri—

103 1631 188 1669 vati
217 1644 299 1668 esse
332 1631 528 1681 debuere,
560 1632 627 1682 qui
657 1631 699 1668 in
728 1630 884 1668 Italiam
914 1629 1080 1667 abducti
1120 1629 1171 1666 ad
1208 1630 1411 1667 Romanos
1451 1631 1616 1668 tandem

102 1696 385 1741 pervenerunt.
448 1690 495 1727 Et
525 1695 620 1727 sunt
657 1689 765 1737 loca,
804 1688 848 1725 in
888 1687 1032 1738 quibus
1068 1687 1215 1738 passim
1261 1689 1403 1725 Troiae
1438 1691 1616 1726 Penates

103 1747 307 1784 dicuntur.
367 1748 431 1784 Sic
460 1747 508 1795 ΙΙ,
541 1750 622 1790 293
655 1748 782 1784 Sacra
811 1758 981 1795 suosque
1012 1744 1085 1782 tibi
1111 1746 1363 1782 commendat
1397 1746 1517 1783 Troia
1539 1746 1614 1783 Pe-

102 1811 224 1842 nates.
256 1805 336 1853 VIl,
371 1808 447 1847 121
488 1806 672 1856 Vosque,
714 1806 798 1851 ait,
840 1803 967 1851 ostili
996 1802 1140 1840 Troiae
1168 1803 1317 1840 salvete
1350 1803 1528 1842 Penates.
1568 1804 1614 1843 V.

102 1865 158 1905 62
196 1862 378 1900 acllzibete
418 1863 584 1900 Penates
629 1864 683 1899 Et
721 1861 874 1913 patrios
914 1861 1067 1911 epulis,
1121 1868 1157 1897 et
1197 1875 1296 1911 quos
1332 1862 1427 1899 colit
1469 1861 1615 1912 hospes

101 1921 286 1966 Acestes,
321 1927 360 1957 et
390 1934 428 1958 V.
462 1923 544 1961 632
588 1920 622 1957 Ο
654 1920 784 1971 patria
815 1924 856 1956 et
886 1921 997 1969 rapti
1022 1920 1291 1970 nequicquam
1321 1932 1369 1955 ex
1397 1919 1507 1956 hoste
1537 1920 1614 1957 Pe-

101 1983 226 2015 nates.
257 1978 436 2015 Tandem
471 1978 537 2026 [X,
569 1977 653 2019 258
689 1979 856 2027 Excipit
885 1977 1119 2014 Ascanius:
1158 1978 1240 2012 Per
1267 1989 1453 2027 magnos,
1487 1978 1610 2025 Nise,

102 2035 268 2072 Penates
298 2035 558 2086 Assaracique
588 2036 729 2072 Larem
759 2043 795 2071 et
823 2048 951 2071 canae
978 2034 1204 2084 penetralia
1242 2035 1401 2072 Vestae.
1441 2034 1486 2083 V,
1517 2034 1614 2077 744.

103 2105 175 2144 per
206 2095 481 2143 Pergameum
511 2095 664 2130 Larem
694 2092 853 2129 eosdem
883 2091 1049 2129 Penates
1081 2090 1313 2129 declaravit.
1373 2092 1424 2129 Et
1453 2091 1495 2129 in
1526 2092 1613 2143 ipso

103 2150 171 2187 illo
209 2150 297 2187 loco
338 2150 383 2198 II,
422 2153 506 2191 297
556 2150 722 2200 adytum
767 2150 970 2199 penetrale
1011 2157 1370 2197 commemoratur,
1410 2149 1520 2199 quod
1561 2149 1613 2187 ad

104 2208 296 2258 templum
338 2214 517 2258 spectare
556 2207 684 2244 debet.
754 2207 795 2243 Si
841 2206 963 2256 igitur
1008 2206 1157 2257 publici
1198 2206 1361 2243 Penates
1398 2207 1531 2254 fuere,
1571 2206 1613 2244 in

103 2264 258 2302 Aeneae
288 2264 407 2302 domo
437 2265 600 2302 Penates
630 2264 779 2316 publici
808 2263 948 2301 haberi
976 2278 1060 2301 non
1100 2269 1278 2314 potuere.
1339 2263 1419 2301 Sed
1458 2264 1612 2302 misceri

103 2323 255 2371 solent,
288 2329 327 2360 et
356 2323 438 2374 ipse
467 2322 626 2370 miscui,
657 2322 814 2360 diversa
833 2321 939 2359 inter
960 2334 1012 2359 se.
1072 2321 1117 2358 In
1141 2334 1218 2359 vss.
1239 2323 1323 2362 293
1347 2334 1402 2371 sq.
1423 2335 1519 2360 cura
1538 2322 1613 2359 Pe-

103 2380 256 2418 natium
289 2387 449 2418 tantum
479 2381 697 2418 mandatur
734 2380 895 2416 Aeneae
937 2379 986 2416 ab
1024 2378 1209 2416 Hectoris
1248 2378 1390 2416 umbra
1403 2393 1414 2428 3
1454 2393 1536 2417 non
1578 2379 1612 2417 ei

104 2438 328 2476 vtraduntur
358 2452 502 2487 manu,
528 2444 570 2475 at
600 2437 755 2474 Aeneae
785 2436 871 2474 visa
902 2443 961 2474 est
990 2436 1133 2474 umbra
1163 2436 1347 2474 Hectoris
1366 2436 1449 2488 ipsa
1474 2437 1614 2475 ell'erre

105 2508 124 2531 e
154 2496 302 2547 templo
334 2496 476 2534 Vestae
503 2496 658 2546 signum
697 2495 886 2533 vittatum
927 2508 1016 2532 cum
1055 2508 1168 2532 sacro
1205 2494 1295 2544 igni.
1364 2494 1453 2532 Non
1490 2495 1613 2546 igitur

104 2552 181 2590 hoc
212 2566 303 2590 vere
333 2554 500 2602 sactum,
532 2567 605 2590 nec
635 2553 684 2590 ab
716 2551 848 2590 Aenea
883 2551 1003 2590 Vesta
1033 2566 1125 2590 cum
1154 2551 1234 2602 igni
1265 2552 1508 2604 absportata,
1540 2565 1613 2590 nec

103 2609 176 2660 ipsi
206 2611 370 2649 Penates
401 2611 434 2648 ei
473 2611 658 2649 Hectoris
698 2624 821 2648 manu
857 2610 1019 2648 traditi:
1061 2610 1130 2647 sed
1168 2616 1328 2648 tantum
1370 2610 1453 2647 eius
1493 2624 1612 2648 curae

106 2668 294 2706 mandati.
352 2669 458 2707 Illud
489 2670 592 2706 sorte
622 2669 759 2719 quaeri
796 2673 950 2718 potest:
991 2667 1193 2718 quomodo
1234 2668 1285 2704 ad
1324 2667 1498 2705 Aeneam
1533 2681 1612 2719 po—

105 2724 297 2762 tissimum
331 2726 539 2764 Penatium
569 2740 666 2764 cura
696 2725 914 2777 spectabat.
974 2726 1111 2763 Potuit
1152 2725 1289 2775 utique
1326 2731 1531 2775 tamquam
1560 2725 1612 2763 ad

106 2793 229 2818 unum
259 2795 278 2818 e
310 2784 575 2835 principibvs,
608 2784 659 2821 ad
687 2798 786 2834 quos
818 2783 874 2820 rei
904 2784 1086 2834 publicae
1117 2789 1157 2821 et
1185 2783 1296 2820 urbis
1326 2796 1422 2820 cura
1453 2788 1612 2833 specta-

106 2836 184 2874 bat.
244 2839 384 2877 Poetae
415 2842 508 2878 satis
538 2848 646 2890 erat,
677 2841 862 2879 Hectoris
893 2842 1058 2879 umbrae
1091 2840 1251 2878 monitu
1280 2840 1322 2878 id
1351 2841 1504 2878 factum
1536 2840 1611 2877 de-

106 2894 267 2932 clarare.
338 2898 393 2934 Eo
443 2898 553 2948 loco,
606 2913 685 2949 quo
734 2899 783 2936 de
834 2898 965 2936 Aenea
1012 2895 1060 2938 τοὶ
1102 2894 1371 2951 ἱστορούμενα
1412 2897 1611 2935 afferimus

107 2949 291 3003 (Disquis.
324 2954 370 3002 11,
398 2954 446 2992 de
476 2968 552 2993 rer.
584 2957 666 2994 inv.
697 2970 725 2994 S.
758 2957 821 2995 VI.
851 2956 1018 2995 Excurs.
1049 2955 1161 2995 XVII
1191 2955 1243 2992 ad
1274 2955 1341 2993 lib.
1372 2955 1419 2994 11.
1443 2956 1609 2994 Excurs.

1209 3024 1274 3068 27
1299 3027 1326 3057 *
