1779 3420
141 235 243 285 240
486 223 1117 276 EXCURSUS
1194 222 1332 270 XII

481 408 1128 469 EXCURSUS
1212 403 1351 461 XII

658 525 830 568 Pius
879 523 1169 567 Aeneas.

263 649 301 698 l,
334 648 431 689 378.
465 645 562 685 379.
624 641 724 679 Sum
752 642 850 692 pius
880 639 1069 688 Aeneas,
1102 645 1241 689 raptos
1272 638 1344 689 qai
1375 651 1423 674 ex
1459 636 1571 674 hoste
1601 636 1686 673 Pe-

146 716 262 747 nates
300 707 438 744 Classe
468 701 568 740 vello
596 713 779 748 mecam,
810 698 943 750 sama
983 710 1106 747 saper
1143 694 1308 733 aelbera
1347 703 1476 733 notas.
1544 693 1687 732 Notati

147 766 193 805 bi
223 778 388 812 versus,
428 759 540 812 quod
575 757 730 796 Aeneas
774 756 927 808 egregie
962 767 1003 793 se
1038 754 1170 807 ipsum
1201 752 1472 792 commendat.
1548 753 1686 802 Recte,

150 823 301 864 nostris
331 819 512 859 moribus
547 816 579 855 si
606 829 693 855 rem
726 815 928 865 aestimes3
967 826 1080 851 secus
1091 842 1102 863 ‚
1138 811 1169 850 si
1201 810 1394 862 heroicis3
1431 816 1479 851 ut
1509 824 1561 850 ex
1596 817 1686 849 toto

150 883 330 921 Homero
361 877 456 916 satis
479 880 650 914 constat.
720 873 917 927 Exempla
943 872 1117 911 aliorum
1143 884 1182 910 v.
1217 884 1279 922 ap.
1305 870 1482 909 Pierson.
1502 869 1687 909 Verisim.

151 955 190 994 p.
229 942 333 983 206:
378 934 484 974 adde
516 932 733 987 Spencium
769 930 830 986 (in
868 934 1003 983 Essay
1037 945 1089 968 on
1121 930 1275 980 I’ope's
1313 930 1490 981 Ochus-sey
1520 929 1561 968 P.
1589 928 1616 968 Ι.
1647 942 1687 981 p.

153 996 241 1049 52).
310 995 388 1035 Hic
428 993 513 1046 ipse
549 1005 692 1031 versus
730 1004 782 1029 ex
817 990 997 1029 Homero
1035 988 1305 1026 adumbratus
1338 987 1483 1040 Odyss.
1535 1003 1570 1037 ι,
1622 988 1688 1028 19.

153 1056 315 1108 Ulysses
351 1052 461 1106 apud
493 1050 727 1090 Alcinoum:
760 1044 866 1102 Ei'pc'
892 1044 1086 1096 Ὀδυσεῦς
1113 1041 1388 1100 Λαερτιάδης,
1420 1042 1466 1094 ὃς
1492 1049 1595 1087 πᾶσι
1621 1040 1690 1086 δό-

155 1119 289 1156 λοισιν
321 1106 604 1165 Ἀνθρώποισι
630 1108 737 1162 μέλω
771 1105 907 1160 (carus
930 1115 967 1144 et
994 1106 1214 1144 honoratus
1242 1119 1332 1143 sam
1355 1112 1526 1156 propter
1556 1117 1689 1155 saga-

153 1175 318 1211 citatem
351 1170 611 1207 consiliorum
647 1170 690 1205 in
724 1181 764 1204 re
800 1164 963 1219 bellica)
1001 1164 1073 1205 καί
1109 1179 1184 1217 μευ
1225 1163 1341 1212 κλέος
1380 1159 1562 1215 οὐρανόν
1597 1162 1689 1203 ἵκει.

141 1232 276 1283 Jama
311 1242 435 1280 saper
470 1226 635 1264 aethera
674 1233 813 1273 ηοιιιε,
870 1237 921 1262 ex
957 1222 1140 1275 poeticae
1179 1221 1372 1261 orationis
1411 1222 1549 1273 genio,
1588 1219 1691 1259 nihil

156 1288 269 1328 aliud
300 1300 422 1339 quam
451 1284 711 1336 simpliciter,
747 1282 902 1320 celeber
930 1288 969 1319 et
997 1281 1187 1333 inclytus.
1246 1280 1449 1332 Inclytum
1481 1287 1618 1318 autem
1645 1292 1692 1316 ac

156 1353 303 1388 notum
333 1359 373 1384 se
396 1343 691 1382 calamitatibus
711 1341 793 1380 suis
819 1341 976 1389 dicere,
1006 1340 1140 1378 minus
1166 1338 1289 1378 habet
1317 1338 1545 1377 offensionis
1570 1338 1692 1376 etiam

157 1405 309 1446 nostris
348 1403 553 1451 moribus,
592 1408 633 1439 et
662 1399 826 1453 pietatis
856 1399 1008 1438 mentio
1042 1400 1146 1437 sacta
1182 1397 1395 1437 hominum
1433 1397 1586 1436 animos
1619 1396 1692 1435 be-

158 1463 327 1503 nevolos
358 1462 432 1515 ipsi
461 1460 633 1499 reddere
661 1464 836 1511 poterat.
897 1458 1049 1497 Verum
1082 1463 1122 1496 et
1149 1459 1258 1509 pias,
1290 1463 1339 1495 ut
1363 1457 1527 1494 omnino
1550 1456 1591 1494 in
1614 1454 1693 1493 Ae-

159 1522 300 1571 neide,
340 1525 583 1573 perpetuum
614 1524 673 1556 est
704 1518 860 1556 Aeneae
890 1517 1154 1568 attributum,
1188 1516 1321 1567 quod,
1353 1514 1571 1553 Homerico
1602 1527 1693 1552 mo-

159 1595 223 1631 re,
254 1579 421 1633 proprio
452 1577 607 1617 nomini
636 1583 842 1627 tamquam
874 1575 986 1613 aliud
1015 1575 1227 1628 proprium
1259 1574 1507 1625 adiungitur.
1567 1573 1632 1611 Sic
1655 1577 1695 1610 et

155 1648 279 1692 pater
307 1639 491 1685 Aeneas,
527 1635 638 1688 quod
667 1635 895 1686 antiquiore
921 1646 1106 1672 sermone
1135 1633 1303 1671 honoris
1328 1632 1575 1671 vocabulum
1603 1630 1695 1679 fuit,

162 1713 210 1737 ac
234 1695 484 1736 reverentiae
513 1694 761 1746 amorisque,
792 1693 975 1745 inprimis
996 1692 1155 1744 regibus
1184 1692 1401 1731 tributum.
1461 1691 1526 1729 Sic
1550 1690 1695 1742 Odyss.

163 1762 210 1806 θ,
245 1755 326 1798 145
359 1755 464 1804 ξεῖνε
496 1748 635 1806 πάτερ.
697 1752 798 1790 Cum
826 1757 961 1790 autem
982 1753 1152 1802 pietatis
1186 1751 1300 1789 notio
1323 1755 1407 1787 tam
1435 1748 1515 1787 late
1538 1753 1695 1802 pateat:

164 1813 306 1867 quaeri
338 1818 497 1864 potest,
539 1825 618 1863 quo
659 1810 824 1849 tandem
859 1823 979 1848 sensu
1008 1816 1128 1861 poeta
1166 1809 1292 1861 accipi
1333 1808 1524 1847 voluerit.
1600 1806 1697 1845 Fuit

165 1873 274 1912 enim
303 1871 458 1910 Aeneas
482 1872 581 1921 pius
609 1871 652 1907 in
675 1878 864 1920 patrem:
898 1867 1007 1907 unde
1031 1868 1096 1917 ΠΙ,
1127 1866 1208 1910 481
1243 1868 1293 1906 de
1319 1866 1515 1905 Anchise:
1547 1881 1569 1905 o
1583 1866 1698 1919 fi’lix

166 1933 258 1970 nati
282 1932 437 1981 pietate
446 1944 461 1976 ;
495 1929 573 1967 suit
603 1930 646 1965 in
663 1928 832 1976 fillum,
867 1929 910 1964 ἰιι
932 1928 1141 1978 patriam,
1176 1928 1220 1964 in
1253 1927 1361 1964 cleos.
1432 1925 1590 1964 Scilicet
1618 1923 1699 1962 hoc

166 1990 311 2028 ultimo
350 1992 537 2040 respectu
574 1986 706 2024 dictus
741 1992 802 2024 est
835 1986 935 2036 pias
977 1999 1000 2022 a
1031 1991 1172 2037 poeta,
1216 1980 1439 2038 θεοσεβής,
1475 1983 1698 2036 religiosus.

168 2049 326 2087 Docent
364 2045 443 2084 hoc
478 2045 694 2094 adiuncta,
734 2043 778 2082 h.
816 2043 842 2082 l.
874 2052 1014 2094 raptos
1041 2045 1113 2096 qui
1141 2057 1190 2080 ex
1218 2043 1329 2081 hoste
1362 2044 1536 2081 Penates
1570 2042 1699 2080 classe

168 2107 270 2146 veho
303 2118 485 2153 mecam,
519 2103 603 2143 Lib.
632 2103 691 2153 II,
724 2105 820 2146 691.
842 2104 1020 2153 lupiler,
1059 2102 1227 2153 adspice
1256 2116 1354 2150 nos,
1389 2108 1449 2151 et,
1483 2102 1520 2138 si
1546 2101 1700 2152 pietate

169 2178 380 2212 meremur,
417 2164 491 2201 Da
514 2161 657 2200 deinde
678 2161 896 2200 auxilium.
957 2160 1182 2209 Convenit,
1214 2159 1326 2212 quod
1350 2159 1392 2198 in
1425 2158 1612 2198 omnibus
1630 2170 1700 2197 re-

169 2224 246 2263 bus
275 2221 443 2261 monitis
474 2220 644 2259 deorum
673 2219 947 2271 obtemperat,
988 2225 1027 2256 et
1059 2219 1191 2271 primo
1221 2219 1334 2268 loco,
1376 2216 1475 2268 hoc,
1516 2216 1628 2269 quod
1658 2216 1700 2254 in

168 2282 350 2322 Homero
386 2279 431 2320 Il.
467 2295 513 2329 v,
546 2281 644 2321 298.
679 2281 718 2320 9.
752 2278 795 2316 in
831 2277 1020 2315 laudibus
1049 2277 1206 2315 Aeneae
1240 2291 1292 2316 ex
1321 2276 1500 2329 Neptuni
1530 2288 1701 2329 persona

171 2341 302 2394 pietas
333 2343 602 2376 memoratur:
641 2334 910 2391 κεχαρισμένα
943 2331 986 2376 δ’
1015 2335 1094 2376 αἰεὶ
1125 2336 1241 2387 δῶρα
1273 2339 1408 2376 θεοῖσι
1441 2335 1608 2384 δίδωσι,
1639 2331 1703 2374 τοὶ

174 2393 359 2451 οὐρανόν
401 2392 525 2450 εὐρύν
556 2395 704 2448 ἔχουσι.
782 2395 882 2432 Cum
923 2394 1073 2447 pietate
1099 2394 1254 2432 iustitia
1288 2394 1470 2445 iungitur
1501 2393 1575 2433 inf.
1606 2390 1703 2436 544.

173 2456 272 2500 545.
333 2454 457 2503 Quod
486 2460 621 2492 autem
657 2453 699 2491 in
729 2452 970 2501 Penatibus,
1004 2452 1053 2490 de
1082 2451 1230 2504 quibus
1266 2467 1305 2491 v.
1339 2452 1438 2492 Exc.
1469 2452 1527 2490 IX
1556 2450 1608 2489 ad
1635 2450 1703 2488 lib.

174 2515 231 2564 11,
263 2527 366 2565 quos
404 2526 540 2551 secum
569 2511 818 2561 abduxerat,
858 2509 1011 2548 Aeneas
1042 2510 1225 2562 inprimis
1259 2510 1473 2562 gloriatur,
1506 2509 1559 2547 ad
1588 2514 1705 2547 vete-

174 2586 262 2613 rem
290 2570 523 2623 religionem
554 2570 743 2622 pertinet.
813 2568 1005 2607 Nondum
1035 2568 1169 2606 excisa
1195 2568 1313 2621 plane
1345 2574 1384 2606 et
1418 2581 1556 2607 eversa
1587 2566 1705 2606 vide-

174 2632 299 2671 batur
331 2643 434 2681 resp.
464 2628 745 2680 superstitibus
780 2626 916 2665 adhuc
951 2626 1026 2664 diis
1064 2627 1308 2665 tutelaribus
1341 2640 1411 2664 seu
1442 2626 1603 2678 patriiS,
1634 2638 1707 2662 eo-

175 2701 348 2741 rumque
376 2687 481 2726 vasis
510 2693 551 2724 et
580 2687 702 2724 'sacris
723 2685 1017 2723 instrumentis,
1078 2684 1160 2732 Qui
1188 2684 1230 2722 in
1257 2685 1455 2723 coloniam
1487 2683 1708 2722 mitteban-

176 2755 270 2798 tur,
300 2760 414 2785 sacra
442 2744 711 2797 metropoleos
736 2757 829 2782 suae
862 2757 996 2781 secum
1027 2743 1295 2781 abducebant.
1357 2743 1397 2780 Si
1432 2756 1567 2791 sacra,
1600 2740 1641 2780 h.
1675 2754 1707 2778 e.

179 2806 235 2846 dii
266 2804 389 2858 patrii
422 2809 460 2840 et
488 2816 628 2842 eorum
663 2802 871 2850 utensilia,
907 2807 1039 2839 essent
1067 2815 1137 2839 seu
1174 2801 1215 2840 vi
1246 2815 1316 2839 seu
1346 2801 1487 2839 fraude
1524 2806 1563 2838 et
1595 2800 1708 2838 furto

178 2865 334 2913 ablata,
370 2861 605 2914 gravissima
645 2860 848 2898 calamitas
887 2872 931 2897 ea
967 2859 1205 2898 habebatur.
1284 2860 1339 2897 Ut
1377 2859 1473 2897 deos
1507 2859 1710 2906 elicerent,

178 2923 247 2976 qui
280 2922 423 2961 urbem
458 2919 769 2973 oppugnabant,
799 2924 871 2957 aut
903 2924 950 2955 ut
982 2918 1077 2956 deos
1108 2917 1280 2957 vinculis
1309 2918 1503 2970 ligarent,
1540 2917 1608 2968 qui
1636 2916 1711 2954 ob-

178 2981 334 3021 sidione
379 2979 492 3031 gravi
530 2977 843 3031 premebantur,
883 2975 936 3014 ad
976 2976 1145 3014 candem
1193 2976 1425 3027 religionem
1468 2975 1711 3029 pertinebat.
