1779 3420
105 185 204 231 616

438 180 491 227 Ρ.
538 175 880 226 VIRGILII
924 173 1295 223 MARONIS

106 309 278 357 Aurea
302 319 626 371 purpuream
646 299 911 350 subnectit
936 297 1102 347 fibula
1121 308 1339 350 vestem.

105 380 217 427 Nec
238 392 352 424 non
375 383 427 424 et
447 371 656 436 Phrygii
688 369 934 432 comites,
968 378 1021 418 et
1040 368 1206 418 laetus
1232 370 1393 432 Iulus,
1520 375 1615 422 140

107 445 386 497 Incedunt.

457 445 578 507 Ipse
602 448 722 488 ante
742 438 870 487 alios
892 438 1248 504 pulcerrimus
1279 438 1453 487 omnis

110 513 279 566 Infert
309 530 365 562 se
396 512 600 561 socium
629 513 857 569 Aeneas,

896 517 1054 573 atque
1081 509 1289 572 agmina
1313 508 1502 572 iungit:

114 585 293 647 Qualis
311 583 402 632 ubi
427 581 706 629 hibernam
728 578 940 642 Lyciam
959 578 1261 643 Xanthique
1282 576 1481 626 fluenta

111 654 341 713 Deserit,
381 667 437 699 ac
464 648 658 700 Delum
690 657 986 697 maternam
1006 647 1180 696 invisit
1200 647 1412 713 Apollo,

112 727 478 786 Instauratque
506 718 725 781 choros,
762 717 1016 783 mixtique
1039 716 1213 766 altaria
1241 717 1438 766 circum
1524 720 1620 769 145

189 822 298 867 143.
335 816 549 876 QUALIS,

210 944 277 979 140
305 943 408 986 Tyrii
429 954 458 975 c.
486 942 585 974 Rom.
620 946 656 972 et
685 940 843 973 nonnulli
868 940 995 982 Pierii3
1036 940 1128 973 forte
1163 951 1204 971 ex
1229 951 1260 973 v.
1288 939 1364 974 162.
1413 946 1448 971 et
1468 938 1624 985 pulcher

118 991 225 1025 Iulus
248 994 365 1035 Sprot.
392 994 428 1021 et
452 999 516 1033 pro
540 998 611 1021 var.
635 987 717 1020 lect.
742 1000 794 1032 pr.
820 988 958 1029 Hamb.,
982 987 1044 1019 sed
1070 988 1191 1019 laetas
1208 985 1501 1018 accommodatius
1528 985 1563 1017 h.
1588 985 1624 1025 l.‚

120 1046 156 1071 ut
189 1039 279 1070 bene
315 1038 429 1068 Burm.
464 1035 639 1067 observat.
697 1035 764 1077 (-
792 1036 868 1069 142.
904 1036 1034 1079 iunget
1058 1033 1183 1066 Medic.
1225 1033 1318 1076 ῙΓΓ.)

1417 1031 1483 1066 144
1508 1032 1624 1065 Delon

118 1084 195 1126 alii,
230 1084 291 1116 sed
325 1081 493 1126 Virgilius
524 1080 780 1114 enuntiationes
815 1081 940 1113 latinas
973 1081 1007 1112 in
1042 1081 1097 1113 his
1131 1086 1241 1121 amat,
1280 1086 1317 1112 ut
1341 1078 1460 1111 Heins.
1495 1078 1623 1111 docuit.

121 1130 185 1167 145
209 1132 498 1173 instaurancque
521 1127 620 1160 Leid.
646 1140 718 1161 un.:
747 1127 796 1160 ita
821 1140 877 1160 res
903 1128 1148 1160 transferretur
1168 1127 1212 1159 ad
1239 1129 1360 1159 Crete-s·
1385 1134 1419 1159 ec
1444 1129 1509 1158 Dr.
1557 1127 1624 1158 In-

119 1179 325 1223 struxitque
348 1178 481 1220 Hugen.
531 1188 600 1221 que
623 1181 706 1219 post
730 1176 832 1208 mixti
854 1175 954 1208 deest
977 1174 1080 1207 alteri
1105 1175 1245 1217 Menag.

123 1273 267 1320 nicam,
298 1273 415 1309 etiam
437 1269 710 1322 chlamydem:
741 1269 846 1307 hane

120 1331 325 1369 interdum
345 1330 386 1367 in
405 1334 576 1380 pectore.
615 1328 696 1366 Nee
716 1333 847 1366 tamen

122 1390 209 1427 talis
232 1388 352 1426 fibula
382 1387 483 1425 bene
510 1386 742 1423 subnectere
763 1399 848 1422 eam

123 1446 250 1486 videri
272 1450 414 1498 potest.
461 1443 681 1481 Dicendum
702 1443 848 1494 itaque,

124 1505 288 1543 fibulam
322 1502 390 1540 hio
428 1514 508 1540 esse
538 1501 580 1539 in
612 1501 743 1539 balteo
780 1514 848 1538 seu

126 1562 295 1613 cingulo,
328 1574 406 1611 quo
425 1560 561 1597 tunica
579 1560 848 1609 succingitur:

127 1626 173 1658 ut
198 1620 266 1657 ins.
303 1619 349 1666 V,
381 1620 475 1665 312,
508 1620 545 1657 3.
585 1618 631 1657 cf.
665 1617 734 1664 XI,
765 1619 849 1658 776

128 1684 167 1715 et
204 1682 289 1714 not.
350 1675 456 1726 (Vid.
492 1675 583 1713 Not.
614 1674 665 1711 ad
696 1675 724 1721 I,
755 1675 849 1715 492.

135 1732 278 1785 chlz.)
348 1735 476 1783 Supra
506 1732 540 1779 I,
581 1735 662 1772 320
699 1732 850 1768 mulum

131 1792 306 1830 dixerat:
348 1791 528 1840 nodoque
552 1791 661 1825 sinus
687 1789 851 1825 collecta

129 1852 322 1899 fluentas&
370 1846 411 1885 h.
446 1860 477 1884 e.
515 1846 658 1883 balteo.
706 1846 780 1882 Ubi
806 1846 853 1883 cs.

133 1913 213 1944 not.
271 1905 388 1953 Nam,
419 1911 466 1942 ut
488 1904 606 1941 fibula
630 1903 855 1941 inferiorem

132 1964 253 2002 vestis
292 1976 401 2000 oram
439 1961 681 2011 substringat
723 1962 854 2009 altius,

133 2028 179 2060 ut
213 2034 255 2058 ca
281 2021 432 2057 elevata
466 2019 537 2067 sit,
582 2018 707 2056 nostri
736 2018 856 2056 moris

135 2092 214 2117 esse
241 2084 395 2130 potest,
429 2077 499 2114 vix
531 2076 696 2126 antiqui.
741 2074 855 2128 (auro

136 2149 540 2174 -cmrum———azlrea
555 2150 565 2171 :
607 2133 689 2172 vid.
708 2133 756 2170 de
781 2133 857 2171 hac

137 2194 327 2232 orationis
349 2192 539 2243 elegantia
557 2191 772 2230 weicheri.
792 2193 857 2228 De

138 2267 255 2289 vers-s.
279 2252 396 2287 iniur.
421 2264 529 2299 Sil-sy).
552 2263 589 2300 p.
606 2252 684 2297 98„
705 2255 743 2285 et
760 2263 858 2298 quos

140 2310 202 2346 ille
223 2308 382 2350 laudat,
426 2307 591 2344 Victorii
615 2307 705 2343 Var.
736 2308 858 2344 Lecti.

141 2365 324 2413 XXXHI,
351 2367 409 2404 12.
440 2365 656 2402 Burmann.
677 2363 858 2402 adOvid.

142 2423 231 2460 Met.
253 2423 298 2470 ll,
333 2424 423 2462 107.
459 2421 575 2473 ll'r.)

202 2479 293 2520 141.
329 2478 421 2519 142.
459 2479 742 2527 pzzlcwrfflms,
788 2479 866 2515 Ve—

145 2537 247 2575 neris
273 2548 436 2572 munere
468 2541 578 2585 puta.
619 2536 683 2572 lib.
716 2536 751 2581 l,
783 2537 865 2576 589

146 2608 228 2645 sqq.
289 2594 457 2641 agmina
478 2594 633 2640 mugil,
669 2592 865 2629 'si-oiano«

146 2666 234 2690 runi
256 2664 344 2687 cuni
365 2649 506 2698 Tyriis,
537 2650 590 2685 ait
611 2650 746 2685 Burin.
778 2650 866 2685 sci-

149 2711 239 2748 licet
270 2706 483 2744 dicendum
505 2712 583 2753 est,
619 2719 698 2741 esse
722 2706 864 2754 exqui-

149 2769 322 2806 sitim-em
346 2769 483 2814 poetae
503 2764 690 2800 sormam:
722 2765 866 2811 iunge-

150 2840 188 2863 re
214 2836 361 2872 agmen
391 2820 452 2857 vel
485 2822 653 2869 agmina
688 2834 760 2870 pro
792 2820 866 2856 ad-

151 2885 309 2933 iungere
331 2892 369 2915 se
391 2891 478 2914 cnm
505 2877 654 2927 agmine
683 2891 763 2914 suo.
802 2878 868 2916 ins.

908 1269 978 1318 XI,
1004 1268 1084 1311 145
1118 1269 1263 1306 Conlra
1284 1267 1398 1306 turha
1417 1267 1628 1319 Phrygum

907 1329 1066 1365 veniens
1091 1328 1333 1376 plangenda
1366 1328 1537 1376 iungant
1577 1340 1628 1362 a-

906 1387 1065 1436 gmina,
1086 1384 1320 1435 adiungunt.
1345 1381 1521 1436 (adden,
1535 1386 1628 1424 267.

913 1442 1061 1495 IVclz.)
1123 1441 1373 1493 Comparatio
1411 1447 1543 1478 autem
1578 1440 1631 1477 ita

908 1501 973 1538 fit:
1015 1503 1098 1550 ipse
1126 1500 1245 1550 infla-l
1272 1514 1311 1536 se
1336 1498 1450 1548 talis,
1499 1499 1631 1550 qualis

908 1558 1025 1608 insert
1044 1572 1084 1594 se
1115 1557 1257 1608 Apollo
1270 1579 1318 1585 -
1334 1572 1343 1607 3
1375 1558 1468 1606 lpse
1482 1556 1631 1606 gradi-

906 1616 1181 1653 tur—Haud
1198 1616 1325 1652 aliter.
1372 1614 1523 1665 (potius
1552 1613 1630 1650 ita:

910 1672 1063 1723 „qualis
1097 1673 1263 1723 Apollo,
1315 1672 1432 1722 Lycia
1463 1671 1631 1719 deserta,

910 1731 1048 1767 Delum
1068 1730 1252 1777 invisens,
1277 1728 1426 1780 Cynthi
1448 1728 1546 1779 iugis
1567 1728 1634 1765 in-

912 1788 1152 1839 greditul·3“
1195 1788 1243 1825 cf.
1274 1787 1320 1824 V.
1338 1787 1379 1824 L.
1413 1786 1464 1824 ad
1486 1786 1583 1823 Aen.
1605 1786 1633 1834 I,

918 1845 1008 1886 148.
1041 1845 1086 1894 ll,
1117 1844 1212 1885 471.
1257 1844 1370 1881 Nulla
1390 1851 1522 1881 tamen
1543 1857 1634 1880 inu-

914 1903 1059 1940 tandae
1095 1902 1432 1953 interpunctionis
1465 1901 1635 1939 necessi—

914 1966 985 2009 tas,
1016 1966 1061 1997 ut
1083 1960 1213 1997 visum
1230 1966 1289 1997 est.
1304 1959 1441 1997 Iahnio
1456 1965 1493 1996 et
1506 1959 1635 1996 W'un-

915 2017 1119 2065 derlicliio,
1150 2017 1222 2054 nisi
1245 2017 1351 2067 quod
1374 2030 1524 2054 comnia
1549 2023 1636 2068 post

921 2077 1064 2125 Qualis
1090 2076 1262 2126 positum
1292 2075 1440 2123 delevi,
1486 2074 1554 2112 vid
1592 2074 1634 2111 V.

915 2134 955 2170 L.
982 2133 1030 2169 ad
1053 2136 1121 2170 Ge.
1145 2133 1171 2180 Ι,
1205 2135 1299 2174 303.
1335 2132 1446 2185 llfr.)

977 2190 1228 2232 143-149.
1278 2191 1403 2228 Locus
1442 2189 1638 2239 exquisita

918 2248 1096 2285 doctrina
1119 2248 1336 2299 expolitus:
1361 2248 1508 2284 Aeneas
1529 2260 1639 2284 com-

916 2312 1083 2356 paratur
1103 2320 1191 2342 cum
1218 2306 1419 2357 Apolline,
1454 2305 1554 2342 sesto
1578 2304 1640 2341 die

925 2364 1148 2411 prodeunte
1175 2364 1223 2400 ad
1255 2363 1398 2400 choros
1419 2362 1639 2400 ducendos:

923 2433 977 2468 re,
1011 2421 1056 2457 ad
1081 2428 1282 2468 veiorum,
1313 2420 1494 2471 inprimis
1517 2422 1640 2457 Grae—

925 2492 1074 2524 corum,
1094 2491 1249 2514 sensum
1273 2491 1449 2514 onnnuni
1470 2477 1641 2513 maxime

925 2541 1113 2583 augusta,
1151 2541 1197 2571 ut
1239 2548 1324 2584 sup.
1354 2534 1391 2580 Ι,
1423 2534 1506 2574 498
1542 2534 1641 2571 Dido

925 2592 1230 2641 comparabatur
1251 2606 1338 2628 runi
1368 2591 1504 2629 Diana.
1545 2592 1640 2629 vllic-

924 2662 984 2685 mo.
1008 2649 1154 2685 Pataris
1177 2649 1314 2699 Lyciae
1346 2655 1506 2697 exacta,
1548 2664 1642 2686 nar—

924 2712 1038 2742 ratur
1068 2706 1163 2743 ‹teus-
1196 2707 1304 2744 adire
1327 2708 1486 2754 Delum,
1518 2720 1643 2745 verno

928 2769 1125 2813 tempore,
1182 2763 1371 2802 festorum
1409 2765 1644 2802 sollemnium

928 2821 988 2857 die
1005 2821 1190 2858 instante.
1240 2822 1509 2860 instituuntur
1532 2822 1642 2859 chori

927 2878 964 2914 in
1003 2878 1061 2914 ‹toi
1095 2878 1307 2928 honorem,
1346 2879 1411 2917 sed
1445 2879 1645 2930 augustius
