1779 3420
130 218 231 269 894

462 213 517 263 P.
554 209 916 262 VIRGILII
951 206 1319 257 MARONIS

130 341 322 393 Ulmus
357 355 545 406 opaca,
585 338 794 402 ingens:
834 352 996 402 quam
1031 334 1220 385 sedem
1246 333 1468 383 Somnia
1500 334 1659 399 volgo

129 416 278 464 Vana
305 420 491 459 tenere
512 407 710 470 ferunt,
749 405 1000 472 foliisque
1022 406 1120 456 sub
1147 404 1402 454 omnibus
1422 403 1660 456 haerent.

129 482 409 548 Multaque
435 488 712 546 praeterea
735 477 1004 526 variarum
1023 485 1263 525 monstra
1283 474 1536 536 ferarum,
1560 478 1662 528 285

133 552 387 604 Centauri
410 551 462 599 in
489 548 697 598 foribus
722 546 1002 610 stabulant,
1043 546 1359 613 Scyllaeque
1383 544 1662 609 biformes,

130 627 197 675 Et
219 620 686 685 centumgeminus
708 618 955 667 Briareus
971 656 984 680 ‚
1024 633 1081 665 ac
1106 615 1284 666 bellua
1304 619 1512 666 Lernae

226 752 296 787 283
321 752 390 784 Pro
416 750 529 795 vulgo
553 747 716 781 Parrhas.
742 748 885 793 passim
911 759 951 779 ex
983 746 1172 790 interpret.
1221 747 1306 779 Mox
1330 751 1459 790 poetae
1483 757 1554 778 non
1588 745 1666 779 dis-

131 799 257 846 plicuit
297 804 494 831 structura:
542 807 650 840 quam
674 814 717 818 ——
739 802 860 827 tenere
895 793 1032 839 jerunt
1055 793 1300 839 solt'isque—
1322 793 1473 826 haerent
1508 805 1555 826 sc.
1591 793 1666 827 illa.

134 847 218 892 (vid.
245 848 287 886 Q.
315 846 357 879 v.
385 844 575 882 xxxiiii,
600 842 634 876 4.
666 841 763 886 πῆ.)

868 842 938 876 285
974 844 1220 886 Illonstraque
1246 855 1286 888 p.
1322 853 1355 874 ν.
1394 841 1512 874 multa
1548 843 1667 886 Sprot.

131 896 201 930 286
222 892 408 939 pabalant
430 892 512 924 Exc..
537 891 722 922 Burmann.
750 902 769 922 a
795 901 839 922 m.
873 901 944 922 sec.
994 887 1144 921 stabant
1177 888 1256 921 cod.
1290 889 1395 921 Voss.
1429 887 1553 922 Servii.
1605 889 1667 921 Si-

133 952 312 985 renesque
337 938 399 985 b‘f
435 938 526 971 alter
560 937 685 969 Hamb.
721 948 741 968 a
774 949 820 970 m.
854 949 925 971 sec.
975 936 1186 982 Sylvaeque
1222 935 1331 970 Goth.
1369 947 1439 970 sec.
1489 935 1666 982 (Scyllaq.

132 988 276 1030 Medic„
298 986 361 1019 sed
386 998 405 1018 e
430 984 682 1032 superscripta.
710 984 810 1030 Wr.)

134 1096 223 1145 nit3
264 1100 303 1132 et
333 1093 554 1132 subnatum
585 1098 728 1144 poetae
756 1105 872 1131 com-

133 1160 316 1193 mentum
344 1152 423 1190 hoc
444 1151 626 1202 suspicor
647 1164 697 1189 ex
719 1151 873 1189 Home-

133 1228 180 1252 ro
201 1212 313 1250 Iliad.
337 1212 370 1260 ξ,
387 1213 471 1254 286
493 1224 590 1260 sqq,
610 1210 680 1248 ubi
700 1212 873 1248 Somnus

134 1286 155 1309 a
198 1272 353 1309 Iunone
402 1268 604 1307 adductus
647 1269 687 1306 in
730 1268 873 1306 arbore

135 1329 346 1378 considet,
400 1328 530 1367 donec
575 1327 711 1365 Iovem
748 1327 874 1379 possit

136 1389 374 1441 opprimere.
415 1387 585 1424 Somnia
603 1385 644 1423 in
665 1386 761 1423 Orci
781 1385 872 1423 adi-

134 1455 182 1486 tu
205 1447 423 1495 collocare,
447 1444 576 1497 poetis
600 1444 778 1482 sollenne
802 1450 873 1482 est.

135 1507 196 1545 Ita
226 1505 371 1557 Odyss.
404 1520 447 1553 ω,
482 1507 534 1546 12
569 1498 669 1556 παρ’
702 1499 873 1543 Ἠελίοιο

135 1561 289 1613 πύλας,
315 1564 530 1600 occidentis
553 1562 659 1598 Solis
675 1592 685 1611 ,
716 1561 875 1599 habitat

138 1625 269 1676 δῆμος
288 1616 497 1673 Ὀνείρων.
560 1620 733 1658 Somnus
754 1634 776 1657 a
795 1622 873 1657 So-

136 1682 255 1720 mniis
276 1680 492 1732 separatim
516 1686 763 1717 memoratus
789 1684 876 1716 erat

137 1742 222 1783 278
249 1740 574 1788 consanguineus
604 1739 699 1774 Leti
729 1739 871 1788 Sopor.

138 1799 246 1837 Infra
276 1803 414 1835 tamen
444 1795 528 1836 894
558 1796 700 1832 Somne·
734 1804 875 1844 perlae

138 1863 256 1905 sunt,
278 1868 350 1907 per
369 1867 468 1905 quas
491 1854 657 1891 Somnia
678 1853 875 1891 emittun-

138 1921 210 1954 tur
233 1914 283 1952 ad
307 1920 436 1951 terras
457 1924 644 1964 superas:
665 1911 764 1950 adeo
787 1925 876 1948 ma-

138 1974 330 2012 nifestum
353 1971 421 2020 fit,
453 1970 660 2008 Maronem
678 1969 778 2008 haec
800 1983 877 2008 va-

138 2032 209 2070 riis
250 2030 499 2080 diversisque
544 2029 673 2081 poetis
714 2028 875 2067 Graecis

139 2089 365 2142 sublegisse.
425 2089 550 2138 vulgo
567 2118 577 2136 ‚
612 2087 784 2139 passim,
805 2100 877 2124 ea-

139 2148 355 2196 tervanin,
396 2152 443 2184 ut
481 2146 582 2184 bene
623 2147 735 2185 Serv.
788 2143 876 2199 (cfr.

140 2208 233 2246 Not.
279 2206 330 2244 ad
372 2205 439 2254 111,
473 2206 570 2248 643.
630 2205 721 2242 Noli
754 2205 876 2254 volgo

128 2266 273 2318 serant
300 2265 475 2315 iungere.
520 2263 640 2317 tVr.)
700 2262 880 2301 Eandem

141 2324 327 2362 arborem
341 2322 436 2360 satis
457 2322 666 2360 commode
680 2322 719 2359 in
738 2327 879 2359 taxum

142 2388 184 2420 et
210 2382 344 2419 sedem
365 2381 596 2430 bubonum,
639 2380 809 2431 strigum
841 2385 882 2416 et

142 2440 429 2491 Harpyiarum,
449 2440 625 2478 mutavit
637 2439 756 2477 Silius
772 2437 878 2486 XIII,

143 2500 414 2546 595—600‚
454 2498 549 2535 item
580 2499 729 2535 Seneca
759 2497 878 2534 Herc.

143 2557 221 2594 sur.
260 2558 356 2596 690.
419 2553 493 2609 (De
541 2570 601 2595 vs,
650 2555 748 2598 284.
796 2553 879 2594 vid.

144 2614 191 2653 V.
210 2613 252 2651 L.
289 2612 407 2665 lVr.)

203 2671 287 2714 285
310 2695 361 2700 -—
386 2673 483 2713 289.
538 2672 571 2708 A
621 2670 880 2708 Somniorum

146 2728 333 2768 ludibriis
365 2729 490 2766 facilis
525 2730 601 2766 suit
637 2735 780 2780 poetae
814 2728 880 2765 in-

145 2787 259 2840 genio
281 2800 511 2838 progressus
532 2787 582 2824 ad
603 2785 884 2837 phantasmata

146 2853 187 2884 et
218 2851 411 2883 monstra.
472 2845 549 2882 Sed
589 2857 633 2881 ea
671 2846 749 2882 iam
777 2844 884 2881 anti-

149 2904 310 2955 quiores
340 2903 380 2941 in
417 2902 480 2941 his
515 2902 612 2940 locis
656 2903 882 2951 collocasse,

148 2976 199 3000 ex
218 2960 489 3014 Aristophane
513 2961 654 3013 colligo
686 2961 728 2999 in
759 2960 882 2999 Ranis

933 1090 1014 1134 143
1073 1088 1193 1131 Μετοῖ
1242 1087 1359 1132 ταῦτ’
1404 1089 1668 1143 (Charontem

931 1149 1190 1204 narraverat)
1254 1147 1373 1201 ὄφεις
1426 1149 1495 1190 καὶ
1546 1143 1668 1203 θηρί’

931 1206 1026 1259 ὄψει
1048 1209 1173 1261 μυρία
1202 1206 1440 1249 Δεινότατα.
1502 1208 1572 1246 Est
1605 1207 1669 1245 lo-

933 1281 1003 1305 cus
1023 1267 1071 1304 de
1089 1266 1237 1305 Bacchi
1259 1267 1454 1305 descensu
1480 1266 1532 1304 ad
1565 1266 1669 1303 infe-

933 1340 1011 1364 ros.
1054 1325 1157 1363 adde
1191 1339 1227 1363 v.
1262 1328 1345 1369 280
1374 1339 1460 1376 sqq.
1497 1324 1581 1367 475
1612 1337 1668 1375 sq.

931 1384 1070 1435 Neque
1090 1384 1247 1422 abludit
1267 1385 1438 1422 Etrusca
1471 1389 1510 1421 et
1541 1383 1670 1420 Grae-

933 1457 977 1480 ca
1004 1443 1209 1494 antiquior
1232 1455 1303 1494 per
1328 1443 1484 1480 Italiam
1516 1441 1668 1494 religio,

933 1515 1053 1552 quam
1075 1507 1257 1539 monstra
1283 1501 1378 1539 talia
1413 1501 1452 1539 in
1482 1500 1579 1538 loeis
1603 1499 1671 1537 in-

933 1560 1028 1598 feris
1051 1561 1265 1598 collocasse
1289 1572 1339 1597 ex
1362 1573 1506 1611 magno
1531 1571 1670 1596 sarco-

933 1618 1158 1671 phagorum
1189 1624 1229 1656 et
1269 1631 1461 1657 vasorum
1499 1629 1669 1654 numero

935 1684 1118 1716 constare
1148 1677 1326 1715 videtur.
1388 1677 1491 1714 cons.
1523 1674 1671 1713 Gorius

935 1738 1052 1774 filus.
1080 1738 1240 1773 Etruse.
1266 1736 1310 1775 T.
1329 1735 1376 1784 II,
1397 1749 1437 1786 p.
1461 1733 1554 1776 148.
1575 1735 1670 1774 182·

934 1794 1085 1832 Passer.
1113 1794 1306 1843 I'aralip.
1338 1796 1380 1830 in
1412 1795 1598 1842 Dempst.
1631 1803 1669 1842 p.

937 1856 989 1894 10
1016 1858 1055 1889 et
1075 1852 1123 1890 al.
1148 1857 1187 1889 et
1208 1863 1338 1901 nuper
1365 1850 1551 1902 pluribus
1572 1849 1672 1886 Bot-
1742 1870 1744 1873 <
1771 1860 1772 1909 J

932 1912 1047 1963 tiger.
1068 1909 1398 1960 Vasengenm‘lde
1416 1909 1432 1947 I
1456 1907 1585 1946 Stt‘iek
1604 1906 1671 1956 Ill,

934 1984 972 2022 p.
1016 1971 1084 2010 89.
1144 1970 1187 2005 ιή
1229 1966 1396 2019 foribus
1445 1966 1668 2014 stabulant,

935 2026 1237 2065 accommodate
1285 2025 1337 2063 ad
1385 2026 1515 2075 feras,
1583 2037 1670 2076 pro,

935 2091 1031 2124 sunt
1070 2085 1111 2123 in
1153 2085 1284 2137 primo
1326 2083 1466 2133 aditu;
1513 2082 1673 2134 Scyllae

935 2145 1147 2197 szbrmes,
1183 2155 1356 2195 superne
1380 2141 1550 2194 puellari
1578 2153 1672 2192 spe-

939 2204 996 2241 cie
1020 2233 1029 2250 ‚
1074 2214 1175 2253 quae
1201 2202 1243 2239 in
1271 2201 1446 2239 belluam
1476 2199 1673 2239 marinam

939 2262 1097 2300 desinit.
1129 2274 1167 2299 v.
1190 2260 1241 2298 ad
1263 2260 1343 2297 Eel.
1362 2259 1426 2309 VI,
1447 2258 1515 2300 74.
1570 2258 1672 2308 Ergo

938 2320 978 2359 h.
1012 2320 1038 2360 l.
1075 2319 1213 2372 plures
1241 2318 1396 2370 Scyllae
1428 2315 1673 2370 ponuntur?

937 2385 1076 2428 recte;
1116 2378 1234 2430 plura
1264 2382 1446 2414 monstra
1481 2375 1673 2427 Scyllaea,

941 2444 985 2476 ut
1019 2436 1169 2474 Statius
1202 2434 1404 2486 eloquitur
1432 2434 1528 2473 Silv.
1557 2433 1604 2482 V,
1633 2435 1672 2481 3,

937 2498 1034 2537 280.
1086 2495 1168 2532 Nec
1190 2493 1427 2531 assumenda
1450 2498 1509 2530 est
1533 2492 1673 2539 altera,

941 2554 1022 2592 Nisi
1044 2554 1069 2591 f.
1117 2552 1295 2591 Praeivit
1318 2552 1474 2590 Lucret.
1497 2550 1544 2597 V,
1577 2551 1673 2590 890.

941 2615 1038 2653 891.
1072 2611 1137 2660 IV,
1169 2613 1266 2652 737.
1327 2610 1477 2646 Locum
1514 2606 1675 2646 videbis

940 2682 1174 2721 expressum
1235 2682 1257 2705 a
1301 2668 1424 2704 Tasso
1471 2665 1672 2705 Giemsal.

940 2728 1007 2765 lib.
1031 2726 1095 2775 IV,
1116 2733 1164 2764 st.
1185 2729 1222 2768 5.
1271 2726 1492 2771 B1·iarez.·.s·,·
1528 2723 1674 2761 Notiss.

942 2786 1054 2823 locus
1076 2785 1187 2822 Iliad.
1214 2801 1250 2833 α,
1284 2782 1370 2826 402
1408 2796 1464 2833 sq.
1505 2782 1675 2834 Apollo-

944 2843 1030 2881 dor.
1051 2843 1079 2891 I,
1105 2847 1125 2885 1
1152 2857 1214 2895 pr.
1259 2841 1313 2880 At
1332 2842 1675 2892 centumgeminus

943 2916 1022 2952 quo
1050 2902 1197 2940 sensu‘?
1234 2903 1346 2940 Serv.
1388 2900 1563 2950 „centies
1597 2898 1675 2935 du-

939 2960 1073 3013 plex.“
1107 2960 1176 2999 vix
1198 2972 1315 3009 vere,
1349 2959 1420 2997 sed
1439 2963 1499 2996 est
1523 2957 1677 2995 dictum
