1811 3388
524 177 645 223 AD
718 177 1161 231 LIBRUM
1232 189 1310 236 Vl
1539 202 1666 247 1015

161 300 258 338 bore
296 301 428 340 solum
465 303 654 342 Servium
690 305 852 343 tradere
879 308 1053 347 memini.
1113 311 1193 349 Nec
1220 319 1354 353 tamen
1378 318 1420 355 id
1455 323 1664 373 quicquam

160 372 371 396 commune
391 373 483 397 cum
503 360 768 400 Avernalibus
789 364 885 402 loeis
904 372 944 403 et
967 379 1080 405 ramo
1103 382 1223 408 aureo
1241 371 1494 425 Proserpinae
1518 379 1663 420 habere

158 416 333 455 videtur.
393 417 532 455 Latere
561 419 712 470 aliquid
737 422 916 460 occultae
939 424 1140 476 religionis
1166 441 1217 465 ex
1247 429 1368 468 initiis
1387 433 1601 487 Eleusiniis,
1631 442 1663 478 si

158 487 250 511 cum
272 474 547 515 Warburtono
568 479 791 517 coniectare
809 481 919 531 velis,
953 484 1092 522 saltem
1111 484 1163 522 ad
1178 500 1335 525 sacrum
1352 503 1518 540 ramum,
1548 509 1661 544 quem

156 537 289 582 mysta
313 534 508 583 praefert,
553 541 622 573 aut
643 537 694 575 ad
715 551 870 576 ramum
896 540 1118 592 lustralem,
1150 557 1232 581 non
1254 545 1305 582 ad
1327 554 1519 598 myrteam
1548 566 1659 590 coro-

155 603 250 627 nam
271 591 411 629 referri
428 605 491 630 res
515 592 632 631 debet
642 609 654 645 3
692 608 804 645 nam,
836 597 907 635 ubi
936 598 989 636 ad
1012 600 1272 653 Proserpinae
1298 603 1460 643 domum
1493 611 1662 660 accessit,

155 648 308 685 Aeneas
335 664 478 700 ccupas
495 655 640 689 recenti
673 653 842 704 §Pargit
873 670 985 707 aqua
1014 673 1250 711 ramumque
1269 662 1434 700 adverso
1464 666 1506 701 in
1530 666 1663 704 limine

141 707 248 756 figit
284 721 324 745 v.
357 710 451 750 635.
484 711 579 759 636,
612 717 659 748 ut
687 712 878 762 suspicari
907 714 1043 765 liceat,
1089 716 1141 755 ad
1168 718 1447 758 lustrationem
1475 722 1517 759 in
1545 725 1664 762 sacris

155 764 324 802 deorum
352 766 576 805 inferorum
597 775 637 806 et
665 768 843 808 Manium
870 772 1092 813 faciendam
1119 788 1210 813 eum
1235 778 1464 829 respexisse.
1523 781 1663 819 Enim-

152 835 273 869 vero,
302 836 416 862 ramo
449 825 590 863 eodem
617 840 739 865 aureo
767 842 910 879 aquam
936 845 1112 882 sparsam
1133 840 1171 871 et
1200 835 1477 875 lustrationem
1503 839 1661 889 saetam,

151 887 270 931 poeta
291 895 373 920 non
394 890 553 933 narrat,
593 891 731 923 narrat
758 893 918 925 tantum
950 888 1047 927 hoc:
1093 906 1252 929 ramum,
1282 895 1324 931 in
1345 895 1481 932 limine
1491 897 1595 947 figi,
1626 906 1662 935 et

151 953 243 975 eum
273 941 543 990 Proserpinae
564 957 708 980 munus
726 944 828 993 ferri
854 958 904 983 ex
931 948 1074 985 arbore
1104 950 1179 1000 ipsi
1211 963 1343 989 sacra:
1384 965 1423 990 v.
1451 957 1543 995 137.
1567 954 1660 997 142.

150 995 248 1037 408.
309 997 390 1046 Qui
418 1013 535 1050 poma
576 1014 695 1038 aurea
730 1003 770 1039 in
807 1003 970 1042 Iunonis
1004 1007 1153 1058 nuptiis
1187 1022 1277 1046 cum
1316 1009 1409 1048 Iove
1440 1019 1660 1049 memorata

151 1052 207 1106 (v.
228 1054 319 1094 Not.
341 1056 392 1094 ad
412 1057 598 1109 Apollod.
618 1073 655 1109 p.
678 1059 779 1113 410)
802 1062 1048 1112 meminerit,
1079 1065 1323 1104 intercedere
1350 1066 1390 1104 in
1414 1067 1475 1105 his
1499 1083 1568 1107 seu
1588 1084 1658 1108 co-

148 1113 377 1163 gnationem
411 1129 481 1153 seu
521 1116 819 1156 similitudinem
851 1120 1023 1170 aliquam
1050 1121 1263 1174 intelliget,
1312 1131 1360 1162 ut
1385 1126 1657 1178 Proserpinae,

149 1177 355 1222 tamquam
376 1173 517 1211 Iunoni
539 1175 708 1222 inferne,
740 1190 813 1227 pro
844 1177 949 1216 dono
982 1193 1117 1218 ramus
1146 1194 1289 1219 aureus
1315 1183 1489 1232 feratur,
1520 1191 1567 1222 ut
1584 1186 1655 1223 Iu—

147 1231 244 1267 noni
265 1231 415 1269 malum
439 1246 618 1271 aureum.
649 1234 899 1273 InHei-aeliis
918 1235 997 1275 1106
1016 1238 1142 1288 ipsum
1166 1240 1315 1277 malum
1334 1242 1438 1278 forte
1459 1242 1656 1281 eduxerat

147 1287 333 1327 arborem
351 1290 639 1342 Hesperidum,
681 1292 790 1330 unde
812 1307 931 1344 poma
958 1308 1079 1333 aurea
1108 1296 1357 1349 decerpenda
1377 1304 1417 1336 et
1446 1299 1497 1337 ad
1518 1300 1653 1352 Eury—-

145 1344 329 1397 stheum,
375 1348 538 1386 Iunonis
571 1349 699 1399 iussu,
743 1351 792 1388 ab
818 1351 991 1390 Hercule
1021 1360 1136 1392 erant
1163 1355 1372 1398 afferenda,
1434 1358 1569 1395 Altera
1604 1372 1654 1396 ex

143 1411 259 1455 parte
284 1407 325 1443 in
351 1406 611 1458 Proserpinae
628 1408 773 1446 fabulis
794 1416 854 1446 est
871 1411 1058 1449 comestio
1073 1412 1166 1450 mali
1186 1413 1336 1463 Punici,
1355 1428 1432 1465 qua
1453 1415 1520 1452 illa
1541 1430 1652 1454 com—

142 1463 261 1511 misit,
293 1470 340 1502 ut
362 1465 400 1502 in
422 1466 602 1503 Plutonis
625 1467 887 1505 contubernio
910 1469 984 1506 sibi
1002 1470 1246 1509 manendum
1268 1479 1386 1510 esset:
1416 1486 1455 1511 v.
1478 1487 1510 1511 c,
1532 1474 1650 1512 Ovid.

142 1520 237 1559 Met.
259 1522 307 1571 V,
339 1523 421 1565 535
445 1537 528 1574 sqq.
559 1523 708 1576 Hynm.
727 1525 769 1562 in
794 1526 880 1565 Cer.
900 1529 996 1568 371.
1045 1528 1242 1578 Ceterum,
1274 1530 1347 1567 nisi
1373 1537 1492 1582 poeta
1516 1538 1652 1570 noster

140 1579 224 1630 ipse
247 1580 342 1618 doni
366 1581 627 1633 Proserpinae
649 1583 802 1621 ferendi
833 1585 1078 1623 mentionem
1110 1600 1336 1638 expressam
1358 1589 1536 1638 fecisset,
1575 1590 1651 1627 alia

141 1643 240 1675 esset
261 1651 384 1689 eaque
403 1640 630 1690 expeditior
653 1641 771 1690 ratio,
801 1641 832 1678 si
851 1657 1009 1680 ramum
1047 1643 1215 1692 ἱκετείας
1234 1646 1408 1683 sollenne
1431 1647 1580 1698 insigne
1600 1647 1648 1685 ad

140 1695 319 1734 animum
336 1710 501 1735 revoces
525 1696 634 1751 (vide
656 1712 696 1738 v.
718 1712 749 1737 e.
770 1699 841 1737 inf.
861 1700 931 1749 Xl,
967 1699 1079 1754 101),
1110 1708 1155 1740 ut
1177 1703 1275 1740 adeo
1298 1718 1463 1741 aureum
1491 1719 1650 1742 ramum

138 1755 365 1805 praeferens
392 1755 543 1793 Aeneas
562 1756 612 1794 ad
631 1757 910 1808 Proserpinam
931 1759 1100 1809 supplex
1128 1761 1312 1809 accedat,
1352 1767 1441 1810 aut,
1481 1762 1513 1798 si
1540 1762 1650 1800 Mer—-

139 1811 240 1850 curii
262 1813 495 1863 caduceum,
526 1816 688 1864 affigam
708 1829 897 1864 auream,
938 1816 1185 1867 memineris,
1228 1832 1306 1867 qua
1339 1819 1401 1856 alii
1427 1827 1565 1870 poetae
1596 1820 1648 1858 ad

137 1870 285 1908 inferos
309 1871 460 1909 animas
489 1871 633 1909 deduci
659 1878 849 1922 narrant,
893 1886 930 1911 v.
953 1887 984 1911 c.
1011 1874 1086 1912 Od.
1110 1891 1152 1920 ω,
1186 1877 1212 1917 3
1230 1876 1290 1927 ἔχε
1314 1874 1357 1915 δὲ
1376 1873 1531 1928 ῥάβδον
1552 1875 1647 1928 treva*

135 1927 271 1980 χερσὶν
295 1926 462 1980 simmaa,
493 1931 685 1981 χρυσείην
694 1946 710 1977 ;
744 1944 834 1968 cum
852 1930 1095 1969 Mercurium
1126 1932 1316 1970 adhibere
1342 1932 1460 1971 huius
1482 1935 1647 1972 deseen-

135 1999 201 2022 sus
231 1985 373 2023 ducem
402 2001 483 2024 non
514 1994 670 2038 posset,
713 2001 874 2025 auream
905 1988 1055 2038 virgam
1082 1988 1236 2027 Aeneae
1268 1991 1463 2041 assignare
1492 1992 1643 2032 maluit,

135 2043 195 2081 Ita
215 2044 327 2081 facile
346 2044 554 2095 intelligas,
585 2045 787 2094 quomodo
818 2051 935 2095 poeta
958 2045 1009 2082 ad
1037 2045 1142 2084 hanc
1167 2048 1225 2085 rei
1260 2049 1491 2098 φαντασίαν
1521 2049 1643 2088 deve-

135 2101 252 2139 nerit.
286 2102 337 2139 Ut
358 2117 524 2139 aureum
542 2116 699 2140 ramum
718 2103 759 2139 in
779 2102 888 2140 silvis
906 2103 1115 2142 inventum
1133 2118 1214 2142 esse
1234 2105 1435 2156 proderet,
1464 2106 1504 2143 in
1527 2120 1643 2144 men-

132 2165 215 2197 tem
234 2160 370 2199 venire
389 2160 523 2212 potuit
547 2173 596 2197 ex
613 2160 814 2211 Apollonii
844 2159 993 2198 Rhodii
1010 2161 1178 2200 lectione
1207 2163 1256 2200 de
1277 2163 1424 2202 vellere
1447 2178 1566 2202 aureo
1598 2165 1642 2202 in

131 2217 231 2256 silva
262 2218 393 2255 media
413 2218 480 2257 lib.
501 2218 566 2267 IV,
603 2222 684 2261 122
706 2232 808 2268 sqq.;
840 2232 933 2255 nam
952 2225 992 2256 et
1014 2219 1045 2256 is
1075 2233 1185 2258 sacer
1204 2221 1371 2258 Hecates
1398 2222 1512 2259 lucus
1545 2228 1639 2261 erat.

129 2275 305 2314 Deorum
324 2282 458 2314 autem
487 2276 619 2314 omnia
645 2282 742 2313 sunt
764 2288 896 2324 aurea,
929 2276 1048 2314 etiam
1063 2278 1105 2315 in
1136 2278 1230 2316 Delo
1263 2275 1614 2333 χρύσειον-γενέ

127 2337 251 2374 θλιον
275 2333 390 2385 ἔρνος
407 2334 553 2385 ἐλαίης.
592 2334 742 2371 Gallim.
766 2334 807 2371 in
826 2334 908 2371 Del.
936 2337 1032 2376 262.
1095 2336 1155 2373 Ex
1177 2336 1397 2375 vetustiore
1417 2342 1548 2374 tamen
1570 2350 1639 2376 seu

127 2391 344 2429 Heracleae
366 2405 436 2430 seu
461 2391 665 2429 Theseidis
697 2392 870 2429 carmine
895 2405 1053 2430 ramum
1084 2407 1249 2432 aureum
1277 2395 1446 2445 petitum
1474 2408 1555 2432 esse
1588 2409 1638 2433 ex

126 2449 194 2487 illo
219 2462 339 2488 versu
360 2450 561 2500 suspicor:
592 2449 690 2498 409,
723 2463 801 2499 quo
817 2449 976 2487 Charon
1002 2451 1192 2490 miratur:
1224 2452 1534 2503 donumfalalis
1553 2456 1638 2491 νίν-

123 2521 206 2557 gae
227 2508 348 2556 longo
371 2517 467 2558 post
489 2517 660 2558 [empore
690 2509 835 2545 visum.
898 2508 1025 2558 Igitur
1048 2509 1128 2546 iani
1155 2510 1346 2547 Hercules
1375 2524 1444 2548 seu
1463 2509 1637 2549 Theseus

124 2579 282 2603 ramum
305 2556 479 2603 aureum
508 2565 784 2617 praetulerant
813 2566 1016 2614 manibus,
1050 2581 1141 2604 cuin
1172 2567 1223 2605 ad
1247 2568 1396 2606 inferos
1419 2568 1635 2606 descende-

123 2629 227 2661 rent.
289 2624 473 2662 Ceterum
499 2623 757 2661 hocinvento
779 2623 878 2660 bene
898 2637 992 2661 usus
1013 2631 1072 2662 est
1100 2625 1341 2664 Claudianus
1372 2626 1423 2664 ad
1452 2627 1633 2663 arborem

124 2694 286 2718 auream
314 2681 357 2718 in
393 2682 529 2719 inferis
565 2682 660 2719 locis
692 2681 990 2728 florescentem,
1038 2696 1138 2733 quae
1170 2684 1276 2721 inter
1311 2684 1384 2721 alia
1414 2684 1631 2721 inferorum

123 2739 227 2775 bona
245 2739 504 2791 Proserpinae
522 2754 543 2776 a
569 2740 738 2777 Plutone
760 2738 987 2776 ostenditur
1010 2739 1058 2777 de
1076 2741 1123 2779 R.
1143 2742 1251 2779 Pros.
1269 2741 1315 2789 II,
1349 2745 1441 2782 290.
1500 2742 1630 2776 Exor-

123 2797 236 2834 navit
256 2795 335 2834 hoc
357 2798 510 2835 arboris
533 2810 698 2844 aureae,
730 2810 831 2846 quae
854 2798 1116 2848 Proserpinae
1145 2814 1253 2837 sacra
1286 2805 1361 2847 est,
1395 2797 1628 2849 phantasma

121 2857 345 2905 Spenccrus
362 2856 488 2907 Fac‘ry
515 2856 650 2905 Quecn
669 2856 712 2893 Β.
735 2856 767 2893 l!
793 2856 903 2893 Cant.
925 2855 1007 2894 Vll.
1031 2857 1112 2894 Llfl
1134 2871 1216 2908 sqq.
