1779 3420
87 237 190 283 422
472 226 1082 280 EXCURSUS
1156 227 1235 276 IX

87 368 138 401 ut
167 362 217 400 ab
246 360 392 399 umbra
421 359 610 399 Hectoris
643 359 729 399 visa
760 363 847 396 erat
886 355 1021 395 efferri
1058 356 1180 396 Vesta
1224 371 1317 396 cum
1357 357 1440 409 igni
1486 371 1619 397 sacro:

88 420 136 471 ΙΙ,
166 421 251 462 293
270 421 441 461 —297.

206 478 451 516 Palladium
491 476 678 525 tandem,
715 473 757 512 h.
800 485 832 510 e.
878 471 1038 523 signum
1079 472 1274 523 Palladis,
1317 474 1483 525 antiqua
1523 475 1621 514 reli-

89 536 206 588 gione
246 535 402 574 cultum
442 541 483 573 et
525 531 699 581 διϊπετὲς
738 530 922 569 habitum
960 529 1017 583 (v.
1053 530 1241 584 Apollod.
1282 532 1348 581 ΙΙΙ,
1392 537 1457 583 12,
1500 536 1538 583 3,
1581 541 1622 572 et

90 595 181 634 Not.
212 608 250 647 p.
279 592 364 635 744
395 593 522 647 sqq.)‚
563 605 655 631 cum
685 590 779 644 ipsis
813 588 1028 627 Penatibus
1070 589 1249 628 Aeneam
1289 591 1482 629 extulisse
1522 606 1621 630 nar—

89 658 186 692 rant
216 651 379 704 quidem
410 651 496 702 alii,
537 657 578 688 et
606 651 690 702 ipse
720 647 911 687 Arctinus
942 648 987 686 id
1017 648 1267 687 tradiderat:
1307 662 1347 688 v.
1388 649 1553 702 Dionys.
1591 651 1621 700 Ι,

91 713 147 753 69
160 726 171 761 3
201 716 322 762 poeta
353 722 474 759 vero,
512 715 560 747 ut
599 720 722 759 supra
763 706 938 756 dictum,
979 720 1064 746 non
1104 713 1324 756 memorat,
1366 708 1514 760 quippe
1552 710 1621 760 qui

91 782 180 807 eam
226 767 502 806 narrationem
540 766 748 818 sequitur,
798 778 901 816 quae
943 778 1018 816 pro
1057 765 1285 816 antiquiore
1323 765 1511 804 habenda
1550 775 1620 817 est,

90 827 233 866 furtim
278 825 381 865 illud
430 826 479 864 ab
517 826 658 877 Ulysse
698 830 738 862 et
780 823 972 861 Diomede
1009 823 1088 862 iam
1130 829 1221 862 ante
1262 824 1424 862 Troiam
1462 832 1621 878 captam

91 885 270 923 ablatum
298 883 439 934 fuisse,
470 896 508 922 v.
540 883 638 922 Aen.
670 883 716 932 11,
752 884 833 924 164
865 895 975 933 Sqq-,
1006 882 1150 920 Heleni
1181 882 1368 931 consilio,
1399 896 1439 922 v.
1467 885 1620 922 Conon.

93 942 162 993 34,
194 942 243 980 ab
276 945 480 980 Antenore
510 941 722 994 proditum
752 939 940 989 Achivis,
984 937 1052 993 (cf.
1084 942 1230 979 Tzetza
1270 940 1476 980 Posthom.
1517 941 1620 996 505)

91 1008 141 1040 ut
168 1000 235 1038 ah‘i
265 999 445 1050 addunt3
475 1001 545 1039 sed
573 1014 637 1039 res
668 999 789 1039 variis
810 998 941 1037 modis
973 1013 993 1036 a
1025 999 1152 1052 poetis
1178 1006 1330 1037 ornata.
1392 1000 1451 1038 Ita
1480 1007 1623 1054 sponte

91 1065 134 1097 et
171 1059 377 1097 volentem
417 1065 632 1109 sequutam
679 1070 763 1096 esse
801 1057 1006 1095 Palladem
1046 1058 1111 1096 alii
1154 1065 1497 1097 memoraverunt.
1538 1059 1623 1099 vid.

91 1117 211 1156 Ovid.
242 1117 350 1154 Fast.
380 1117 444 1165 VI,
477 1116 573 1159 431.
635 1117 680 1155 In
720 1129 840 1168 quem
879 1129 1039 1154 sensum
1082 1115 1358 1169 Tryphiodori
1397 1131 1437 1156 v.
1477 1118 1532 1160 54
1573 1131 1623 1155 ex

89 1175 264 1214 lectione
294 1174 391 1213 cod.
421 1175 564 1214 Medic.
603 1173 733 1229 (secus
774 1188 896 1225 quam
934 1175 1109 1227 Lennep.
1152 1175 1214 1213 ed.
1255 1173 1416 1213 Coluth.
1457 1189 1496 1214 v.
1541 1179 1622 1219 196

90 1232 272 1287 volebat)
308 1239 368 1271 est
407 1234 730 1273 constituendus.
782 1227 914 1273 ῗΗλθε
945 1230 989 1273 δὲ
1019 1232 1088 1273 καὶ
1119 1237 1346 1273 Δαναοῖσιν
1379 1230 1448 1274 ἑὸν
1480 1234 1623 1288 βρέτας

92 1289 216 1346 ἁγνὸν
246 1289 403 1346 ἄγουσα
436 1290 601 1345 Ληϊστή
632 1290 706 1346 μὲν
735 1290 885 1341 ἐοῦσα,
919 1292 1057 1343 φίλοις
1085 1287 1126 1331 δ’
1163 1291 1391 1343 ἐπίκουρος,
1450 1288 1622 1345 Ἀθήνη,

91 1349 131 1389 h.
163 1363 196 1388 e.
213 1349 333 1401 furto
365 1351 528 1402 quidem
567 1350 769 1399 abducta,
813 1350 987 1388 Achivis
1025 1359 1162 1387 tamen
1196 1352 1394 1401 propilia.
1470 1351 1623 1389 Distin—

90 1407 274 1461 guendus
301 1414 436 1447 autem
463 1408 532 1447 hie
565 1408 716 1461 Ulyssis
757 1407 799 1445 in
839 1408 983 1446 urbem
1024 1408 1226 1460 ingressus
1272 1408 1321 1446 ab
1365 1409 1494 1448 altero
1540 1410 1623 1459 illo,

92 1480 196 1518 quo,
237 1467 311 1505 sub
340 1473 522 1506 extrema
564 1466 876 1520 oppugnationis
914 1473 1119 1519 tempora,
1162 1466 1338 1505 mendici
1378 1466 1521 1506 habitu
1560 1481 1625 1506 res

92 1531 134 1563 et
175 1525 339 1563 consilia
379 1526 650 1565 Troianorum
692 1525 919 1577 speculatus
960 1531 1030 1563 est.
1071 1539 1111 1565 v.
1153 1525 1298 1578 Odyss.
1340 1526 1375 1575 δ,
1414 1525 1499 1567 244
1540 1540 1625 1578 sqq.

92 1583 231 1635 EUI'iP·
261 1583 427 1622 Hecuba
458 1587 543 1626 239
576 1598 660 1635 sqq.
700 1583 794 1621 add.
836 1583 956 1622 Rhes.
996 1585 1092 1626 501.
1131 1587 1216 1626 710
1260 1598 1316 1635 sq.
1355 1584 1447 1623 add.
1490 1585 1623 1624 Tzetz.

92 1640 299 1680 Posthom.
338 1656 376 1694 p.
420 1644 514 1685 157.
591 1642 770 1691 Quintus
812 1642 893 1679 Cal.
933 1648 1152 1692 utrumque
1198 1642 1418 1693 ingressum
1460 1650 1624 1681 tantum

93 1699 264 1737 strictim
294 1706 492 1739 memorat
523 1706 562 1737 et
591 1707 777 1752 tempora
818 1700 1051 1748 confundit,
1091 1701 1144 1749 X,
1185 1700 1281 1750 346,
1329 1701 1438 1752 quod
1478 1703 1624 1752 niir0r3

93 1771 188 1796 nam
238 1758 415 1796 Leschen
460 1758 502 1796 in
544 1771 589 1796 eo
639 1758 881 1810 exponendo
932 1772 1095 1810 operam
1134 1772 1301 1797 navasse
1344 1760 1533 1799 discimus
1574 1774 1624 1798 ex

92 1815 225 1854 Procli
257 1823 494 1868 argumento
526 1817 660 1855 Iliadis
690 1830 860 1868 parvae:
897 1812 1115 1864 Ὀδυσσεύς
1154 1814 1197 1856 δὲ
1239 1813 1504 1870 αἰκισάμενος
1533 1818 1626 1859 ἔαυ-

93 1871 191 1924 τόν,
231 1872 489 1923 κατάσκοπος
531 1875 587 1923 εἰς
606 1872 732 1915 Ἴλιον
754 1875 1040 1929 παραγίνεται,
1081 1873 1149 1915 καὶ
1179 1870 1510 1929 ἅναγνωρισθεὶς
1544 1873 1625 1927 ’ὑφ’

94 1930 267 1984 Ἑλένης,
300 1932 392 1987 περὶ
413 1936 486 1984 τῆς
507 1929 700 1981 ἁλώσεως
716 1936 790 1983 τῆς
817 1930 974 1981 πόλεως
997 1934 1245 1973 συντίθεται.
1269 1935 1429 1982 κτείνας
1450 1935 1492 1974 δέ
1511 1952 1626 1984 τινας

94 1992 180 2030 ταῖν
219 1988 369 2044 Τρώων
399 1990 465 2031 ἐπὶ
497 1988 569 2040 τὰς
600 1993 704 2039 ναῦς
733 1988 977 2041 ἀφικνεῖται.
1032 1990 1102 2031 καὶ
1137 1988 1236 2044 μετά
1265 1995 1391 2032 ταῦτα
1424 1990 1500 2032 σὺν
1528 1999 1624 2034 Λιο-

95 2044 217 2101 μήδει
253 2046 297 2090 τὸ
336 2045 573 2089 Παλλάδιον
611 2049 810 2100 ἐκκομίζει
850 2049 892 2090 ἐκ
920 2052 993 2101 τῆς
1017 2045 1148 2091 Ἰλίου,
1210 2049 1385 2088 Helenae
1416 2051 1624 2089 Hecubam

95 2106 285 2145 adiunxit
322 2107 460 2160 Eurip.
489 2107 531 2145 in
563 2107 729 2146 Hecuba
760 2108 786 2146 l.
818 2121 850 2145 c.
910 2108 1038 2159 Ulyssi
1081 2108 1267 2145 comitem
1309 2109 1424 2147 dedit
1462 2110 1626 2148 Diome—

97 2164 190 2203 dem
232 2166 379 2204 Tzetza
418 2166 461 2204 in
500 2165 707 2204 Posthom.
749 2166 845 2215 604,
887 2166 976 2204 loco
1018 2166 1136 2205 valde
1172 2167 1358 2205 turbato:
1401 2168 1449 2206 cf.
1486 2169 1626 2207 Iacobs

94 2223 191 2262 ibid.
224 2238 261 2275 p.
296 2225 389 2266 157.
425 2224 518 2266 159.
589 2224 798 2263 Creditum
838 2230 973 2262 tamen
1012 2225 1119 2263 inter
1161 2226 1365 2264 Romanos
1401 2227 1624 2265 Palladium

94 2281 174 2319 hoe
217 2283 368 2320 Romae
407 2282 447 2321 in
490 2282 634 2321 Vestae
672 2283 824 2334 templo
865 2284 1038 2332 servari,
1087 2284 1206 2322 fatale
1247 2285 1366 2322 etiam
1409 2285 1487 2323 hoe
1533 2286 1624 2323 urbi

94 2339 302 2390 liabitum3
341 2354 415 2378 nec
450 2341 521 2378 ulli
564 2343 678 2390 viro,
720 2354 769 2379 ne
808 2341 989 2379 Pontifici
1041 2342 1203 2392 quidem
1242 2343 1444 2393 Maximo,
1486 2344 1626 2382 videre

97 2397 197 2435 illud
228 2399 285 2436 sas
316 2399 407 2439 suit.
468 2399 626 2446 Quibus
659 2400 707 2437 de
738 2399 859 2437 rebus
891 2399 1010 2437 multi
1042 2406 1221 2450 egerunt.
1253 2415 1292 2439 v.
1335 2402 1497 2452 Dionys.
1534 2403 1623 2440 Hal.

98 2455 126 2499 l,
168 2458 234 2496 68.
305 2457 410 2494 Satis
462 2463 522 2494 est
571 2470 804 2510 comparare
855 2458 974 2495 Ovid.
1023 2459 1075 2496 Vt
1125 2459 1233 2496 Fas-1.
1274 2458 1368 2500 421.
1414 2459 1493 2499 431
1540 2473 1623 2510 sqq.

97 2513 203 2551 Hinc
234 2514 393 2552 Vestam
425 2514 630 2553 interdum
664 2529 754 2553 eum
786 2515 964 2553 Palladio
995 2516 1154 2564 videas,
1193 2523 1240 2554 ut
1274 2516 1315 2553 in
1346 2517 1474 2554 Sarda
1516 2518 1625 2570 apud

98 2571 284 2610 Maffeum
317 2573 470 2611 Gemm.
504 2580 585 2611 ant.
616 2574 658 2614 P.
698 2573 746 2620 H,
790 2586 828 2611 n.
872 2576 939 2615 76.
1003 2574 1239 2612 Omittimus
1279 2588 1380 2624 quae
1421 2575 1470 2612 de
1508 2584 1625 2626 gente

99 2629 264 2677 Nautia,
316 2630 357 2667 in
402 2630 516 2668 cuius
567 2631 693 2668 tutela
735 2631 956 2668 Palladium
996 2631 1246 2681 habebatur,
1297 2633 1462 2683 aliisque
1503 2635 1624 2672 rebus

99 2687 297 2738 disputari
326 2688 492 2739 possint.
552 2688 700 2726 Adhuc
732 2689 804 2726 sub
844 2690 1066 2727 Commodo
1107 2690 1147 2727 in
1188 2690 1328 2741 templi
1369 2692 1510 2729 Vestae
1556 2694 1624 2730 in-

99 2745 240 2783 cendio
286 2752 486 2784 servatum
528 2745 650 2793 illud,
693 2760 753 2797 ap.
794 2746 1012 2785 Herodian.
1059 2748 1086 2794 l,
1130 2747 1197 2797 45,
1242 2754 1281 2786 et
1324 2750 1372 2786 ab
1412 2750 1623 2802 Elagabalo

99 2804 186 2841 loco
217 2809 388 2852 motum,
421 2804 487 2841 lib.
519 2804 565 2851 V,
601 2806 665 2849 15,
697 2810 898 2842 narratur.
961 2806 1019 2842 Ex
1057 2806 1181 2843 altera
1214 2812 1327 2857 parte
1369 2822 1450 2845 non
1493 2810 1624 2847 minus

100 2861 362 2899 Athenienses
399 2862 619 2899 Palladium
648 2863 867 2900 Troianum
900 2864 938 2900 in
972 2878 1040 2901 sua
1075 2878 1164 2901 arce
1195 2878 1356 2904 servare
1386 2867 1516 2906 videri
1548 2881 1623 2906 vo-

99 2919 257 2969 lebant,
288 2933 325 2958 ν.
357 2920 524 2958 I'ausan.
556 2920 584 2967 l,
615 2923 693 2969 283
731 2921 827 2958 item
860 2920 1022 2972 Argivi,
1060 2923 1174 2960 Paus.
1209 2924 1253 2973 Η,
1285 2927 1361 2975 235
1401 2931 1441 2963 et
1481 2932 1622 2964 notun]

99 2985 177 3027 est,
211 2978 373 3016 omnino
406 2979 539 3030 plures
572 2978 692 3016 urbes
720 2979 942 3017 Palladium
975 2980 1045 3017 sibi
1079 2981 1319 3020 vindicasse.-
1355 2984 1401 3021 es.
1424 2984 1479 3021 (lu
1509 2984 1627 3021 'l'lzeil
