1811 3388
303 208 712 259 AENEIDOS
749 209 890 258 LIB.
927 209 1014 269 IV,
1057 214 1345 261 196—206

1475 218 1574 264 625

71 338 227 400 Isque
252 348 432 382 amens
453 332 636 391 animi,
677 339 730 381 et
748 348 964 382 rumore
987 330 1243 382 adcensus
1263 351 1457 399 amam,

69 405 269 453 Dicitur
289 410 407 450 ante
433 417 569 464 aras,
608 400 784 450 media
804 402 942 450 inter
961 402 1178 450 numina
1202 402 1398 467 divom,

68 471 232 522 Multa
253 473 436 519 Iovem
458 469 702 518 manibus
721 469 942 535 supplex
964 487 1137 519 orasse
1159 472 1381 537 supinis:

1469 480 1569 528 205

67 541 306 606 Iuppiter
327 539 692 606 om11ipotenS‚
732 540 813 588 cui
837 556 979 588 nunc
1001 541 1262 590 Maurusia
1288 542 1438 607 pictis

159 667 226 702 203
249 669 420 700 incensus
442 668 522 700 Exc.
547 667 660 699 Burm.
709 679 830 700 amore
854 667 942 700 Gud.
967 679 986 701 a
1010 679 1055 701 m.
1081 679 1134 712 pr.

1226 669 1296 704 204
1313 682 1465 704 munera
1482 671 1566 706 olim

66 713 192 746 lectum
226 713 346 747 Servio
372 720 478 746 teste:
519 714 576 757 qui
603 713 721 746 addit:
755 713 846 755 „hoc
871 721 940 754 est,
965 714 997 746 111
1023 714 1135 747 media
1159 714 1363 759 precatione
1387 717 1565 752 deorum.“

66 762 171 792 Immo
196 772 298 792 vero:
324 759 415 791 inter
439 772 548 793 sacra.
594 761 639 792 Et
664 760 829 793 hactenus
855 760 942 793 haec
965 760 1069 793 lectio
1098 760 1198 793 valde
1222 761 1364 795 arridet.
1403 765 1480 806 (Ge.
1504 766 1565 807 111,

65 806 163 841 486:
202 809 337 850 „Saepe
360 805 403 837 in
430 806 608 839 honore
634 806 759 838 deum
787 807 936 839 medio
961 814 1053 839 stans
1087 806 1202 840 hostia
1235 808 1287 841 ad
1317 813 1473 842 aram.“
1521 813 1565 845 Et

64 852 197 896 recepit
223 864 374 884 munera
399 853 560 892 xx'akef.;
586 852 770 897 probarem
797 860 832 884 et
855 854 948 896 ipse,
984 853 1019 885 ni
1044 853 1220 886 inventum
1254 855 1564 891 Grammaticorum

65 899 253 931 videretur.
285 899 380 941 Wr.)

475 900 544 933 205
568 900 706 944 supinis
730 899 833 932 scrib.
868 899 902 932 in
940 899 1030 932 binis
1066 911 1120 942 ap.
1154 901 1267 933 Burm.

1369 903 1439 937 206
1470 905 1563 950 Iup—

60 947 159 991 piter
196 957 275 978 mss.
309 952 343 977 et
380 944 445 976 viri
478 944 585 978 docti.
639 945 875 990 Antiquiorem
909 952 1022 978 tamen
1065 945 1269 990 scripturam
1303 958 1371 980 una
1398 961 1425 994 p
1456 949 1563 983 fuisse

64 1003 133 1023 non
166 991 308 1031 dubito;
344 1002 441 1032 nam,
486 998 523 1023 ut
557 990 727 1036 scriptura
762 991 1076 1036 pronuntiationem
1110 993 1212 1025 metri
1244 1001 1403 1038 respectu
1434 995 1471 1027 in
1508 996 1561 1030 his

63 1045 282 1081 sequeretur,
308 1038 417 1070 serius
440 1037 580 1070 factum.
627 1039 812 1072 Maurisia
835 1037 879 1071 al.
905 1051 961 1083 ap.
983 1038 1074 1072 Pier.
1109 1040 1160 1083 (et
1184 1040 1216 1074 8.
1244 1042 1321 1082 10.,
1354 1040 1460 1074 etiam
1486 1045 1518 1078 1.
1541 1056 1561 1077 a

63 1096 109 1117 m.
125 1096 178 1128 pr.
205 1083 301 1128 Wr.)

68 1177 185 1219 149.:
226 1177 361 1215 IIaucl
391 1178 460 1215 illo
500 1178 660 1227 segnior
699 1178 782 1216 ibat

63 1236 219 1273 Aeneas
227 1250 244 1281 ;
288 1243 439 1272 tantum
473 1237 633 1285 egregio
664 1236 782 1273 decus

62 1294 177 1329 enitet
214 1305 275 1329 ore
302 1321 312 1339 ,
369 1291 538 1328 alterum
557 1320 567 1340 ‚
607 1291 690 1329 ibat
717 1307 781 1329 se-

58 1351 200 1397 gnior,
234 1361 317 1386 rem
337 1348 379 1385 in
398 1360 607 1399 progressu
628 1349 780 1386 Aeneae

61 1407 271 1444 durantem
301 1412 435 1453 notat,
467 1405 656 1454 alterum,
688 1409 776 1443 eni-

60 1472 110 1500 te!
126 1493 135 1511 ‚
168 1476 251 1501 rem
274 1463 384 1500 velut
408 1468 653 1512 praesentem
679 1476 779 1501 ocu-

60 1520 105 1557 lis
142 1525 422 1570 repraesentat.
490 1520 540 1556 Et
577 1520 778 1572 pedestres

59 1577 270 1628 scriptores
320 1577 413 1613 talia
459 1576 543 1613 ausi
577 1583 689 1626 sunt,
730 1583 778 1615 ut

58 1633 239 1684 Thucyd.
267 1634 400 1681 11„6.:
443 1631 621 1684 ἔπεμπόν
660 1649 700 1673 τε
721 1657 776 1663 —-

58 1691 125 1730 καὶ
149 1688 351 1730 οἷπέδοσαν
369 1712 424 1719 -
445 1687 691 1731 καθίσταντό
721 1706 775 1731 τε.

63 1747 207 1800 lf’ch.)
267 1747 453 1785 iunctura
505 1761 600 1786 mox
641 1748 775 1800 paullo

59 1805 227 1842 durior:
268 1812 497 1841 sacraverat
542 1806 606 1843 ille
648 1806 775 1856 ignem

56 1874 267 1912 perennem
288 1864 326 1899 in
346 1862 444 1910 aris,
475 1866 512 1898 et
533 1864 661 1900 solam
674 1865 775 1913 pin-

53 1933 133 1969 gue
155 1933 286 1956 cruore
300 1920 526 1968 pecudum,
571 1919 610 1957 h.
640 1932 671 1957 e.
707 1933 774 1956 sa·-

57 1975 198 2012 crificia
219 1989 358 2025 niagno
386 1987 572 2023 numero,
604 1982 644 2013 et
661 1977 773 2013 limi-

55 2047 109 2069 na
121 2034 314 2082 florencia
337 2034 445 2069 sertis
460 2061 469 2079 ,
492 2030 533 2070 h.
554 2034 672 2070 festos
692 2033 773 2070 sol-

56 2089 266 2137 lennesque
298 2088 390 2126 dies.
460 2087 581 2140 (Nihil
621 2103 689 2140 ego
731 2090 773 2126 in

56 2144 116 2182 his
149 2145 279 2182 verbis
311 2144 401 2182 duri
432 2145 613 2194 invenio,
655 2146 773 2183 modo

56 2215 104 2238 ne
124 2202 260 2251 iungas
287 2211 514 2238 sacraverat
527 2204 721 2239 —solam
739 2211 775 2239 et

55 2260 211 2295 Ιιίιιὶηα.
274 2259 410 2295 Solam
440 2264 479 2295 et
512 2260 654 2296 limma
681 2265 776 2299 sunt

55 2315 306 2354 Nouiinativi.
367 2316 415 2352 Et
433 2328 545 2366 saepe
565 2316 677 2353 sicin
701 2316 773 2353 de-

53 2372 248 2409 scribendi
284 2372 551 2422 narrandique
579 2373 772 2410 brevitate

54 2429 257 2480 Virgilius,
289 2429 623 2478 quemadmodum
655 2430 771 2467 etiam

54 2486 254 2537 pedestres
284 2487 521 2537 scriptores,
563 2488 615 2524 ita
641 2488 771 2525 utitur

54 2543 280 2580 nominandi
301 2557 416 2590 casu,
450 2549 493 2580 ut
522 2544 673 2581 nullum
696 2545 771 2581 ad-

52 2600 207 2637 iiciatur
240 2600 440 2648 Verbum;
477 2607 523 2638 ut
555 2601 658 2639 infra
689 2602 772 2650 vll,

54 2659 166 2696 732:
197 2657 368 2704 „Laevos
388 2663 493 2694 cetra
519 2659 635 2708 tegit,
667 2659 769 2695 fal-

54 2713 158 2748 cati
207 2714 424 2751 connniuus
471 2717 652 2753 enses.“
699 2715 768 2763 XI,

54 2770 167 2808 338:
197 2769 368 2818 „Largus
397 2784 536 2820 opum,
567 2778 606 2809 et
637 2772 768 2822 lingua

52 2825 201 2871 melior,
219 2825 285 2861 sed
308 2826 463 2875 srigid
477 2841 496 2862 a
515 2828 617 2865 bello
638 2829 668 2864 1)
681 2842 699 2864 e
712 2842 766 2865 x-

51 2887 189 2926 tora,
223 2882 390 2918 consiliis
414 2882 570 2920 habitus
594 2899 675 2922 non
700 2886 766 2923 fu-

121 2948 323 2995 Vmou..
361 2949 500 2997 Tou.
528 2950 584 2997 11.

839 1178 917 1215 tilis
939 1180 1119 1216 auctor.“
1158 1179 1226 1218 cfr.
1257 1180 1376 1218 etiam
1404 1180 1500 1220 Aen.
1527 1182 1558 1231 1,

840 1237 922 1277 639
950 1248 1032 1285 sqq.
1064 1235 1130 1284 111,
1153 1239 1236 1277 216
1265 1251 1348 1288 sqq.
1377 1240 1472 1279 392.
1512 1239 1558 1289 V,

837 1292 931 1333 285.
956 1294 1038 1333 822
1060 1306 1142 1343 sqq.
1160 1293 1224 1340 vl,
1247 1294 1340 1336 552.
1363 1293 1462 1344 VIII,
1475 1298 1558 1338 678

838 1362 920 1399 sqq.
958 1349 1028 1397 IX,
1065 1352 1132 1391 28.
1173 1349 1244 1397 XI,
1290 1353 1384 1392 633.
1437 1351 1556 1406 Wr.)

835 1414 990 1443 eentum
1008 1411 1056 1443 ut
1074 1406 1101 1455 1,
1123 1405 1204 1447 416
1230 1407 1369 1445 Veneri
1387 1408 1557 1461 Paphiae

835 1471 989 1499 centum
1018 1477 1114 1500 arae
1149 1463 1278 1501 calent
1312 1470 1414 1504 ture.
1457 1465 1554 1519 (vid.

834 1519 925 1558 Not.
946 1519 997 1557 ad
1030 1521 1097 1557 Ge.
1124 1520 1188 1567 111,
1223 1522 1287 1561 18.
1325 1521 1442 1575 Wr.)
1490 1526 1555 1562 νί-

830 1577 955 1627 gilem
985 1578 1120 1627 ignem
1138 1606 1149 1625 ,
1184 1577 1387 1616 Excubias
1416 1579 1555 1618 divum

834 1642 1036 1682 aeternas,
1071 1633 1218 1684 egregie
1240 1635 1288 1672 de
1311 1635 1390 1686 igni
1410 1649 1554 1687 peren—

833 1690 894 1738 ni,
930 1691 980 1727 ad
1006 1703 1121 1740 quem
1148 1691 1333 1729 alendum
1357 1694 1553 1732 sacerdoti

831 1747 1146 1798 pervigilandum
1183 1754 1223 1786 et
1272 1749 1552 1790 excubandum

832 1810 900 1842 est.
961 1805 1058 1855 ignis
1078 1803 1144 1841 bic
1164 1812 1347 1843 aeternus
1373 1820 1423 1844 ex
1450 1808 1552 1847 Iovis

831 1861 1035 1899 Ammonis
1068 1862 1256 1913 religione
1295 1864 1442 1914 petitus
1471 1879 1552 1916 pu·-

830 1919 998 1967 tandus3
1047 1925 1142 1956 nota
1182 1919 1246 1956 illa
1276 1932 1325 1957 ex
1359 1920 1551 1960 miraculo

831 1975 938 2027 apud
966 1974 1226 2014 Plutarchum
1255 1975 1304 2014 de
1331 1977 1446 2016 Orac.
1478 1979 1551 2016 de-

830 2034 920 2070 sect.
940 2046 977 2082 p.
998 2032 1081 2073 410
1110 2033 1153 2071 B.
1212 2034 1397 2071 Ceterum
1429 2035 1550 2073 Calli-

828 2088 1012 2126 machum
1033 2095 1124 2126 ante
1148 2089 1283 2127 oculos
1313 2097 1448 2129 noster
1472 2092 1549 2130 ha-

833 2146 959 2183 buisse
982 2146 1108 2183 videri
1130 2152 1262 2196 potest
1293 2147 1334 2184 iu
1354 2147 1481 2199 Apoll.
1508 2163 1547 2188 v.

830 2205 884 2244 80
903 2216 1006 2252 sqq.,
1040 2207 1083 2239 ut
1112 2202 1229 2241 etiam
1262 2203 1312 2240 ad
1342 2203 1455 2242 illum
1485 2205 1547 2244 lo—

829 2273 918 2296 cum
954 2259 1162 2296 monitum.
1229 2267 1264 2296 et
1303 2263 1426 2298 variis
1455 2263 1547 2312 flo-

827 2318 955 2353 realia
974 2317 1116 2352 limina
1136 2317 1245 2352 sertis
1264 2316 1390 2368 simpl.
1410 2318 1459 2356 ad
1478 2332 1546 2357 re—

829 2373 1011 2423 ligionem
1054 2372 1094 2409 in
1145 2371 1388 2412 sollennibus
1426 2376 1546 2414 sacris

828 2430 1067 2480 templorum
1087 2430 1191 2466 sores
1213 2430 1369 2468 corollis
1395 2445 1546 2470 ornan-

829 2487 868 2524 di
899 2486 1164 2526 referendum.
1221 2484 1375 2538 (amens
1420 2492 1549 2527 animi

827 2544 1044 2581 secundum
1062 2542 1182 2591 illud,
1217 2544 1324 2593 quod
1352 2551 1407 2582 est
1439 2547 1545 2598 apud

827 2601 1052 2638 Lucretium
1082 2600 1278 2650 aliosque,
1318 2616 1425 2639 mens
1452 2606 1544 2640 ani-

827 2661 892 2696 ηιί.
927 2657 1038 2709 lVr.)
1098 2656 1193 2694 Mox
1217 2656 1300 2697 204
1322 2661 1454 2697 media
1479 2664 1542 2698 in-

825 2724 881 2752 ter
899 2716 1066 2751 numina
1081 2714 1219 2751 clivum
1234 2742 1244 2759 ,
1269 2714 1432 2766 simplic.
1453 2723 1543 2754 ante

824 2772 931 2822 signa
974 2771 1152 2808 deorum.
1200 2769 1266 2823 (cs.
1301 2772 1393 2812 Not.
1435 2773 1485 2810 ad
1512 2774 1540 2822 1,

822 2830 917 2869 447.
953 2826 1102 2878 chlz.)

879 2887 961 2926 206
979 2907 1026 2912 —
1041 2887 1137 2925 210.
1168 2884 1279 2921 Tales
1299 2896 1433 2935 preces
1455 2897 1538 2922 sae-

1197 2953 1265 2997 40
