1779 3420
131 227 231 275 424
506 208 1102 266 EXCURSUS
1176 208 1257 256 IX

248 350 356 388 Inter
381 348 483 387 haec
507 347 675 386 Penates
700 342 967 380 Troianorum
999 335 1195 374 confundi
1232 347 1398 388 coepere
1444 347 1535 372 cum
1575 333 1654 370 diae

133 408 442 448 Samothracum
467 406 646 455 magma.
708 401 789 439 Nec
822 397 991 443 mirum3
1031 395 1064 432 si
1089 393 1254 445 quidem
1283 393 1509 431 communis
1537 397 1655 429 utra-

135 480 213 519 que
232 466 309 504 fuit
326 465 483 516 religi03
525 468 698 511 utraque
729 460 934 496 vetustate
957 452 1236 490 memorabilis.
1298 450 1421 488 Redit
1447 449 1547 487 adeo
1570 448 1656 486 dis-

135 525 295 578 putatio
323 523 372 560 ad
407 523 499 559 cleos
534 518 729 565 Cabiro-5,
776 514 824 551 de
854 511 1019 563 quibus,
1060 515 1151 562 post
1182 507 1441 547 Guthberleti
1465 506 1657 555 libellum,

137 589 178 620 et
198 580 466 627 Bochai-tum,
498 577 625 615 multa
653 573 747 611 satis
775 570 977 609 subtiliter
1008 568 1188 619 quaesita
1223 573 1320 605 sunt
1353 566 1473 604 etiam
1502 579 1524 602 a
1554 564 1659 602 Fre-

137 647 228 680 reto
260 637 393 692 (His-t.
425 637 471 674 cle
496 634 615 673 Z’Ac.
647 631 715 668 des
744 631 872 668 lnscr.
902 627 1014 664 Tom.
1045 623 1239 679 XXVss),
1270 624 1341 662 sed
1373 623 1424 662 ad
1450 622 1657 674 opiniones

139 698 261 749 magis
280 702 318 733 et
341 692 672 737 coniectationes,
705 701 822 738 quam
852 685 904 722 ad
922 689 1107 721 veterum
1134 682 1398 721 historiarum
1425 680 1565 729 fidem3
1608 679 1661 716 ad

140 768 310 807 quarum
334 753 502 791 ductum
522 748 663 787 melius
687 746 735 783 de
754 745 802 782 iis
824 744 1076 794 disputatum
1096 747 1156 778 est
1175 753 1303 792 nuper
1327 754 1350 777 a
1369 739 1466 777 Viro
1499 738 1661 776 doctiss.

142 816 208 851 Sle
233 813 351 850 Croix
376 806 641 863 (Reclwrelzes
670 818 741 841 sm·
762 803 819 840 les
848 803 1046 852 Mysteres
1075 812 1113 850 p.
1147 797 1234 850 26).
1304 797 1413 835 Inter
1446 796 1662 834 Britannos

141 871 297 922 ingenia
314 869 356 906 in
374 868 454 906 hoc
481 868 713 916 argumento
748 870 964 898 exercuere
997 856 1085 910 (W
1085 854 1157 910 ise)
1192 855 1260 906 Os
1279 855 1343 893 the
1366 854 1464 902 first
1490 852 1663 892 Itzlzabi-

143 937 250 966 tants
271 926 326 978 of
337 928 498 974 Europe
517 937 555 974 p.
576 923 645 969 38,
668 925 709 956 et
730 919 802 956 Vir
820 916 982 955 doctiss.
1005 914 1114 953 idem
1134 919 1175 950 et
1198 912 1376 964 sagaciss.
1400 914 1485 950 lae.
1511 912 1665 961 Bryant

143 986 338 1039 Analysis
368 984 480 1021 Tom.
519 980 563 1027 ll,
594 993 633 1030 p.
665 977 762 1019 461.
831 973 1009 1022 Quando
1039 971 1201 1023 quidem
1232 970 1392 1008 Gemini
1417 970 1458 1007 in
1491 968 1665 1006 Zodiaco

145 1044 194 1081 ab
232 1041 434 1093 Aegyptiis
471 1037 692 1075 constituto
736 1038 979 1080 occurrunt,
1030 1030 1082 1067 ad
1108 1029 1309 1067 Gattereri
1340 1027 1467 1066 nostri
1496 1026 1667 1064 ductum

145 1101 308 1139 Cabiros
329 1112 378 1136 ex
412 1094 648 1135 Calendario
680 1090 971 1144 Aegyptiorum
1000 1087 1222 1126 illustravit
1259 1088 1455 1125 Hermam.
1484 1084 1662 1135 Mitlzol.

146 1159 233 1197 Vol.
254 1157 317 1196 111.
338 1170 377 1208 p.
404 1157 485 1196 160
505 1164 589 1203 sqq.
649 1150 837 1188 Alienum
857 1148 905 1186 ab
921 1147 965 1187 h.
986 1147 1011 1184 l.
1031 1152 1071 1183 et
1094 1144 1258 1183 consilio
1287 1150 1411 1192 esset,
1453 1142 1504 1180 ad
1533 1141 1667 1193 hypo-

145 1215 279 1254 theses
302 1220 342 1252 et
367 1211 574 1264 opiniones
596 1209 796 1247 deerrare.
855 1207 959 1244 Loca
984 1205 1094 1242 class.
1117 1209 1212 1241 sunt
1230 1202 1362 1240 Strab.
1386 1201 1436 1250 X,
1459 1214 1496 1252 p.
1516 1203 1598 1241 723
1613 1220 1668 1228 ——

147 1277 244 1316 726.
306 1270 439 1309 Schol.
457 1267 661 1321 Apollonii
682 1266 711 1315 I,
733 1268 831 1308 916.
891 1264 1054 1314 Dionys,
1070 1261 1198 1299 Halic.
1221 1260 1250 1308 I,
1278 1262 1332 1301 67
1347 1261 1485 1299 -69.
1541 1257 1668 1296 Varro

149 1331 199 1370 de
219 1331 262 1368 L.
285 1330 328 1368 L.
348 1329 412 1367 IV.
432 1341 471 1380 p.
505 1329 572 1367 17.
629 1324 807 1362 Macrob.
833 1322 898 1371 Ill,
927 1321 966 1362 4.
1026 1320 1141 1368 Quae
1162 1331 1213 1355 ex
1233 1317 1318 1366 his,
1349 1322 1396 1353 ut
1418 1315 1668 1367 simpliciora,

147 1390 204 1428 ita
232 1386 503 1441 probabiliora
526 1383 678 1431 habeo,
714 1381 815 1420 haec
842 1385 959 1418 sunt:
997 1377 1206 1428 religiones
1233 1376 1329 1413 istas
1359 1380 1400 1411 et
1432 1373 1671 1423 antiquitate

150 1454 190 1484 et
209 1446 361 1497 origine
380 1443 501 1482 fuisse
521 1442 736 1490 obscuras,
766 1440 891 1490 ipsam
920 1437 1090 1474 deorum
1120 1436 1290 1473 sormam
1316 1445 1460 1484 parum
1480 1432 1576 1468 scite
1599 1444 1671 1467 ex-

151 1518 349 1558 pressam,
382 1508 430 1541 ut
451 1513 524 1538 nec
542 1504 778 1551 appareret,
809 1495 1027 1534 iuveniline
1061 1507 1112 1531 an
1143 1492 1254 1529 senili
1283 1490 1409 1542 specie
1439 1495 1571 1526 essent
1596 1488 1672 1526 ha-

151 1562 295 1601 bendi:
335 1560 378 1598 id
416 1558 526 1610 quod
563 1558 605 1594 in
634 1556 749 1594 rudis
782 1566 926 1607 operae
957 1551 1178 1589 simulacris
1206 1549 1382 1587 evenisse
1412 1548 1558 1585 mirum
1592 1560 1672 1584 non

154 1628 235 1669 est,
268 1617 396 1657 videri
415 1617 551 1665 itaque
575 1613 821 1651 Phoenicum
849 1610 1024 1649 Pataecis
1062 1608 1206 1646 similes
1242 1607 1380 1654 fuisse,
1423 1606 1525 1643 sorte
1558 1605 1674 1642 etiam

156 1679 204 1716 ab
229 1678 305 1715 illis
323 1676 522 1728 profectos
543 1673 726 1719 Cabiros3
764 1669 828 1722 (cs.
854 1668 1049 1706 llerodot.
1071 1667 1137 1713 111,
1160 1664 1231 1717 37)
1262 1677 1422 1714 magnas
1446 1662 1674 1701 successisse

155 1735 395 1776 mutationes
416 1731 563 1770 harum
587 1729 845 1779 religionum:
877 1727 925 1763 ab
943 1726 1059 1763 initio
1080 1724 1197 1761 suisse-
1218 1722 1381 1759 Coelnm
1413 1727 1453 1757 et
1486 1722 1675 1767 Terram,

156 1800 296 1847 postea
325 1789 530 1828 accessisse
551 1788 632 1825 duo
658 1787 777 1826 alios:
810 1798 918 1822 nunc
937 1791 1113 1834 quatuor
1134 1781 1206 1818 ista
1231 1779 1417 1827 numina,
1450 1777 1676 1816 domesticis

157 1849 386 1891 nominibus
405 1846 614 1897 insignita,
645 1844 977 1895 interpretatione
995 1841 1107 1879 varia
1133 1838 1185 1875 ad
1215 1837 1395 1876 diversos
1424 1835 1517 1874 deos
1547 1837 1677 1873 Grae-

159 1922 299 1948 corum
320 1905 462 1945 referri
482 1904 675 1955 coepisse:
706 1902 828 1952 igitur
847 1901 887 1938 in
907 1900 982 1937 illis
1013 1895 1225 1936 memorari
1254 1895 1391 1932 videas
1422 1894 1606 1932 Cererem
1638 1899 1678 1930 et

159 1967 462 2017 Proserpinam,
493 1961 637 1999 ssaden
667 1965 705 1996 et
730 1958 996 2005 Mercurium,
1028 1956 1077 1993 ab
1108 1954 1191 1992 aliis
1219 1951 1420 1990 Bacchum
1452 1958 1492 1989 et
1522 1953 1677 1999 lovem,

160 2026 277 2064 etiam
298 2023 524 2061 Vulcanum
544 2019 586 2056 in
612 2018 658 2055 iis
690 2017 936 2068 quaesitum,
967 2015 1061 2051 item
1089 2012 1283 2063 Cybelen:
1318 2024 1390 2048 nec
1418 2009 1678 2061 improbabile

160 2083 230 2132 fit,
259 2081 409 2119 adscita
435 2077 554 2116 fuisse
572 2076 671 2113 haec
696 2076 779 2128 ipsa
797 2088 907 2111 sacra
929 2073 1077 2110 seriore
1103 2075 1258 2118 aetate,
1288 2081 1389 2118 quae
1415 2068 1579 2105 fortuna
1606 2067 1679 2104 suit

162 2155 253 2179 cum
274 2139 443 2176 aliarum
465 2134 723 2185 religionum,
766 2139 850 2170 tum
882 2130 1064 2182 inprimis
1095 2140 1353 2166 arcanarum:
1396 2126 1436 2163 in
1473 2140 1591 2176 quas,
1632 2130 1680 2162 ut

163 2203 299 2237 nostra
343 2207 503 2246 quoque
538 2198 667 2229 aetate
696 2192 848 2228 sactum
876 2189 1080 2236 videmus,
1127 2185 1357 2224 intulerunt
1383 2196 1482 2233 quae
1515 2183 1681 2233 quisque

164 2256 331 2306 vigilans
351 2258 574 2291 stertcnsve
597 2249 843 2296 somniabat,
878 2246 1059 2299 inprimis
1088 2257 1206 2296 super
1232 2256 1368 2280 rerum
1400 2248 1543 2279 natura
1572 2241 1680 2277 eius-

165 2327 242 2364 que
285 2312 326 2351 vi
360 2309 569 2361 genetrice.
642 2306 746 2354 Quia
787 2312 921 2343 autem
964 2305 1137 2341 duorum
1177 2300 1504 2347 simulacrorum,
1551 2298 1682 2350 prisco

166 2384 296 2419 more,
338 2375 543 2417 tamquam
573 2366 743 2402 fratrum
778 2364 1031 2410 iunctorum,
1073 2359 1218 2412 specics
1251 2358 1373 2395 oculis
1399 2357 1682 2394 occurrebant:

169 2427 321 2466 confusi
344 2426 500 2463 tandem
524 2423 654 2460 (labii-i
675 2436 743 2459 seu
764 2422 819 2458 l)ii
851 2421 979 2470 magni
1007 2425 1102 2456 sunt
1131 2431 1220 2454 cum
1255 2414 1473 2462 Dioscuris3
1505 2414 1683 2462 dictique

169 2487 268 2523 adeo
289 2491 328 2521 et
350 2483 390 2520 lai
411 2482 538 2532 magni
564 2481 621 2516 l)ii
644 2486 682 2516 et
703 2481 878 2516 Penates.
941 2477 1097 2515 'furbus
1131 2475 1224 2511 alias
1254 2473 1344 2510 sccit
1370 2471 1470 2519 hoc,
1507 2470 1614 2521 quod
1645 2476 1683 2507 ct

170 2543 241 2596 ipsi
261 2540 487 2579 sacerdotes
509 2538 604 2575 dicti
623 2543 716 2574 sunt
738 2536 880 2574 Cabiri.

288 2656 474 2692 Ceterum
496 2654 684 2694 Penates,
717 2652 842 2699 ignem
871 2662 1049 2694 sacrum,
1092 2652 1126 2682 ct
1158 2644 1377 2682 Palladium
1411 2645 1529 2682 etiam
1559 2644 1686 2693 iungit

172 2717 320 2753 Lucan.
348 2713 413 2757 lX‚
447 2710 690 2751 900-094
714 2710 834 2744 ‹lot-to
860 2707 898 2743 in
922 2707 1027 2752 lot-0⁴,
1067 2711 1105 2739 st
1126 2715 1226 2752 quae
1255 2703 1302 2738 dc
1330 2702 1504 2739 Palladio
1536 2701 1684 2738 tradita

174 2778 307 2815 crant,
344 2769 525 2806 traducta
550 2767 762 2815 aliquando
784 2771 872 2802 sunt
899 2763 945 2799 ad
969 2764 1085 2799 (fram
1111 2762 1405 2797 l’esst‘tzunliatn
1423 2778 1431 2796 .·
1485 2773 1523 2797 v.
1553 2760 1686 2797 Πονο-

176 2831 280 2867 dian.
303 2828 330 2874 l,
363 2829 430 2867 35.
498 2826 579 2875 tigit
612 2835 792 2872 qnoque,
833 2821 940 2871 qnod
975 2833 1080 2856 nnnc
1108 2817 1252 2864 didici,
1293 2817 1341 2854 dc
1378 2817 1451 2854 (liis
1476 2817 1688 2854 Penatibus

177 2887 370 2925 Meziriac.
399 2883 444 2920 ad
477 2884 571 2932 ΚΜ).
603 2881 721 2918 (ΗΜ.
750 2881 792 2918 Τ.
825 2880 868 2926 ll,
901 2893 936 2930 11-
974 2879 1064 2918 158.
1127 2876 1302 2922 interca,
1334 2874 1410 2913 hac
1447 2875 1688 2927 opportuni-

176 2952 259 2983 tate
285 2943 402 2989 data,
436 2941 564 2977 obiter
589 2938 721 2975 adhuc
744 2937 935 2983 monebo,
978 2940 1023 2972 ut
1054 2933 1372 2980 nninmdvvrtas,
1415 2939 1565 2982 quanta
1595 2933 1688 2969 rell-
