1811 3388
0 588 2 599 v
13 509 16 533 -
11 357 15 418 -—
10 193 14 280 μ’*
9 127 13 184 .-„-
6 93 13 120 ἡ
0 6 1 10 Α

5 2877 20 2993 1

503 224 627 270 AD
698 223 1135 275 LIBRUM
1206 230 1296 278 III
1553 240 1654 288 573

141 349 207 397 ΙΙΙ,
239 350 322 391 522
340 363 433 387 cum
446 350 592 399 procul
614 349 799 388 obscuros
820 353 938 390 colles
960 352 1232 407 humilemque
1262 358 1443 396 videmus
1463 361 1646 400 Italiam..

143 431 196 436 —
215 407 350 457 Gyaro
377 407 485 444 celsa
515 406 649 445 iunxit
684 414 825 447 auctor
855 410 1179 462 Epigrammatis,
1216 413 1323 452 inter
1353 415 1530 456 Petronii
1568 420 1655 457 fra—

140 470 313 515 gmenta,
342 463 504 515 repetiti
527 477 657 515 nuper
676 465 717 503 in
737 465 901 505 Anthol.
919 468 1001 507 Lat.
1024 484 1064 522 p.
1081 470 1178 519 460,
1209 472 1319 521 quod
1339 478 1473 512 totum
1495 488 1545 513 ex
1567 475 1606 515 h.
1627 477 1654 516 l.

140 534 391 573 expressum,
430 534 548 571 quem
580 535 671 559 cum
709 536 754 561 eo
790 524 906 563 docte
945 529 1192 579 comparavit
1222 529 1386 579 Editor,
1431 539 1472 570 et
1507 532 1653 573 iterum

141 578 388 618 Wernsdorf.
407 579 516 617 Poet.
548 579 643 618 min.
674 580 718 618 T.
757 582 802 620 V.
828 583 870 621 P.
895 584 960 622 Ill.
994 598 1031 636 p.
1064 589 1185 629 1362.
1246 588 1324 625 Sed
1351 589 1457 627 sorte
1487 591 1520 628 is
1543 592 1652 629 anti—

139 650 264 687 quum
295 636 515 674 verborum
551 637 736 675 ordinem
765 639 808 677 in
847 655 920 679 suo
949 642 1052 681 libro
1082 642 1297 682 habuerat:
1338 648 1515 697 Ῐιζνοοηο
1544 650 1652 687 celsa

142 695 380 745 Gyaroque:
410 707 449 732 v.
470 694 562 732 var.
581 695 688 733 Lect.
718 695 847 736 Aliam
859 699 936 737 loci
950 699 1215 739 imitationem
1233 702 1344 740 dabit
1364 705 1514 743 Statius
1528 705 1651 746 Theb.

138 752 202 801 111,
227 751 323 793 438.
380 751 522 790 Delum
543 753 683 791 ceteris
701 753 841 794 insulis
858 757 1112 797 humiliorem
1133 772 1227 810 esse,
1258 759 1490 801 Wheelerus
1512 763 1652 803 docuit

138 810 309 860 Journey
337 811 419 847 into
449 810 594 848 Greece
623 824 663 863 p.
694 811 762 854 58.

548 1016 1113 1078 EXCURSUS
1181 1021 1238 1076 V

383 1119 548 1164 Teucri
575 1130 619 1164 et
652 1121 931 1165 Teucrorum
961 1139 985 1166 e
1019 1123 1156 1167 Creta
1187 1125 1404 1183 origines.

249 1225 314 1273 ΙΙΙ,
347 1228 427 1268 102
453 1239 537 1277 sqq.
577 1227 692 1266 Creta
724 1229 837 1266 Iovis
856 1230 1002 1279 magni
1030 1230 1159 1269 medio
1185 1233 1290 1269 iacet
1320 1233 1455 1270 insula
1484 1234 1642 1281 Ponto;

136 1283 261 1320 flffons
293 1283 442 1321 Idaeus
477 1284 546 1321 ubi
561 1306 618 1313 —-
634 1287 852 1323 Maximus
880 1286 984 1323 unde
999 1295 1123 1337 pater
1139 1311 1196 1317 —
1229 1291 1403 1328 Teucrus
1441 1290 1646 1329 Rhoeteas

126 1342 307 1389 primum
338 1350 395 1379 est
418 1342 608 1379 advectus
635 1343 694 1380 ad
709 1358 814 1380 oras.
877 1343 1004 1382 Locus
1033 1345 1140 1383 inter
1166 1347 1347 1385 classicos
1375 1347 1424 1385 de
1445 1348 1583 1385 Cretae
1605 1355 1646 1386 et

135 1397 183 1434 de
201 1398 369 1436 Troadis
389 1399 617 1451 originibus.
662 1399 717 1438 Ut
740 1400 934 1452 Apollinis
959 1403 1167 1442 oraculum
1195 1404 1247 1442 ad
1279 1405 1431 1443 Italiam
1461 1412 1644 1457 spectans

133 1455 183 1492 de
213 1456 331 1494 Creta
363 1457 721 1509 interpretaretur,
769 1458 881 1496 facile
911 1459 1049 1497 induci
1079 1468 1240 1512 poterat
1276 1476 1397 1500 senex
1440 1462 1642 1503 Anchises.

131 1513 231 1551 Nam
257 1520 296 1552 et
323 1515 486 1553 omnino
513 1515 617 1552 inter
639 1515 798 1554 Cretam
825 1523 865 1554 et
897 1516 1108 1568 Phrygiam
1141 1519 1309 1571 origines
1332 1521 1498 1559 fuerunt
1529 1535 1642 1559 com—

131 1585 290 1620 munes,
331 1578 372 1610 et
405 1573 600 1624 Phrygiae
637 1573 826 1622 minoris,
876 1587 946 1611 seu
979 1575 1169 1625 Troadis,
1210 1577 1456 1627 conditores,
1496 1579 1642 1617 Teucri

130 1629 368 1679 (secundum
393 1630 489 1668 alios
504 1631 623 1668 etiam
644 1630 849 1685 Dardanii)
873 1645 893 1668 e
923 1633 1040 1670 Creta
1070 1639 1206 1673 ortum
1238 1634 1435 1686 habuere3
1476 1637 1641 1686 accedit,

130 1687 239 1738 quod
263 1694 334 1726 aut
355 1688 397 1727 in
417 1689 575 1726 Cretam
600 1702 713 1726 sacra
740 1695 779 1726 et
796 1689 1004 1740 religiones
1024 1692 1183 1742 Dactyli
1210 1692 1317 1731 Idaei
1344 1694 1641 1732 transtulerunt

83 1748 87 1751 ’
130 1757 183 1782 ex
212 1744 407 1797 Phrygia,
450 1752 521 1784 aut
545 1745 719 1797 Phryges
750 1759 935 1798 accepere
964 1748 1175 1799 religiones
1193 1764 1214 1786 a
1235 1751 1448 1789 Curetibus
1471 1765 1541 1789 seu
1563 1752 1641 1789 Co-

128 1803 367 1854 rybantibus
395 1817 446 1842 ex
475 1805 605 1842 Creta.
664 1805 762 1842 Nam
803 1811 1022 1855 utrumque
1054 1807 1244 1846 traditur.
1303 1809 1429 1847 Locus
1457 1809 1642 1847 classicus

130 1860 239 1913 apud
251 1862 438 1900 Strabon.
463 1862 531 1900 lib.
555 1863 606 1910 X,
638 1875 676 1913 p.
700 1860 784 1905 466
802 1876 886 1913 sqq.
909 1862 1073 1901 Diodor.
1096 1864 1142 1912 V,
1175 1879 1207 1904 c.
1229 1866 1284 1908 64
1304 1880 1388 1917 sqq.
1447 1866 1481 1904 A
1502 1872 1640 1905 nostro

128 1918 358 1970 proditum:
395 1933 416 1958 e
436 1920 552 1958 Creta
575 1933 667 1957 cum
684 1920 838 1957 Teucro
869 1934 980 1958 sacra
1001 1921 1181 1972 Cybeles,
1213 1929 1253 1960 et
1278 1924 1438 1973 quidem
1458 1925 1639 1976 mystica,

128 1988 209 2014 esse
236 1976 445 2028 traducta3
492 1979 606 2015 Hinc·
640 1986 768 2014 mater
802 1978 948 2015 cultrix
981 1978 1147 2029 Cybelae
1191 1980 1511 2033 Corybantiaque
1543 1997 1640 2020 aera

127 2034 375 2086 Idaeumque
394 2049 532 2072 nemus
540 2050 555 2082 ;
587 2035 682 2072 hinc
697 2034 796 2082 fida
822 2036 981 2072 silentia
1009 2038 1135 2073 sacris
1161 2038 1215 2074 Et
1245 2040 1371 2076 iuncti
1389 2054 1546 2076 curtum
1564 2040 1639 2076 ‹lo-

127 2093 259 2129 minae
280 2092 429 2130 subiere
448 2093 591 2130 leones.
626 2091 801 2143 Repetiti
820 2097 954 2130 autem
978 2095 1179 2132 communi
1195 2095 1381 2146 opinione
1401 2097 1543 2134 Teucri
1564 2110 1637 2133 na-

126 2148 226 2186 tales
245 2162 295 2186 ex
316 2150 453 2198 Creta3
484 2149 556 2187 etsi
573 2149 695 2187 Attici
718 2149 943 2200 scriptores,
966 2149 1263 2190 Phanodemum
1284 2153 1445 2204 Dionys.
1465 2154 1589 2192 Halie.
1605 2154 1636 2203 I,

127 2209 178 2247 61
200 2207 360 2255 excitat,
390 2207 546 2245 Atticae
571 2220 636 2244 eos
653 2206 926 2245 vindicabant.
965 2207 1094 2246 Multo
1124 2210 1340 2261 sapientius
1357 2210 1425 2258 illi,
1440 2211 1519 2261 qui,
1535 2212 1633 2248 Sca-

127 2264 283 2302 mandri
313 2264 427 2303 ssuvii
457 2270 495 2301 et
522 2263 730 2315 Nymphae
755 2263 894 2301 Idaeae
924 2264 1051 2302 filium
1083 2279 1172 2304 eum
1201 2267 1416 2318 prodentes
1434 2267 1490 2320 (v.
1507 2268 1635 2320 Apol-

125 2321 254 2360 lodor.
277 2322 342 2371 111,
378 2325 441 2370 12,
476 2320 529 2373 1),
567 2321 783 2372 indigetem
815 2327 855 2359 et
883 2323 1039 2372 ignotae
1068 2325 1230 2375 originis
1256 2325 1474 2375 significare
1493 2326 1635 2364 volue-

123 2385 241 2429 runt,
273 2394 294 2416 a
314 2393 394 2430 quo
413 2386 603 2431 exceptus
625 2379 834 2416 Dardanus
849 2379 970 2417 filiam
992 2380 1144 2419 Batiam
1170 2379 1377 2435 (Βάτειαν)
1399 2388 1438 2421 et
1455 2396 1633 2436 regnum,

125 2436 164 2475 h.
185 2450 216 2475 e.
235 2451 384 2489 agrum,
417 2450 535 2488 quem
550 2437 631 2489 ipse
651 2437 833 2486 tenebat,
866 2437 1054 2476 obtinuit.

507 2627 1078 2687 EXCURSUS
1151 2628 1246 2685 VI

123 2730 197 2775 De
225 2731 450 2775 Dardani
480 2732 732 2790 originibus
763 2748 816 2830 gx
845 2731 1058 2831 „greatellia
1086 2731 1165 2775 vel
1203 2750 1256 2776 ex
1294 2732 1553 2788 Tyrrhenia
1592 2741 1630 2775 et

706 2805 761 2831 ur
791 2805 814 2832 e
885 2805 964 2844 ory
999 2806 1056 2830 ιο.

236 2892 300 2941 ΠῙ,
337 2896 484 2934 167-
500 2896 592 2935 171.
622 2916 679 2922 -
708 2893 802 2931 lzinc
830 2894 1056 2932 Dardanus
1089 2902 1213 2942 ortus,
1252 2895 1465 2945 Iasiusque
1498 2902 1625 2944 pater,

118 2963 247 2999 genus
264 2963 291 2986 a
311 2964 388 3001 quo
405 2951 592 3002 principe
610 2958 787 2988 nostrum
807 2974 860 2980 —
889 2951 1102 3002 Corythum
1122 2959 1319 3002 terrasque
1336 2952 1513 3002 requiras
1535 2950 1627 2987 Au-
