1827 3436
342 226 752 287 AENEIDOS
791 222 929 270 LIB.
966 219 1032 278 II,
1071 217 1368 266 275—292

1509 214 1608 258 309

102 373 250 431 Quae
274 371 448 412 tantae
470 367 694 405 tenuere
712 363 900 398 morae
915 351 936 394 Ρ
974 341 1167 409 quibus
1185 341 1386 386 Hector
1414 333 1476 382 ab
1507 332 1612 380 oris

100 440 406 501 Exspectate
427 426 605 476 venis?
635 431 694 471 ut
717 429 769 468 te
801 424 921 483 post
944 411 1115 461 multa
1138 418 1359 456 tuorum

102 511 333 564 Funera,
370 505 492 564 post
514 494 686 543 varios
710 487 1107 547 hominumque
1127 476 1384 540 urbisque
1407 470 1615 518 labores

102 571 305 626 Defessi
327 565 668 632 adspicimus!
691 574 826 625 quae
854 569 1028 603 caussa
1052 549 1265 610 indigna
1280 554 1501 592 serenos
1514 542 1614 590 285

103 640 358 694 Foedavit
378 635 585 686 voltus?
625 638 712 680 aut
734 643 827 676 cur
846 625 977 673 haec
1001 619 1223 669 volnera
1252 615 1448 663 cerno?

105 713 201 764 Ille
236 707 393 766 nihil;
415 721 517 753 nec
538 718 627 750 me
649 703 996 765 quaerentem
1021 704 1153 738 vana
1172 692 1433 734 moratur:

109 780 212 831 Sed
236 777 461 844 graviter
487 771 715 837 gemitus
740 767 849 815 imo
877 763 944 812 de
967 768 1186 826 pectore
1210 754 1426 812 ducens,

106 854 227 901 Heu
245 848 396 911 fuge„
434 852 556 892 nate
580 840 703 901 dea,
741 845 871 901 tequ

877 850 904 882 e
926 831 1035 891 his,

1075 828 1142 876 ait
1153 866 1165 887 ‚
1206 824 1350 888 eripe
1376 815 1620 868 flammis.

108 920 284 970 Hostis
305 915 467 964 habet
498 925 711 968 muros3
747 905 853 954 ruit
874 901 979 950 alto
1009 916 1035 947 a
1061 895 1291 946 culmine
1323 889 1496 940 Troia.
1520 890 1621 936 290

112 993 200 1039 Sat
219 986 417 1053 patriae
438 982 762 1044 Priamoque
783 974 979 1024 datum.
1055 967 1108 1015 Si
1130 969 1384 1027 Pergama
1409 959 1588 1008 dextra

109 1055 344 1110 Defendi
363 1058 605 1119 possent:
648 1047 806 1096 etiam
827 1042 925 1090 hac
945 1036 1166 1088 defensa
1190 1032 1423 1081 fuissent.

113 1233 198 1255 unus
217 1219 370 1263 Guelph.

114 1270 239 1302 varios
261 1280 294 1299 u.
314 1265 429 1308 Bigot.

116 1321 235 1361 potest
253 1310 456 1357 exquisitius
473 1306 598 1340 videri.

526 1261 593 1294 255
620 1258 815 1302 accipimus
834 1251 958 1284 Ilamb.
987 1261 1040 1294 pr.
1065 1254 1101 1280 et
1123 1245 1230 1278 Goth.
1254 1249 1336 1276 tert.
1358 1254 1376 1273 a
1398 1253 1442 1272 m.
1465 1251 1533 1271 sec.
1583 1237 1626 1267 Et

646 1314 795 1337 severos
824 1301 958 1342 Hugen.
988 1309 1007 1328 a
1030 1308 1072 1327 m.
1105 1305 1173 1326 sec.

1268 1290 1338 1324 286
1373 1295 1408 1320 et
1437 1298 1501 1318 car
1528 1283 1626 1315 Leid.

116 1363 183 1396 287
209 1363 294 1407 Ipse
322 1356 490 1390 Moutalb.
541 1365 605 1385 nec
635 1355 867 1396 quaerentem
894 1357 948 1376 me
976 1354 1044 1374 sec.
1072 1340 1196 1372 Hamb.
1244 1349 1311 1370 nee
1342 1347 1396 1367 me
1423 1338 1628 1365 remoratur

118 1420 216 1441 vana
238 1412 445 1451 querentem
465 1402 604 1442 Menag.
623 1409 675 1442 pr.

116 1454 276 1487 Pan-has.

117 1503 187 1535 290
217 1512 239 1532 α
260 1499 359 1530 deest
378 1494 525 1528 Dorvill.
554 1493 693 1533 Menag.
726 1500 777 1533 pr.
812 1491 848 1518 et

718 1394 808 1440 fata
829 1398 994 1426 moratus
1007 1388 1060 1420 ed.
1073 1388 1162 1419 Ven.

372 1451 440 1484 289
466 1444 614 1490 Heass.
632 1442 731 1476 Leid.
752 1452 808 1473 un.
858 1446 930 1471 tete
957 1447 1046 1467 corr.
1069 1432 1212 1474 Cuning.
1262 1430 1361 1474 eripe
1380 1426 1463 1458 telis
1484 1421 1628 1456 Dorvill.

873 1482 1034 1516 Mediceo
1065 1479 1238 1513 Pieriano.
1288 1474 1386 1507 Adde
1415 1471 1522 1504 Goth.
1543 1475 1629 1501 tert.

1257 1383 1326 1417 288
1353 1381 1446 1426 dep.
1461 1377 1630 1423 fundens

119 1549 157 1579 Iu
189 1545 341 1578 secundo
372 1542 460 1575 Alte
489 1553 513 1573 a
543 1552 572 1571 c.
616 1538 693 1570 alto
719 1534 873 1567 culmine
904 1526 1141 1573 superscripto
1169 1537 1192 1557 a
1221 1524 1343 1565 fragm.
1364 1519 1477 1552 vatic.
1526 1515 1571 1548 ab
1600 1528 1628 1547 c.

118 1593 219 1626 Leid.
240 1603 336 1623 unus.
385 1585 574 1620 Dorvillius
602 1585 691 1616 bene
719 1579 830 1614 coni.:
865 1578 941 1610 rait
964 1575 1043 1607 alta
1061 1586 1084 1606 a
1110 1572 1264 1604 culmine
1295 1567 1423 1605 Troia,

1458 1563 1550 1608 quod
1580 1563 1631 1594 si—

120 1638 338 1684 gnificantius
355 1642 425 1673 est,
452 1641 487 1666 et
509 1632 557 1665 sic
577 1634 747 1663 Acronem
766 1625 907 1669 legisse,
932 1621 1005 1654 Iani
1029 1619 1115 1653 vidit
1134 1617 1177 1650 ad
1200 1617 1319 1649 Horat.
1342 1614 1386 1645 [V
1406 1612 1518 1644 Carni.
1544 1610 1576 1649 6,
1597 1609 1630 1643 3.

122 1695 155 1720 et
171 1688 310 1718 Homer.
328 1682 426 1715 Iliad.
443 1693 476 1722 ν,
501 1679 571 1714 772
593 1673 709 1710 ὤλετο
728 1673 834 1707 πᾶσα
854 1682 923 1703 κατ
936 1665 944 1678 ’
974 1663 1091 1711 ἄκρης
1104 1660 1219 1702 Ἴλιος
1236 1656 1398 1703 αἰπεινή.
1425 1658 1470 1690 ad
1503 1669 1535 1700 q.
1562 1655 1629 1687 loc.

122 1733 213 1766 vide.
231 1728 438 1764 adde-Iliad.
459 1739 491 1767 ο,
517 1726 597 1760 557.
628 1724 706 1758 558.

750 1720 844 1762 (alta
869 1728 948 1749 vera
980 1714 1085 1746 lectio
1115 1709 1287 1743 Brunckio
1320 1707 1476 1743 videtum
1512 1702 1632 1735 eadem

122 1778 323 1831 praeplacet
351 1774 489 1813 lahnio‚
526 1785 545 1805 a
573 1767 829 1805 &Vakefieldim
874 1761 1063 1796 accedente
1093 1759 1170 1791 eod.
1203 1755 1291 1788 Coll.
1318 1755 1384 1785 les.
1415 1749 1633 1789 auctoritate,

125 1826 226 1859 etiam
242 1836 279 1856 ln
297 1822 456 1856 ordinem
477 1824 621 1862 recepta
642 1823 703 1848 est.
734 1812 829 1854 Il‘r.)

126 1874 252 1906 datum
273 1878 328 1903 est
350 1868 456 1901 Witt.

925 1810 992 1844 291
1021 1808 1168 1839 Priamo
1185 1803 1403 1849 patriaeque
1420 1811 1487 1830 sec.
1510 1795 1633 1828 Hamb.

550 1865 620 1899 292
645 1862 789 1908 possint
809 1858 900 1890 alter
921 1853 1088 1888 Rottend.
1138 1850 1227 1883 Olim
1257 1847 1448 1880 distinxere
1475 1841 1634 1876 nonnulli

126 1939 167 1944 -—
191 1917 509 1964 desendipossent
528 1913 654 1951 etiam,
678 1909 747 1940 lzac
767 1907 802 1939 d.
824 1915 889 1950 pro
912 1901 1036 1935 adhuc.
1057 1912 1089 1932 v.
1107 1901 1202 1931 Serv.

184 2023 439 2068 282—286.
480 2017 603 2066 Quasi
646 2016 855 2054 immemor

128 2082 257 2121 caedis
287 2077 492 2125 Hectoris,
531 2088 620 2113 eum
659 2072 854 2120 obiurgat,

129 2138 238 2191 quod
258 2144 342 2175 tam
376 2135 447 2172 diu
476 2132 649 2170 abfuerit
678 2136 718 2167 et
747 2140 856 2165 nunc

131 2198 291 2235 demum
341 2192 392 2230 ad
439 2191 631 2228 auxilium
673 2183 856 2224 Troianis

130 2253 337 2293 serendum
371 2248 570 2286 adveniat.
647 2244 774 2282 Etiam
813 2241 855 2277 in

131 2312 192 2349 his
214 2308 384 2348 Ennium
415 2311 505 2342 ante
539 2303 674 2342 oculos
700 2298 855 2345 habuit,

133 2370 244 2407 cuius
278 2378 416 2404 versus
448 2363 555 2414 apud
585 2358 759 2398 Macrob.
790 2355 855 2403 VI,

133 2431 160 2469 2
197 2427 232 2462 ()
252 2425 322 2462 lux
351 2423 515 2468 'l'roiae‚
554 2430 744 2468 germane
773 2415 857 2449 lle-

137 2485 241 2521 ctor!
279 2480 389 2531 Quid
409 2481 465 2515 ι’[α
493 2491 583 2513 enm
606 2485 670 2512 tuo
698 2474 857 2510 lac-era-

138 2550 174 2577 to
193 2554 348 2589 corpore
372 2535 517 2572 miser?
569 2535 653 2570 „lat
670 2562 679 2579 ‚
722 2531 792 2581 qui
824 2538 858 2563 le

139 2600 196 2633 sic
218 2592 523 2645 respectantibus
546 2597 762 2627 tractavere
785 2600 859 2621 710—

141 2654 228 2690 bis?
260 2654 353 2689 Lux
378 2656 508 2687 autem
529 2661 607 2685 non
627 2646 676 2683 ad
698 2642 861 2695 gloriam

143 2709 411 2754 referendum,
442 2706 509 2743 scd
533 2705 580 2742 de
602 2704 728 2740 salute
757 2699 862 2736 acci-

145 2766 349 2815 piendum,
388 2764 417 2800 si
445 2762 605 2812 quidem
635 2774 683 2797 ex
711 2759 864 2795 llonle-

146 2823 225 2858 1'31‘0
271 2820 376 2869 φάος
413 2832 665 2870 expressum,
707 2829 785 2865 quo
831 2813 863 2849 is

147 2878 221 2915 ho(-
243 2891 357 2914 sensu
370 2878 600 2927 plerumque
618 2874 771 2920 utitur3
792 2884 864 2907 ex—

146 2941 260 2986 ‹fepto
281 2935 378 2972 forte
399 2934 484 2971 loco
508 2933 617 2971 Iliad.
640 2936 683 2979 θ,
705 2931 799 2970 282.
825 2935 865 2964 nl

911 2018 1009 2058 lep.
1029 2037 1039 2056 ,
1076 2004 1152 2053 ω’ς,
1182 2003 1223 2041 h.
1244 2014 1276 2039 e.
1299 1995 1521 2050 quomodo:
1552 1992 1636 2046 (re-

913 2065 1015 2104 ctius
1049 2063 1213 2102 videtur
1245 2057 1353 2108 iungi
1390 2063 1431 2092 ut
1463 2053 1634 2103 deses-91}

913 2123 1028 2160 aliter
1046 2118 1269 2159 verendum
1286 2145 1295 2163 ,
1328 2126 1376 2151 ne
1398 2111 1519 2150 verba
1547 2116 1638 2158 post

912 2181 1040 2217 multa
1051 2200 1107 2207 —
1119 2176 1265 2226 defessi
1277 2172 1402 2209 otiosa
1416 2169 1508 2206 sint.
1528 2165 1637 2202 Idem

912 2236 1070 2276 monuit
1090 2230 1296 2272 Wunderl.
1334 2225 1449 2279 ll'r.)
1494 2222 1641 2274 defessi

914 2293 1113 2339 cladibus,
1165 2296 1212 2328 ut
1249 2287 1447 2336 eleganter
1486 2286 1638 2333 poetae,

914 2367 953 2391 v.
971 2366 1004 2389 c.
1026 2350 1167 2387 Horat.
1187 2347 1221 2384 11
1243 2347 1371 2382 Carm.
1392 2342 1429 2388 4,
1455 2344 1502 2379 11
1537 2340 1639 2374 Tra-

915 2407 1149 2458 ‹l1'4lzsstsi›.s·.s=1'„‹;
1165 2405 1313 2441 leviora
1330 2400 1416 2437 lolli
1440 2399 1639 2445 Pergama

920 2467 1071 2505 Graiis.
1085 2486 1135 2492 --
1146 2475 1298 2499 serenos
1296 2458 1330 2508 J
1330 2458 1442 2494 bmlm
1452 2457 1487 2491 'il
1499 2453 1639 2499 valum,

916 2523 1103 2574 quoniam
1121 2519 1298 2569 etsberla
1316 2520 1526 2563 lempna-las
1545 2523 1640 2561 pro—

918 2581 1002 2633 prie
1025 2579 1181 2616 dicitur.
1210 2576 1259 2614 cs.
1277 2576 1387 2611 Serv.

977 2641 1073 2678 290.
1114 2636 1215 2671 li’uit
1267 2632 1347 2668 allo
1397 2642 1423 2663 α
1469 2625 1641 2661 eulmine

928 2697 1071 2731 Troia:
1117 2690 1254 2743 (etiam
1288 2688 1356 2725 inf.
1392 2698 1430 2721 v.
1465 2680 1564 2731 603)
1594 2692 1640 2715 ex

921 2750 1152 2796 Homerico,
1185 2746 1293 2797 quod
1325 2742 1477 2792 saepius
1500 2750 1643 2775 occur—

920 2810 994 2857 rit,
1021 2803 1254 2855 κατ’ἅκρης.
1297 2803 1342 2838 cf.
1362 2801 1452 2835 Var.
1470 2797 1643 2832 hcet.—

924 2867 984 2904 Ad
1015 2868 1109 2906 291.
1145 2866 1228 2905 292
1265 2861 1312 2900 cs.
1349 2857 1416 2894 ins.
1448 2853 1522 2898 xl,
1550 2852 1643 2890 288.

925 2927 1020 2965 289.
1081 2921 1209 2958 llabel
1246 2917 1370 2969 patria
1398 2919 1437 2949 et
1469 2909 1644 2948 Priamus
