1779 3420
198 247 332 293 1022
603 235 1330 288 EXCURSUSX

193 370 464 410 Acherusiam
499 370 572 409 sub
603 369 743 408 Miseni
774 367 1043 421 promontorii
1074 372 1254 405 extrema
1284 379 1364 405 ora.
1435 364 1529 404 Eius
1559 361 1718 416 paludis

194 429 316 480 vulgo
346 428 512 479 vestigia
540 428 688 466 habere
722 427 902 465 creditur
930 428 1071 464 Lacus
1105 426 1335 473 Colaeeim,
1375 424 1445 462 sed
1472 421 1720 475 probabilior

196 493 256 526 est
275 487 384 524 Paoli
412 487 629 533 sententia,
671 485 740 536 qui
766 485 817 522 ad
839 486 962 522 Mare
992 492 1189 520 mortuum
1211 482 1335 521 releit
1362 484 1560 533 paludem
1582 479 1720 519 Ache-

194 547 350 583 rusiam
377 544 445 583 fol.
476 547 543 586 28.
603 544 681 581 Alii
705 548 847 595 poetae
881 540 1089 592 Virgilium
1121 547 1327 578 auctorem
1344 553 1385 577 m
1414 540 1476 578 his
1498 539 1720 578 infmmum

196 603 380 642 amnibus
410 602 687 640 deseruerunt.
749 599 863 638 Conf.
894 613 932 638 v.
964 612 996 636 c.
1026 600 1215 636 Senecam
1244 598 1361 636 Herc.
1392 599 1471 637 fur.
1498 601 1593 641 680.
1624 598 1720 638 686.

195 664 280 704 709
301 675 384 712 sqq.
417 661 555 698 Silium
580 661 631 708 X,
667 660 906 706 116-121,
937 657 1004 707 qui
1027 657 1222 707 Cocytum
1243 657 1283 694 in
1306 656 1478 694 Lucrino
1497 662 1536 693 et
1559 657 1720 707 Stygem

195 720 238 758 in
261 720 421 758 Averno
442 718 620 768 quaerit,
652 717 760 756 viam
790 722 923 753 autem
955 715 1006 752 ad
1028 714 1176 752 inferos
1208 728 1280 766 per
1309 713 1570 753 Acherusiam
1601 713 1721 764 palu—

198 777 302 816 dem.
375 776 431 813 De
469 775 604 814 fluviis
635 775 858 813 inferorum
899 773 1011 811 locus
1047 773 1167 810 etiam
1204 773 1434 824 praeclarus
1476 779 1533 810 est
1564 770 1721 809 Miltoni

196 835 264 873 lib.
287 833 334 882 H,
367 832 451 876 574
472 847 570 884 sqq,
603 833 745 885 dignus
771 832 838 883 qui
860 837 1134 883 comparetur,
1178 837 1219 868 at
1246 830 1295 868 de
1322 832 1562 883 etymologia
1589 829 1722 867 nomi-

197 906 318 936 num,
365 905 466 942 quae
500 891 562 929 his
598 891 781 929 amnibus
823 889 954 927 indita
987 895 1104 939 sunt,
1155 903 1195 927 v.
1231 889 1306 928 loc.
1340 888 1580 941 Apollodori
1616 886 1724 940 apud

199 950 437 988 Stobaeum:
466 949 508 987 in
528 949 777 997 Fraomentis
796 946 981 999 Apollod.
1003 961 1090 999 pag
1115 946 1223 990 1047
1240 960 1323 998 sqq.
1317 977 1338 995 .,
1376 947 1445 986 ubi
1463 962 1501 1000 p.
1529 948 1637 990 1050
1659 946 1724 983 lo-

199 1022 268 1046 cus
293 1007 501 1059 Sophoclis
525 1021 546 1045 e
566 1008 774 1060 Polyxena
796 1007 851 1044 sic
870 1006 1036 1044 videtur
1063 1005 1396 1054 constituendus,
1427 1013 1479 1044 ut
1501 1020 1576 1075 pro
1601 1007 1632 1046 ὥ
1654 1019 1726 1051 τας

198 1067 354 1118 legatur
371 1062 514 1114 Ἀκτοὶς
535 1072 575 1104 et
596 1067 723 1104 altero
746 1078 867 1104 Velsu
887 1067 1063 1104 λιποῦσα
1083 1064 1228 1115 λίμνης
1250 1058 1386 1115 ἦλθον
1405 1060 1589 1116 ἤχούσης
1609 1061 1725 1118 γόους

197 1120 428 1177 Ἀχέροντος
445 1119 673 1178 ὀξυπλῆγας
693 1122 866 1177 ἄρσενας
887 1118 999 1174 χόας.
1035 1136 1074 1174 Ρ
1103 1121 1211 1164 1051
1242 1118 1323 1162 α’πο
1345 1124 1421 1162 τοῦ
1446 1125 1601 1176 γοργῶς
1625 1122 1726 1173 φαί-

199 1188 347 1222 νεσθαι
372 1182 444 1233 leg.
467 1181 591 1236 γοργοέ
624 1200 680 1233 φ.,
713 1188 753 1220 et
776 1195 816 1233 p.
852 1181 960 1222 1053
989 1180 1014 1218 l.
1037 1183 1076 1221 3
1099 1176 1366 1232 στερεμνώδη,
1399 1186 1438 1218 et
1468 1181 1493 1220 1.
1521 1181 1546 1222 5
1567 1177 1726 1232 καμόν-

199 1256 306 1291 των,
337 1240 480 1279 ultima
508 1254 529 1279 e
555 1241 654 1281 Cod.
686 1239 849 1279 Stobaei
871 1239 1010 1278 Escur.
1039 1237 1317 1290 suppeditavit
1340 1238 1500 1278 doctiss.
1529 1238 1725 1291 Tychsen.

535 1525 1238 1586 EXCURSUS
1321 1524 1388 1581 X

204 1645 531 1688 Descensns
579 1644 654 1686 cccl
685 1644 915 1696 inferos
957 1659 1022 1684 arn
1057 1658 1119 1684 ex
1161 1639 1366 1683 initiis
1397 1637 1728 1682 Eleusiniis

712 1701 793 1743 sit
835 1700 1229 1744 adumbratas.

321 1819 427 1857 Dum
449 1819 493 1856 in
523 1818 612 1856 loco
642 1817 722 1855 hoc
752 1817 998 1856 nobilissimo
1031 1816 1080 1854 de
1099 1816 1304 1864 ,descensu
1336 1812 1489 1851 Aeneae
1510 1813 1562 1851 ad
1580 1812 1728 1850 inferos

205 1891 438 1925 versamur,
476 1877 569 1924 etsi,
610 1875 719 1914 unde
750 1882 871 1927 poeta
902 1875 1109 1912 materiam
1146 1873 1230 1910 eius
1256 1878 1525 1922 ornatumque
1555 1871 1730 1922 petierit,

206 1936 303 1974 satis
336 1935 585 1973 declaratum
615 1947 698 1971 esse
731 1934 917 1982 videtur,
954 1939 1090 1970 tamen
1120 1930 1406 1978 Wailmrtoni,
1448 1929 1532 1968 Viri
1564 1929 1730 1976 Summi,

207 1994 324 2033 Glevi
348 2007 418 2032 seu
437 1992 683 2030 Glocestriae
707 1991 912 2044 Episcopi,
954 1990 1151 2028 sententia
1182 1987 1543 2040 praetermittenda
1574 2001 1595 2024 a
1616 1987 1731 2024 nobis

207 2067 291 2092 non
311 2058 384 2099 est,
414 2064 515 2103 quae
536 2052 579 2088 in
601 2050 906 2089 Commentariis
937 2050 984 2086 cle
1007 2050 1143 2086 fissam
1167 2048 1255 2084 elis
1229 2061 1310 2084 ma
1329 2047 1530 2096 legatione
1549 2044 1680 2098 (Qfom
1701 2045 1729 2092 Ι,

206 2111 274 2149 lib.
299 2111 343 2159 ΙΙ,
364 2082 401 2148 S.
430 2109 474 2163 4)
501 2109 596 2146 olim
626 2109 826 2160 exposita,
857 2107 1039 2160 praefixa
1070 2118 1230 2158 quoque
1259 2111 1319 2142 est
1352 2105 1464 2142 Tom.
1494 2104 1547 2141 ΙΙΙ
1580 2074 1731 2153 Virgilii

208 2168 556 2208 Warburtoniani.
616 2168 738 2205 Redit
756 2172 891 2204 autem
910 2166 979 2203 illa
998 2165 1099 2213 hue,
1131 2163 1232 2201 nihil
1251 2169 1299 2201 ut
1324 2162 1434 2200 aliud
1456 2161 1534 2199 hoc
1556 2161 1607 2200 ad
1627 2161 1731 2198 infe-

207 2241 275 2266 ros
299 2227 492 2264 descensu
513 2226 804 2277 repraesentaii
825 2239 846 2261 a
866 2230 986 2276 poeta
1015 2222 1253 2268 contendat,
1286 2234 1405 2271 quam
1430 2222 1549 2257 inilia
1569 2219 1631 2257 Ac
1621 2232 1732 2256 neae

209 2291 250 2323 et
280 2287 555 2335 desetiplc'one
556 2299 582 2320 n
603 2298 780 2334 pompae
811 2281 948 2336 (θεᾶς)
980 2282 1213 2319 Εἰθιιςίηἰαε
1235 2292 1395 2326 emum,
1429 2278 1497 2328 qui
1523 2277 1731 2315 initiaren-

209 2350 298 2390 tur,
339 2343 463 2381 oculis
495 2341 676 2379 exhiberi
714 2342 865 2379 solitae.
934 2340 1095 2378 Placere
1120 2342 1280 2390 poteiat
1319 2336 1502 2374 doetiina
1538 2335 1637 2373 haec
1668 2334 1733 2373 vel

211 2401 391 2439 novitate
424 2414 513 2450 sua,
546 2400 609 2438 vel
631 2400 833 2451 ingeniosa
858 2398 937 2438 viii
970 2397 1189 2435 doctissimi
1220 2395 1508 2441 exonlatione,
1548 2393 1615 2431 vel
1647 2393 1733 2444 ipsa

210 2459 298 2497 veri
328 2459 497 2506 fiducia,
530 2471 622 2495 cum
653 2471 731 2508 qua
763 2458 812 2495 ab
841 2470 886 2494 eo
920 2456 1101 2508 exposita
1137 2460 1207 2492 est.
1266 2453 1402 2503 Neque
1430 2452 1473 2489 id
1503 2451 1638 2502 negari
1661 2463 1733 2489 ve-

212 2516 301 2565 lim,
334 2517 432 2554 nihil
454 2517 617 2554 omnino
648 2515 872 2553 narrationi
894 2514 1131 2564 Virgilianae
1154 2526 1245 2550 cum
1272 2510 1480 2548 Eleusiniis
1500 2509 1623 2547 initiis
1651 2520 1732 2544 esse

213 2587 436 2612 commune.
498 2574 602 2611 Illud
633 2575 737 2611 enim
771 2587 821 2611 ex
854 2573 990 2610 multis
1019 2571 1162 2622 passim
1194 2575 1378 2608 veterum
1401 2568 1517 2616 locis,
1560 2566 1732 2605 maxime

213 2645 265 2669 ex
296 2631 577 2681 Aristophanis
633 2632 760 2679 ianis,
812 2631 922 2677 loco,
972 2643 1052 2679 quo
1081 2627 1226 2665 Bacchi
1257 2627 1309 2664 ad
1337 2627 1483 2663 inferos
1521 2623 1732 2661 descensus

213 2689 419 2727 exhibitus
452 2695 532 2735 est,
566 2689 787 2725 Claudiano
809 2689 857 2725 do
883 2689 929 2724 R.
959 2687 1141 2737 Proserp.
1166 2686 1230 2722 lib.
1256 2685 1281 2732 Ι,
1314 2686 1409 2729 619,
1441 2682 1636 2719 Pausania
1663 2681 1729 2718 lib.

213 2749 276 2796 X,
311 2761 349 2798 p.
380 2750 476 2793 876,
518 2746 691 2783 Luciano
730 2747 772 2782 in
803 2744 991 2795 Cataplo,
1039 2742 1255 2780 'shmnistio
1294 2740 1401 2791 apud
1431 2740 1483 2777 lo.
1518 2739 1733 2777 stobaeum

214 2812 254 2844 et
277 2806 325 2844 al.
349 2804 442 2842 satis
462 2810 646 2841 constare
676 2803 862 2850 videtur,
896 2802 962 2848 iis,
1006 2801 1071 2851 qui
1096 2800 1375 2846 initiarentur,
1417 2798 1636 2849 symbolica
1661 2796 1734 2833 ali-

214 2878 292 2914 qua
331 2862 698 2914 iepiaesontatione
742 2860 899 2911 Ρίοιυιη
944 2859 1239 2909 impiorumque
1276 2856 1451 2908 piaemia
1505 2869 1550 2892 ac
1586 2867 1734 2906 poenas

214 2928 306 2973 post
333 2920 440 2959 hanc
465 2921 593 2959 vitam
623 2919 740 2957 fuisse
764 2916 1182 2969 piopositas,1csquc
1211 2915 1377 2961 inlems,
1409 2915 1623 2951 'tartarum
1645 2924 1735 2949 cum

215 2979 368 3030 Llysio,
418 2983 680 3026 monstratas,
726 2976 863 3014 eadem
901 2975 982 3013 sere
1018 2974 1169 3026 specie,
1216 2987 1294 3024 qua
1326 2975 1366 3010 in
1408 2977 1521 3010 sexto
1553 2968 1736 3008 Aeneidis
