1779 3420
70 197 175 245 210

70 321 410 383 Erroresque
431 322 580 363 tuos:
616 327 744 360 nam
764 318 818 359 te
844 308 949 358 iam
973 304 1203 373 septima
1228 310 1409 370 portat

300 189 357 238 P.
378 186 564 238 VIRG.
589 182 755 233 MAR.
778 181 930 230 AEN.
951 179 1009 229 L.
1031 179 1073 240 l,
1109 177 1317 229 755—7
1323 174 1391 224 56

1509 303 1615 352 755

74 387 347 440 Omnibus
375 392 647 436 errantem
669 380 825 431 terris
857 387 911 429 et
928 375 1181 427 fluctibus
1205 383 1385 425 aestas,

170 518 242 553 756
266 513 460 549 Fluctibus
482 532 527 540 --
548 509 715 545 omnibus
732 516 857 542 aestas
878 505 951 540 alii.
1000 517 1044 538 ac
1065 502 1250 550 fluctibus
1282 504 1421 547 Menag.
1472 509 1507 534 et
1537 509 1617 534 ter-

73 568 128 599 ris
148 572 185 599 et
198 562 383 611 fluctibus
400 560 535 606 aliquot
555 557 639 591 libri
659 557 754 601 apud
773 554 946 595 Pierium,
972 552 1089 597 quod,
1116 551 1250 595 inquit,
1290 548 1501 583 sententiam
1530 548 1617 581 red-

73 612 128 646 dit
149 611 360 645 uberiorem.
410 610 455 641 Et
482 607 531 640 sic
560 617 700 650 quoque
729 604 801 636 MS.
832 603 1035 634 Bersmann.
1066 604 1102 631 et
1131 598 1185 631 ed.
1204 598 1352 642 Cuning.
1379 595 1563 642 (omnibus
1579 597 1617 628 [n

76 661 188 693 terris
206 666 394 692 errantem
414 655 520 688 Hafn.
541 654 601 687 Vl.
632 649 730 695 lsr.)
780 651 819 683 In
840 648 950 682 Goth.
973 659 1026 692 pr.
1043 644 1249 678 subiicitur:
1286 648 1440 679 Funera
1466 644 1617 677 Darda-

74 709 160 741 niae
184 712 318 740 narrat
326 706 519 751 fletusque
539 700 712 733 secundo.

75 814 170 852 inde
197 812 386 851 Helenae.
463 807 561 850 755.
599 805 815 845 Annorum

75 885 293 912 numerum
315 870 381 909 vel
405 881 455 906 ex
476 867 564 918 ipso
588 865 722 903 Aenea
750 862 816 901 vel

75 946 128 970 ex
146 932 305 970 Teucro
335 928 437 966 scire
468 924 616 978 potuit.
649 923 697 961 cs.
731 923 816 963 619

75 1004 133 1042 sq.
164 990 221 1027 De
239 988 327 1040 ipso
348 997 551 1024 annorum
563 987 757 1034 computo
777 993 817 1017 v.

76 1050 247 1088 Excurs.
269 1045 320 1084 ad
345 1045 413 1083 lib.
436 1042 501 1081 111.
524 1055 585 1094 pr.
628 1041 818 1078 Ceterum

76 1108 247 1146 Hormus
276 1117 309 1143 e.
330 1101 450 1142 XXlI
471 1101 596 1139 Elem.
629 1099 717 1137 crit.
748 1110 818 1135 re-

76 1162 293 1219 prehendit
322 1161 415 1202 libri
445 1158 692 1207 clausulmn,
726 1169 819 1194 cum

76 1225 164 1277 ipsa
213 1220 469 1276 πραγματεία
529 1216 689 1255 nullum
737 1213 818 1263 hic,

77 1283 130 1321 ad
170 1280 283 1334 quod
328 1279 399 1318 illa
448 1275 577 1315 incidi
623 1273 820 1327 potuerit,

77 1345 327 1380 momentum
364 1334 614 1389 suppeditet.
683 1332 820 1370 Moni-

876 809 965 841 tum
984 800 1077 850 hoe,
1109 806 1157 838 ut
1177 798 1296 852 plura
1319 813 1341 836 a
1364 811 1523 836 summo
1554 796 1619 836 vi-

874 874 936 910 ro,
968 859 1158 898 subtilius
1184 871 1306 909 quam
1327 856 1477 896 verius.
1519 856 1621 894 Cum

877 918 1035 958 Aeneae
1064 918 1302 957 narratione
1337 929 1470 954 novus
1503 915 1621 967 plane

877 992 1014 1018 rerum
1046 976 1150 1015 ordo
1189 975 1393 1027 exsurgit,
1439 973 1621 1025 adeoque

878 1036 1182 1076 memorabilem
1200 1032 1545 1085 interquiescendi
1555 1033 1621 1071 lo-

880 1109 973 1134 cum
1004 1094 1178 1133 subiicit.
1259 1093 1312 1130 De
1352 1091 1543 1130 clausulis
1583 1096 1623 1128 et

878 1154 1059 1192 exordiis
1085 1153 1286 1191 librorum
1316 1149 1505 1189 Aeneidis
1537 1163 1622 1187 non

878 1212 981 1251 male
1043 1211 1320 1264 disputantem
1371 1209 1494 1248 video
1546 1208 1620 1246 Ios.

877 1270 1104 1323 'l'rappium
1129 1269 1181 1308 ad
1204 1268 1244 1307 h,
1264 1269 1290 1307 l.
