1811 3388
508 196 624 244 AD
695 193 1138 242 LIBRUM
1209 194 1303 243 111
1563 198 1662 247 589

153 336 246 378 tur,
272 341 367 366 sano
396 324 545 363 iudicio
576 321 808 375 probanda,
841 320 911 359 sed
942 321 1094 359 faciunt
1125 321 1242 359 simul
1263 321 1498 371 horrorem,
1527 330 1566 362 et
1583 323 1662 362 110-

152 388 305 426 minum
334 383 427 423 belli
456 382 643 421 caedibus
675 379 904 433 rapinisque
947 379 1209 418 adsuetorum
1240 393 1376 417 sensus
1407 380 1542 431 potuit
1583 395 1663 420 esse

153 444 356 492 obtusior,
387 439 695 490 stomachusque
727 438 857 476 minus
887 437 1104 476 fastidiens.
1163 437 1287 486 Nam,
1331 437 1440 488 quod
1469 437 1567 476 haec
1597 439 1663 477 in-

151 509 213 541 ter
244 499 495 548 convivium,
537 511 673 536 coram
708 497 854 534 femina
884 496 1041 547 regina,
1087 501 1330 544 narrantur,
1371 495 1413 532 id
1444 502 1561 546 poeta
1592 511 1664 535 nos

151 560 199 598 ab
229 559 341 597 initio
371 559 504 595 statim
535 556 667 594 animo
698 555 872 593 retinere
903 554 1056 604 noluit,
1088 560 1128 591 et
1158 560 1284 592 totam
1315 554 1581 591 narrationem
1613 555 1665 593 ad

150 618 212 656 sui
241 615 425 655 carminis
455 615 622 653 lectores
654 613 776 665 magis
807 626 925 663 quam
968 611 1020 649 ad
1052 611 1218 650 Didonis
1260 617 1301 649 et
1334 612 1558 651 Poenorum
1590 627 1664 651 au-

151 675 342 715 ditionem
373 672 668 725 attemperavit.
727 670 805 709 Sed
838 670 999 708 0111111ηο
1030 670 1070 708 111
1094 670 1235 708 sabulis
1258 669 1427 720 antiquis
1458 676 1539 707 tam
1558 670 1664 709 laute

149 747 195 771 ac
224 732 391 785 superbe
421 738 562 784 poetae
592 743 666 768 nec
696 734 908 769 versantur
940 741 1012 766 nec
1042 728 1193 766 versari
1218 728 1264 765 iis
1294 740 1450 765 necesse
1482 734 1559 777 est,
1592 742 1665 767 nec

149 791 263 830 nobis
301 790 519 841 legentibus
556 789 676 840 magis
715 789 806 825 licet
845 786 1120 838 philosophica
1151 786 1280 836 aliqua
1322 786 1542 824 subtilitate
1584 787 1664 837 uti;

149 849 296 900 alioqui
326 848 487 899 frigeret
517 853 604 885 tota
636 847 684 884 de
714 844 959 896 Polyphemo
991 850 1029 881 et
1060 851 1160 894 quot
1189 858 1271 882 non
1301 843 1536 881 Homericae
1572 845 1664 883 Vir-

148 908 393 960 gilianaeque
423 906 602 943 fabulae!
634 905 677 942 [n
697 902 931 955 Polyphemi
953 903 1081 940 forma
1114 916 1159 940 ac
1189 902 1346 951 robore,
1378 902 1491 939 verbi
1511 916 1662 952 caussa,

149 972 243 1004 sunt
273 965 420 1013 multa,
463 975 563 1014 quae
602 963 675 1000 sibi
715 968 965 1012 repugnant,
1011 961 1137 998 multa
1178 959 1373 1009 absurda,
1416 960 1447 997 si
1478 960 1662 998 subtilius

148 1023 341 1062 iudicium
373 1020 581 1070 adhibeas;
620 1020 689 1058 sed
718 1019 951 1071 phantasiae
982 1031 1196 1068 sensusque
1227 1017 1428 1068 voluptati
1458 1018 1533 1055 ista
1562 1019 1663 1056 scri-

149 1088 242 1134 pta,
273 1094 355 1118 non
386 1078 664 1131 philosophico
696 1077 879 1115 acumini.
927 1076 976 1114 cf.
1002 1089 1086 1127 sup.
1120 1076 1170 1112 ad
1202 1089 1236 1113 v.
1271 1075 1524 1117 250—952.
1573 1076 1662 1114 Πο-

148 1153 282 1177 merus
317 1138 442 1175 multo
480 1137 654 1175 atrocius
685 1134 982 1187 spectaculum,
1019 1140 1057 1170 et
1088 1133 1356 1171 carnificinam
1387 1133 1542 1181 verius,
1588 1147 1661 1171 cx-

148 1197 358 1243 hibuerat3
389 1195 456 1232 sed
483 1195 579 1232 alios
596 1194 787 1240 homines,
819 1191 927 1229 aliud
954 1192 1166 1237 saeculum,
1199 1191 1308 1241 quod
1330 1191 1554 1242 respiceret,
1585 1191 1661 1229 ha-

147 1255 278 1293 bebat.
339 1253 508 1291 Ovidius
539 1253 587 1289 ab
620 1252 726 1289 0111111
756 1249 965 1288 atrocitate
994 1250 1250 1287 alienissimus
1282 1262 1361 1286 non
1392 1255 1527 1287 tamen
1560 1248 1660 1287 hor-

148 1313 319 1351 rendum
359 1310 437 1348 hoc
476 1309 711 1362 Polyphemi
752 1307 1022 1360 spectaculum
1058 1306 1432 1358 Metamorphoseon
1470 1307 1536 1345 lib.
1567 1307 1660 1345 XIV

148 1371 296 1409 iterum
331 1368 519 1406 exhibere
560 1367 776 1405 dubitavit.
836 1365 1045 1416 Euripides
1085 1371 1218 1402 autem
1251 1365 1292 1402 in
1323 1364 1493 1415 Cyclope
1539 1367 1661 1416 Saty—-

148 1428 221 1466 rici
261 1427 452 1466 dramatis
491 1432 637 1464 natura
667 1424 771 1462 tueri
814 1437 853 1460 se
892 1429 1035 1473 potest.
1096 1423 1195 1461 Vide
1227 1436 1265 1461 v.
1297 1424 1379 1463 380
1414 1435 1498 1473 sqq.
1559 1424 1659 1460 Sane

149 1485 408 1524 Theocriteus
438 1484 605 1536 Cyclops
637 1483 773 1535 paullo
808 1480 1045 1519 humaniore
1077 1481 1190 1518 cultu
1218 1479 1431 1518 exhibetur
1450 1480 1565 1531 Idyll.
1590 1480 1657 1520 Χῖ.

466 1822 1033 1881 EXCURSUS
1117 1822 1329 1878 XVII

579 1938 933 1981 Anchisae
992 1937 1234 1981 obitus.

261 2055 337 2103 III,
370 2058 451 2096 710
484 2057 640 2092 ch—
658 2057 878 2105 genilorem
916 2057 1043 2093 omnis
1082 2069 1200 2092 curae
1237 2067 1432 2105 casusque
1474 2053 1659 2089 levamen

147 2114 300 2150 Amitto
319 2113 536 2149 Anchisen.
599 2111 795 2150 Anchisae
816 2113 967 2150 obitum
1000 2127 1080 2150 non
1108 2113 1157 2150 ad
1179 2112 1366 2149 historiae
1390 2110 1513 2161 magis
1538 2109 1658 2146 fidem

149 2183 279 2220 quam,
310 2169 418 2219 quod
440 2169 694 2207 commodum
715 2176 827 2217 esset,
860 2177 951 2207 ante
975 2170 1128 2207 Aeneae
1151 2170 1201 2207 ad
1225 2169 1418 2207 Didonem
1439 2167 1658 2205 adventum

149 2232 443 2266 commemorat.
513 2226 623 2274 Quas
679 2227 781 2265 enim
822 2226 1017 2265 Anchisae
1060 2233 1191 2278 partes
1232 2228 1325 2264 satis
1369 2226 1510 2263 decore
1550 2225 1658 2262 inter

147 2284 320 2322 Aeneam
351 2289 391 2321 et
413 2283 608 2321 Didonem
628 2284 806 2322 tribuere
834 2285 1059 2335 potuisset?
1099 2284 1293 2322 Anchisae
1319 2282 1537 2335 sepulcrale
1568 2296 1658 2320 1110-

147 2348 385 2380 numentum
418 2341 636 2379 etiamnum
664 2342 778 2380 iuxta
798 2343 1027 2394 Drepanum
1057 2342 1304 2390 ostenditur,
1345 2340 1414 2378 sed
1436 2354 1474 2379 v.
1493 2340 1657 2378 Dorvill.

146 2413 184 2451 p.
205 2400 260 2441 49
278 2406 319 2437 et
341 2399 408 2437 inf.
432 2399 499 2437 lib.
529 2399 575 2447 V,
608 2399 661 2440 75
692 2413 775 2449 sqq.
834 2400 1005 2438 Mortem
1034 2399 1116 2437 eius
1146 2405 1300 2438 veteres
1337 2399 1552 2449 scriptores
1576 2404 1658 2435 tam

147 2457 302 2494 diverse
326 2456 601 2504 tradiderant,
631 2462 676 2493 ut
700 2456 798 2494 nihil
823 2458 953 2508 magis.
996 2457 1211 2495 Tumulum
1230 2457 1311 2495 eius
1330 2457 1370 2494 in
1392 2456 1460 2493 Ida
1478 2462 1658 2507 pastores

147 2520 185 2552 et
206 2520 377 2566 agrestes
405 2514 618 2565 quotannis
645 2527 855 2552 coronasse
884 2515 1076 2553 traditum
1101 2521 1240 2553 narrat
1266 2513 1446 2553 Eustath.
1470 2513 1519 2551 ad
1547 2512 1656 2551 Iliad.

147 2588 187 2624 μ,
219 2585 258 2623 p.
277 2572 373 2621 894,
399 2574 465 2614 33.
524 2572 571 2610 In
592 2572 750 2609 Pallene
768 2572 919 2621 Theon,
948 2573 990 2610 in
1014 2573 1110 2610 Sinu
1130 2572 1363 2610 Thermaico
1388 2572 1526 2609 Conon
1559 2569 1656 2623 (vid.

148 2642 234 2680 sup.
264 2628 475 2667 Excurs.1
508 2630 559 2667 ad
588 2643 648 2681 pr.
682 2629 755 2682 v.),
805 2630 845 2667 111
878 2630 1049 2668 Arcadia
1078 2630 1252 2668 Arcades
1288 2628 1416 2683 (ibid.)
1455 2629 1657 2680 sepultum

148 2698 231 2723 esse
249 2686 558 2725 contendebant.
617 2687 830 2725 Pausanias
851 2688 951 2737 VIII,
984 2692 1035 2730 12
1071 2688 1274 2727 Arcadum
1304 2687 1525 2725 narrationi
1559 2687 1657 2724 sub-

147 2742 299 2794 iungit,
331 2750 512 2782 constare
532 2744 669 2782 saltem
690 2744 787 2794 hoc,
819 2747 929 2797 quod
949 2746 1162 2783 Aeolenses
1177 2776 1187 2794 ,
1226 2748 1296 2797 qui
1332 2754 1415 2783 tum
1438 2745 1563 2782 Ilium
1591 2746 1656 2781 ἰη-

149 2799 352 2848 colebant,
385 2803 544 2838 nullum
563 2802 769 2840 Anchisae
789 2804 987 2841 tumulum
1007 2803 1286 2849 oslemlebanl3
1317 2809 1365 2840 ut
1389 2802 1508 2850 adeo,
1541 2807 1657 2839 extra

145 2856 318 2907 patriam
346 2863 453 2895 certe
476 2871 566 2896 eum
587 2859 748 2908 obiisse,
781 2860 875 2897 inde
902 2861 1106 2912 probabile
1134 2861 1259 2898 fieret.
1318 2860 1467 2898 Verum
1494 2858 1654 2896 omnino

145 2919 300 2952 veteres
319 2915 537 2970 scriptores
554 2918 823 2955 monumentis
837 2917 911 2968 his,
930 2918 1044 2968 sanis,
1064 2918 1229 2957 tumulis
1251 2931 1296 2955 ac
1314 2917 1516 2970 sepulcris,
1534 2915 1654 2953 fidem
