1811 3388
525 208 649 255 AD
723 207 1156 255 LIBRUM
1230 209 1287 256 II
1572 217 1673 265 407

149 344 236 376 tuni
267 337 403 389 gessit,
435 342 476 374 et
506 335 615 386 quod
640 335 808 375 inventa
836 349 972 373 rerum
1003 336 1099 374 salsa
1135 336 1314 375 iactavit.
1375 335 1460 375 Alia
1489 346 1545 377 est
1566 343 1672 380 Gor—

145 398 244 446 giae
284 394 460 432 defensio
503 392 609 447 ὑπὲρ
654 390 931 446 Παλαμήδους
971 389 1172 447 ἀπολογία
1214 393 1405 449 (utraque
1443 397 1486 434 in
1522 399 1673 438 Reiskii

147 454 278 491 Oratt.
303 453 372 490 Gr.
394 451 480 490 Vol.
502 451 610 505 VIII)
635 451 873 504 Sophisticis
893 453 1059 503 argutiis
1085 453 1254 503 referta3
1293 453 1363 492 ubi
1385 456 1505 493 etiam
1528 470 1566 508 p.
1591 461 1671 500 118

146 511 257 548 locus
293 510 342 548 de
364 510 539 548 inventis
571 510 719 549 diserte
750 516 977 548 tractatur:
1010 510 1059 548 de
1087 511 1234 562 quibus
1261 512 1311 550 cf.
1341 512 1515 551 Fabricii
1537 515 1581 552 B.
1601 516 1670 554 Gr.

148 568 177 616 Ι,
209 571 278 610 23,
339 568 526 619 Inprimis
555 568 629 606 loc.
655 567 864 620 Sophoclis
893 569 934 606 in
964 569 1174 607 Palamede
1203 569 1313 622 apud
1343 570 1486 610 Achill.
1514 573 1600 611 Tat.
1619 574 1670 612 ad

144 625 256 663 Arat.
294 640 332 677 p.
369 629 460 667 122.
490 625 705 678 Uranolog.
737 627 874 665 Petav.
947 627 1008 665 Ex
1049 628 1265 666 serioribus
1306 628 1502 680 Sophistis
1535 630 1669 669 locum

144 682 337 722 habemus
368 684 407 721 in
438 683 674 723 Philostrati
705 685 886 723 Heroicis
915 698 947 723 e.
981 688 1034 727 10
1063 700 1133 736 sq.,
1166 686 1256 737 qui,
1290 700 1380 724 cum
1404 688 1568 726 omnino
1593 703 1668 741 pro

142 740 321 790 Achille,
353 742 452 780 forti
476 743 662 792 quidem,
695 743 765 781 sed
782 743 1000 791 iracundo,
1033 744 1233 795 pervicaci
1251 750 1292 782 et
1311 745 1474 783 immani
1494 745 1668 797 homine,

143 800 417 850 Palamedem,
471 802 619 853 quippe
647 803 849 854 perfectae
888 801 1107 854 sapientiae
1147 808 1186 840 et
1224 802 1389 841 virtutis
1427 805 1669 857 exemplum,

141 858 191 896 ab
218 858 395 896 Homero
422 858 623 897 delectum
653 873 735 898 esse
772 866 957 912 cuperet,
1001 873 1120 910 quem
1151 861 1262 913 epica
1289 862 1524 900 narratione
1562 864 1667 901 cele—

141 917 306 966 braret,
339 918 563 956 cumulavit
588 918 628 955 in
657 918 910 956 Palamedem
941 919 1096 968 omnia,
1129 933 1231 970 quae
1256 920 1298 957 in
1319 920 1539 972 sapientem
1557 923 1668 960 Stoi-

141 988 283 1012 corum
315 975 457 1012 c'adere
492 976 672 1028 possint,
704 983 845 1014 contra
878 976 1029 1028 Ulyssis
1059 977 1277 1028 prudentia
1313 978 1365 1015 ad
1394 979 1553 1017 fraudes
1579 994 1666 1017 me-

139 1046 223 1082 ras,
254 1032 417 1070 scelesta
448 1034 611 1072 consilia
649 1040 689 1073 et
716 1035 920 1073 bonorum
951 1035 1264 1074 obtrectationes
1286 1037 1476 1076 refertur.
1523 1038 1665 1089 Expo—

138 1097 298 1129 nuntur
330 1092 489 1143 copiose
531 1093 680 1130 semina
723 1100 763 1131 et
795 1106 956 1131 caussae
989 1093 1175 1132 odiorum
1206 1095 1311 1132 inter
1340 1093 1451 1133 hunc
1483 1102 1523 1134 et
1548 1097 1665 1134 Pala-

137 1149 315 1198 medem3
347 1150 523 1188 sollertia
561 1150 683 1189 huius
722 1152 891 1190 inventa
924 1157 964 1188 et
994 1152 1178 1190 consilia:
1218 1152 1258 1190 in
1291 1153 1436 1203 quibus
1466 1153 1546 1192 hoc
1575 1168 1663 1192 me-

137 1208 351 1257 morabile,
383 1208 494 1259 quod
521 1210 748 1260 pestilentia
781 1216 960 1247 tentatos
993 1209 1170 1248 Achivos
1199 1210 1311 1248 iubet
1336 1212 1519 1250 tenuiore
1550 1213 1664 1252 victu

136 1271 331 1316 motuque
367 1265 583 1304 intentiore
623 1268 701 1317 uti,
750 1267 959 1305 interdicit
1001 1275 1184 1306 mercatu
1218 1270 1398 1307 carnium
1428 1270 1664 1321 exercitum,

135 1323 265 1375 pomis
302 1337 400 1361 vero
440 1331 479 1362 et
518 1325 692 1363 oleribus
732 1325 908 1376 resectos
946 1326 1091 1364 milites
1131 1326 1250 1375 vult,
1303 1327 1345 1364 in
1389 1329 1516 1366 altum
1567 1342 1662 1368 eve-

136 1388 246 1430 ctos,
268 1407 271 1409 —
296 1382 499 1420 laboribus
530 1383 698 1423 assiduis
736 1384 914 1421 exerceri
946 1382 1005 1436 (§.
1033 1383 1103 1437 4.).
1164 1385 1253 1422 Non
1293 1386 1468 1424 multum
1510 1386 1558 1424 ab
1601 1387 1663 1426 his

136 1439 294 1477 abludit
333 1441 515 1479 narratio
552 1441 594 1479 in
633 1443 858 1493 fragmento
896 1445 977 1481 τῶν
1020 1446 1215 1497 Τρωϊκῶν
1251 1456 1271 1480 e
1309 1444 1397 1482 cod.
1430 1445 1566 1483 XXIV
1593 1446 1662 1483 Bi·-

134 1497 277 1536 bliotli.
306 1498 537 1537 Uss‘enbach.
582 1513 619 1552 p.
662 1502 932 1548 (iffi—686,
982 1500 1051 1538 ubi
1092 1507 1131 1538 et
1172 1500 1250 1539 hoc
1292 1504 1490 1552 occurrit,
1533 1504 1658 1554 quod,

134 1554 233 1593 dum
259 1556 461 1607 lapidibus
490 1557 699 1606 obruitur,
750 1558 980 1596 Palamedes
1021 1559 1238 1596 exclamat:
1279 1564 1412 1612 χαῖρε,
1453 1557 1659 1613 Ἀλήθεια,

133 1611 212 1666 πρὸ
242 1612 343 1665 ἐμοῦ
373 1613 449 1668 γάρ
487 1614 710 1667 τέθνηκας·
754 1623 843 1654 tum
883 1617 925 1653 in
957 1617 1123 1654 Tzetzae
1159 1617 1476 1656 Antehomericis
1504 1633 1544 1658 V.
1579 1620 1659 1661 114

133 1685 230 1722 sqq.,
269 1672 312 1709 in
344 1673 487 1723 quibus
519 1673 658 1712 eadem
690 1674 814 1712 verba
845 1675 901 1711 sic
931 1674 1092 1712 reddita
1126 1682 1243 1714 sunt:
1287 1679 1435 1730 Χαῖρε,
1467 1673 1659 1728 Ἀλήθεια

130 1727 288 1781 κυδρή,
319 1727 532 1780 πρόθαυες
551 1729 627 1785 γὰρ
659 1731 786 1784 ἐμοῖο.
847 1732 937 1770 Hoc
958 1733 1149 1784 singulari
1178 1734 1221 1772 in
1241 1734 1491 1772 Palamedem
1521 1736 1658 1774 studio

132 1794 271 1839 captos
303 1788 442 1827 videre
472 1790 566 1828 licet
600 1790 719 1828 etiam
753 1791 1065 1839 Grammaticos,
1114 1791 1353 1843 finguntque
1383 1793 1410 1830 ii
1449 1793 1548 1831 adeo
1578 1795 1657 1832 Pa—

132 1845 329 1883 lamedem
358 1854 519 1898 poetam
551 1849 696 1896 fuisse,
748 1850 861 1887 cuius
898 1849 1099 1888 Homerus
1138 1850 1288 1888 nullam
1318 1852 1560 1889 mentionem
1596 1853 1657 1889 fe-

130 1904 228 1941 cisse
260 1904 410 1943 dicitur
440 1906 592 1944 invidia
625 1913 857 1945 contactus:
888 1921 927 1945 v.
950 1907 1060 1945 Suid.
1092 1907 1131 1945 h.
1164 1923 1202 1947 V.
1262 1909 1343 1946 lam
1364 1910 1509 1961 Dictyn
1530 1910 1575 1959 H,
1605 1914 1656 1952 16

129 1968 170 1999 et
208 1962 391 2000 Daretem
423 1978 455 2002 c.
492 1967 542 2007 19
574 1979 670 2015 sqq„
709 1965 984 2017 supposititios
1015 1972 1211 2016 auctores,
1244 1980 1557 2005 commemorare
1589 1969 1655 2005 ni-

128 2019 188 2057 hil
218 2021 387 2068 attinet,
429 2036 601 2072 quorum
634 2023 697 2060 ille
727 2023 927 2061 rhetorice
957 2022 1168 2062 historiam
1213 2026 1528 2063 commentitiam
1556 2040 1655 2064 con-

130 2078 308 2128 scripsit,
366 2078 431 2117 hic
477 2080 760 2118 declamatorie
798 2082 907 2119 idem
955 2089 1238 2132 argumentum
1278 2091 1546 2135 persequutus
1582 2091 1654 2123 est.

132 2135 252 2172 Poeta
284 2142 442 2185 noster,
486 2152 537 2175 an
567 2138 717 2176 veteris
756 2140 961 2190 scriptoris
993 2141 1197 2192 exemplo,
1237 2142 1390 2190 nescio,
1431 2142 1653 2181 Palamedis

129 2193 290 2230 nomine
322 2195 522 2245 praeclare
553 2209 649 2234 usus
680 2203 739 2234 est
769 2197 820 2234 ad
852 2197 1135 2235 auctoritatem
1155 2199 1312 2236 Sinonis
1344 2199 1462 2237 dictis
1486 2214 1652 2251 compa-

128 2251 319 2300 randam,
352 2253 548 2302 siquidem
580 2254 638 2291 illi
669 2255 794 2292 Sinon
825 2268 955 2292 comes
986 2255 1062 2293 fuit
1093 2262 1129 2293 et
1161 2259 1489 2309 consanguineus,
1528 2258 1652 2306 Quod

132 2315 288 2356 autem,
332 2312 429 2360 quia
461 2310 567 2348 bella
600 2312 780 2361 velabat,
821 2313 974 2350 occisus
1005 2313 1054 2350 ab
1086 2313 1251 2352 Achivis
1282 2321 1496 2364 narratur,
1536 2329 1649 2354 rece-

128 2366 190 2404 dit
215 2380 236 2403 a
264 2367 422 2418 vulgari
455 2370 710 2418 narratione,
743 2384 820 2419 qua
850 2370 1091 2422 proditionis
1120 2373 1388 2424 arguebatur,
1424 2373 1570 2412 litteris
1600 2375 1649 2412 ab

126 2424 264 2476 Ulysse
294 2438 366 2476 per
394 2426 580 2465 fraudem
611 2428 825 2466 submissis.

241 2483 286 2520 In
318 2484 539 2522 Palamedis
570 2491 779 2523 stemmate
808 2486 949 2524 turbas
981 2486 1110 2524 fecere
1141 2485 1218 2523 iam
1252 2493 1418 2526 veteres.
1449 2503 1487 2527 v.
1510 2490 1646 2528 Burni.

126 2539 166 2576 in
197 2539 416 2591 Argonaut.
447 2556 536 2580 voc.
570 2545 802 2595 Nauplius.
848 2543 1010 2581 Munck.
1043 2544 1094 2581 ad
1123 2543 1268 2596 Hygin.
1299 2546 1324 2584 s.
1359 2548 1453 2588 157.
1485 2553 1524 2584 et
1558 2548 1646 2586 Not.

127 2597 178 2634 ud
208 2597 393 2649 Apollod.
425 2613 464 2651 p.
496 2599 579 2641 274
610 2615 679 2652 sq.,
712 2608 752 2639 et
778 2603 861 2653 ipse
892 2602 1006 2640 Maro
1037 2602 1080 2639 in
1104 2615 1150 2639 eo
1180 2602 1316 2654 lapsus
1345 2611 1416 2653 est,
1449 2619 1539 2643 cum
1559 2607 1647 2643 Be-

126 2655 248 2692 lidem
284 2669 375 2694 eum
410 2658 595 2709 appellat.
655 2659 757 2697 Nam
787 2661 819 2698 is
851 2660 1104 2708 Palamedes,
1155 2659 1205 2698 de
1235 2675 1315 2711 quo
1345 2663 1444 2714 agit,
1488 2663 1645 2714 Nauplii

126 2711 290 2751 Euboici
324 2727 344 2751 e
374 2715 583 2766 Clymene,
616 2717 747 2756 Catrei
779 2718 883 2767 filia,
914 2725 1002 2756 erat
1032 2718 1157 2767 filius,
1188 2733 1358 2770 cumque
1388 2727 1517 2758 mater
1544 2728 1644 2759 esset

127 2782 240 2806 soror
270 2771 443 2823 Aeropes
477 2773 669 2813 Plistheni
704 2782 877 2828 nuptae,
927 2789 1030 2826 quae
1068 2775 1405 2827 Agamemnonem
1436 2785 1476 2816 et
1506 2779 1643 2816 Mene-

127 2825 235 2863 laum
265 2835 384 2878 partu
414 2830 621 2881 ediderat,
652 2833 815 2871 Atridas
834 2834 900 2872 ille
918 2840 1103 2872 materno
1124 2848 1267 2885 genere
1291 2837 1521 2887 attingebat.
1572 2837 1642 2873 Di-

125 2895 264 2920 versus
305 2886 382 2923 fuit
422 2888 635 2939 Nauplius,
677 2891 745 2940 qui
783 2892 834 2928 ad
866 2891 1033 2942 Argivas
1062 2892 1219 2930 tabulas
1257 2900 1425 2944 spectat,
1468 2894 1640 2945 Neptuni

125 2946 165 2977 et
197 2939 438 2992 Amymones
468 2945 592 2984 [ilius;
647 2962 748 2998 quae
780 2963 871 2987 cum
910 2950 1030 2987 Danai
1069 2957 1171 2988 esset
1210 2951 1312 3000 filia,
1347 2953 1510 3003 Belique
1541 2951 1640 2989 adeo
