1779 3420
102 262 199 308 628
421 256 474 303 Ρ.
512 248 863 302 VIRGILII
909 245 1276 294 MARONIS

172 378 387 429 Talibus
409 385 650 426 orantem
675 373 847 434 dictis,
886 386 1104 435 arasque
1123 377 1417 432 tenentem,

103 449 281 500 Audiit
304 449 658 512 omnipotens,
685 442 977 506 oculosque
1006 438 1071 487 ad
1091 439 1307 487 moenia
1329 438 1481 487 torsit
1501 444 1606 492 220

103 519 288 582 Regia,
330 526 381 565 et
402 516 592 564 oblitos
613 513 783 561 samae
801 508 1037 558 melioris
1057 508 1290 557 amantis.

106 592 246 637 Tum
267 587 338 634 sic
357 584 679 635 Mercurium
706 579 1035 646 adloquitur,
1075 594 1132 626 ac
1154 577 1273 626 talia
1294 575 1534 626 mandat:

104 656 250 708 Vade
277 671 391 718 age,
427 661 572 713 nate,
609 667 737 699 voca
760 648 1054 714 ZepherS,
1093 655 1146 695 et
1174 646 1354 696 labere
1384 646 1604 713 pennis3

105 725 531 787 Dardaniumque
557 720 776 781 ducem,
815 717 968 781 Tyria
999 715 1312 780 Carthagine
1341 717 1432 783 qui
1460 732 1605 764 nunc

105 798 400 860 Exspectat,
435 790 660 855 fatisque
687 788 828 837 datas
851 803 962 835 non
982 785 1194 851 respicit
1213 785 1373 848 urbis,
1502 788 1604 837 225

105 863 434 928 Adloquere,
473 868 525 908 et
545 858 729 908 celeris
752 855 904 907 defer
924 872 1046 905 mea
1068 855 1203 905 dicta
1224 872 1322 922 per
1345 870 1507 904 auras,

195 1002 261 1036 219
286 999 350 1032 Hic
373 1011 491 1032 versus
526 998 645 1031 deerat
679 997 782 1031 alteri
815 997 953 1040 Menag.
986 1002 1022 1029 et
1054 1001 1215 1041 poterat,
1252 995 1445 1027 Burmanno
1478 992 1605 1034 iudice,

103 1049 245 1088 abesse;
269 1047 331 1079 sed
354 1052 471 1078 tuetur
503 1057 580 1077 eum
613 1045 768 1078 Macrob.
805 1045 850 1076 111
883 1046 956 1076 Sat.
990 1044 1013 1077 2
1046 1049 1082 1075 et
1114 1043 1176 1076 inf.
1208 1043 1268 1083 VI,
1305 1041 1372 1077 124
1405 1041 1498 1073 idem
1530 1041 1604 1073 sere

103 1106 232 1127 versus.
279 1105 450 1138 aramque
470 1092 574 1126 Witt.
601 1097 636 1124 et
661 1092 714 1124 ed.
740 1092 829 1124 Ven.
855 1102 930 1123 cum
955 1089 1064 1122 Goth.
1092 1101 1160 1123 sec.

1253 1089 1324 1123 220
1348 1088 1454 1122 audit
1482 1087 1604 1120 Franc.

103 1148 139 1173 ut
164 1140 223 1173 inf.
248 1141 326 1175 672.
376 1139 569 1183 vultusque
592 1150 645 1183 pr.
670 1138 793 1171 Hamb.
819 1148 884 1181 pro
916 1149 988 1169 var.
1022 1136 1105 1168 lect.
1155 1136 1204 1168 ad
1235 1135 1344 1168 devia
1376 1146 1444 1167 sec.
1478 1134 1605 1167 Hamb.

101 1189 166 1222 221
203 1195 355 1219 ovantes
386 1184 484 1217 Leid.

578 1186 647 1219 222
685 1187 775 1217 Tum
807 1182 927 1216 Heins.
965 1195 983 1216 e
1016 1182 1119 1216 codd.
1153 1189 1235 1226 post
1267 1181 1358 1214 Pier.
1393 1180 1453 1213 alii
1491 1182 1603 1213 Tunc.

103 1234 164 1276 (ita
189 1235 243 1271 7.;
280 1240 314 1265 et
348 1232 409 1265 cfr.
443 1232 485 1271 Q.
521 1232 567 1264 V.
598 1231 719 1272 XXV,
755 1231 788 1272 5,
820 1231 855 1271 b,
885 1231 970 1263 Not.
1009 1229 1103 1272 lVr.)

101 1280 169 1315 223
194 1282 243 1311 Ze
269 1279 400 1322 hyros,
425 1275 568 1310 elabere
590 1279 714 1310 Franc.
757 1277 884 1323 pinnis
907 1276 1033 1309 Medic.
1066 1283 1099 1308 et
1131 1275 1221 1308 Gud.

1153 1230 1213 1261 cui
1245 1229 1338 1261 talia
1372 1239 1441 1261 sec.
1475 1227 1603 1259 Moret.

1314 1275 1384 1309 225
1419 1274 1519 1306 datis
1552 1285 1603 1318 pr.

102 1292 266 1359 Rottemii
289 1324 369 1357 vide
393 1324 453 1357 lib.
480 1325 505 1365 I,
531 1324 611 1365 382,
646 1336 752 1368 porro
782 1324 978 1370 perspicit,
1008 1324 1206 1370 pro-spirit,
1243 1322 1373 1367 aspicit
1405 1320 1533 1365 passim
1569 1319 1604 1352 in

102 1372 202 1405 codd.
226 1371 350 1411 Pierii,
375 1370 494 1404 Heius.
523 1378 556 1403 et
580 1372 762 1404 Burmann.
799 1376 833 1402 et
867 1370 1006 1402 nostris.
1045 1369 1137 1402 conf.
1170 1379 1251 1400 mox
1286 1380 1316 1400 v.
1350 1369 1432 1403 236.
1483 1365 1606 1410 (urbes

102 1419 225 1451 Medic.
251 1417 345 1460 Wr.)

102 1465 179 1498 edd.
204 1464 337 1509 aliquot
361 1463 476 1508 vulgg.

102 1569 334 1621 Euripideae
352 1583 390 1608 v.
413 1569 495 1611 488
516 1583 601 1620 sqq.
649 1563 703 1607 Ὦ,
725 1571 819 1617 Ζεῦ,

102 1629 139 1668 τί
166 1627 284 1677 legum
320 1624 469 1680 πότερά
500 1623 539 1667 σ’
573 1621 821 1679 ἀνθρώπους

103 1684 199 1739 ὃρᾷν
219 1691 292 1722 ete.
352 1682 530 1736 (Sensus:
559 1685 638 1722 Nec
660 1683 819 1731 mirum,

103 1742 271 1779 Aeneam
312 1741 409 1779 mihi
450 1754 531 1779 esse
578 1741 822 1794 praelatum3

102 1798 206 1836 hanc
225 1799 327 1836 enim
357 1799 554 1850 repulsam
580 1799 705 1850 pietas
734 1812 820 1836 mea

103 1861 161 1892 est
194 1856 345 1894 merita.
404 1857 533 1894 Ironia
572 1857 712 1894 acerba
745 1870 821 1894 vo-

104 1912 243 1950 cabulo
263 1916 411 1964 quippe
441 1914 563 1963 inest,
595 1914 704 1964 quod
733 1920 821 1952 tuin

104 1971 371 2022 postponitur.
400 1971 476 2009 Cic.
498 1985 557 2023 pr.
582 1971 662 2010 Mil.
681 1985 713 2009 c.
739 1974 821 2012 12.:

104 2036 229 2064 movet
249 2042 309 2064 me
336 2030 479 2079 quippe
508 2029 642 2066 lumen
669 2030 817 2066 curiae.

104 2084 159 2122 Cf.
181 2098 298 2135 supra
319 2084 345 2134 l,
365 2087 430 2126 39.
465 2086 589 2124 Wclz.
644 2088 821 2124 Famam

105 2147 235 2179 autem
255 2142 435 2191 equidem
455 2142 504 2180 ad
525 2143 715 2194 originem
734 2143 821 2180 Iar-

104 2198 175 2235 bae
217 2199 446 2248 retulerim,
491 2201 579 2239 coll.
618 2215 675 2239 vs·
727 2202 820 2242 198.

110 2254 224 2307 lVr.)

162 2314 243 2353 219
262 2315 430 2354 -221-
475 2328 569 2351 aras
613 2322 818 2362 tenentem,

107 2381 155 2404 ex
178 2368 261 2405 ritu
282 2369 539 2419 precantium.
590 2371 728 2408 oblitos
740 2370 821 2421 stc-

438 1417 507 1452 226
531 1417 630 1464 refer
654 1418 744 1451 alter
769 1417 958 1461 Hamburg.
1008 1428 1086 1450 mea
1118 1416 1221 1448 iussa
1254 1415 1381 1448 venet.
1430 1413 1605 1446 mandata

878 1581 918 1606 se
955 1568 1194 1619 accingentis
1232 1567 1445 1619 descriptio
1481 1578 1604 1616 aeque

879 1626 1082 1677 displicet,
1121 1626 1182 1664 uti
1214 1639 1281 1674 ea,
1322 1639 1440 1675 quam
1473 1623 1604 1674 Virgi-

878 1684 952 1721 lius
970 1684 1169 1734 subiungit
1193 1697 1230 1721 v.
1249 1684 1332 1724 238
1353 1696 1450 1732 sqq„
1481 1681 1600 1730 sorte,

879 1741 1065 1791 quoniam
1096 1740 1161 1778 hic
1195 1740 1343 1777 maiore
1370 1753 1460 1777 cum
1491 1738 1602 1776 sesti-

879 1799 1040 1836 natione
1091 1798 1222 1835 omnia
1272 1803 1448 1848 aguntur
1484 1801 1601 1846 atque

880 1855 978 1893 adeo
1000 1855 1126 1893 omnis
1148 1868 1260 1893 mora
1283 1854 1519 1905 interposita
1543 1853 1602 1890 le-

879 1913 985 1965 genti
1004 1913 1134 1964 gravis
1154 1919 1213 1950 est
1229 1918 1269 1950 et
1288 1912 1462 1950 molesta.

937 2030 1034 2070 223.
1069 2025 1212 2079 (Vade
1240 2040 1344 2077 age,
1379 2020 1508 2065 Bdcsn’
1538 2024 1602 2065 ἰ’θι

879 2084 991 2122 Iliad.
1011 2085 1057 2131 Il,
1080 2087 1117 2125 8.
1155 2085 1270 2134 IsVr.)
1309 2098 1410 2121 voca
1440 2082 1602 2133 Zephy-

878 2156 954 2179 ros.
1018 2142 1072 2179 Ut
1109 2144 1216 2179 venti
1250 2150 1462 2188 vocantur,
1507 2139 1601 2178 navi

878 2205 1018 2251 parata
1036 2199 1212 2250 velisque
1231 2199 1414 2250 expansis
1440 2195 1495 2249 (v.
1513 2210 1601 2249 sup.

881 2257 943 2305 ill,
964 2256 1059 2298 253.
1090 2257 1135 2306 V,
1169 2259 1264 2298 211.
1294 2256 1392 2305 Vlll,
1418 2258 1513 2295 707.
1553 2254 1601 2292 cf.

880 2314 932 2351 ad
970 2315 1111 2365 Georg.
1150 2313 1212 2362 ΠΙ,
1248 2312 1369 2366 193),
1416 2311 1472 2350 sic
1505 2310 1545 2349 h.
1576 2311 1601 2349 l.

885 2372 1057 2422 Zephyri
1099 2368 1278 2423 (omnino
1326 2384 1399 2422 pro
1438 2367 1602 2421 ventis),

109 2438 197 2460 mae
227 2427 395 2462 melioris
428 2436 631 2475 amantes,
675 2427 825 2479 egregie
874 2432 1020 2479 pennis
1035 2459 1044 2476 ‚
1069 2429 1151 2466 sive
1173 2428 1264 2476 alis,
1287 2427 1431 2479 aptatis
1449 2440 1468 2463 a
1493 2425 1602 2463 Mer-

110 2480 280 2527 diclum,
338 2488 377 2519 et
418 2483 467 2519 ad
507 2497 662 2521 sensum
705 2485 825 2523 animi

109 2537 318 2587 praeclare.
346 2539 392 2575 cs.
412 2553 495 2590 sup.
520 2543 612 2582 170.

167 2596 248 2633 222
276 2608 356 2644 sqq.
400 2596 455 2632 Ex
484 2597 558 2633 ()‹l.
600 2612 628 2644 ε,
659 2601 712 2639 28
739 2612 822 2649 sqq.

112 2648 164 2688 43
188 2664 286 2699 sqq„
327 2651 392 2687 ubi
422 2652 637 2690 Mercurius
666 2655 715 2691 ad
744 2657 822 2692 Ca-

112 2705 221 2756 lypso
253 2707 446 2755 mittitur,
478 2716 522 2746 ut
550 2710 724 2759 Ulyssem
755 2713 822 2749 illa

113 2762 284 2799 dimittat
325 2762 420 2813 (non
450 2777 495 2801 ex
527 2766 633 2803 Iliad.
668 2783 710 2815 ω,
740 2771 821 2810 333

112 2819 233 2869 sqq),
276 2819 370 2855 haec
412 2834 617 2871 expressa,
666 2831 710 2861 ut
746 2825 823 2862 iam

112 2875 158 2911 ab
187 2876 268 2911 aliia
298 2883 490 2914 notatum.
570 2879 654 2915 Non
695 2887 825 2919 tamen

113 2932 163 2968 ibi
186 2933 340 2983 copiosa
374 2934 436 2970 illa
461 2935 642 2972 Mercurii
673 2938 720 2974 ad
750 2939 826 2976 iter

883 2487 993 2523 curio
1022 2486 1204 2537 pedibus,
1242 2485 1293 2522 ad
1325 2482 1602 2534 excipiendum

881 2549 1046 2581 ventum
1059 2573 1068 2591 ,
1100 2556 1179 2593 quo
1196 2555 1267 2594 per
1286 2555 1414 2579 aerem
1436 2541 1601 2588 seratur,

881 2601 1000 2638 volet.
1021 2601 1069 2638 cs.
1095 2601 1163 2638 ins.
1196 2613 1234 2638 V.
1263 2601 1358 2641 239.
1417 2597 1602 2634 Heinsius

880 2664 919 2695 et
953 2657 1020 2695 hic
1066 2657 1260 2709 exponit,
1302 2669 1511 2706 provoca,
1556 2659 1603 2691 ut

881 2715 1104 2765 Georg.111,
1127 2716 1217 2756 193.
1252 2712 1317 2765 (cs.
1346 2726 1404 2751 vs,
1437 2711 1532 2753 245.
1563 2716 1602 2748 et

882 2772 991 2809 Voss.
1028 2771 1253 2822 J'llylltolog.
1286 2770 1438 2819 Briesb.
1476 2769 1519 2806 T.
1556 2768 1601 2805 II.

882 2842 918 2879 p.
950 2832 1042 2870 169.
1080 2826 1221 2878 lalm.)
1290 2828 1385 2867 225.
1416 2826 1603 2876 satisque

882 2886 1000 2922 datas
1024 2884 1079 2936 (v.
1107 2885 1133 2933 1,
1155 2887 1236 2925 382
1258 2889 1298 2920 et
1317 2884 1364 2920 al.
1390 2897 1463 2934 pro
1487 2895 1603 2919 mon-

882 2941 1041 2994 stratas)
1074 2942 1183 2978 arbes
1204 2970 1214 2989 ,
1254 2941 1393 2978 urbem
1424 2941 1604 2987 Romam,
