1731 3420
154 219 221 265 46
407 209 629 270 DISQU.
669 209 716 256 11
751 209 839 256 DE
877 205 1120 254 RERUM
1156 203 1226 249 ΙΝ
1262 200 1411 249 ΑΕΝ.

154 336 411 402 chophr.
460 339 590 386 1250
632 351 744 398 sqq.
789 331 910 393 (uhi
943 327 1079 377 male
1125 326 1336 391 πύργους
1387 323 1655 391 τριάκοντα

156 395 404 470 iungunt,
450 406 552 453 iam
597 402 719 451 inde
757 419 780 448 a
824 398 1136 454 Scholiaste3
1189 393 1283 442 sed
1318 410 1417 459 per
1448 392 1659 460 πύργους

161 475 348 541 exponi
385 483 507 539 puta
544 474 726 537 χώραν,
767 478 817 518 et
849 467 1116 534 τριάκοντ’,
1155 463 1486 528 ἐξαριθμήσας
1513 462 1659 541 remig

159 545 224 594 ad
257 561 407 593 suem
445 549 716 607 spectare).
788 541 934 586 Inter
971 543 1141 583 cetera
1186 541 1367 580 tamen
1411 547 1655 580 omnium

158 614 383 663 maxime
425 610 654 659 notabile
682 607 890 655 videtur
919 603 1071 661 illud,
1123 601 1270 668 quod
1306 601 1490 650 Graeci
1531 601 1656 648 scri-

162 693 339 749 ptores
369 681 572 729 (ludum
602 687 720 726 ante
749 674 963 738 Augusti
986 682 1230 737 tempora
1261 671 1520 734 originem
1545 672 1656 719 Ro-

160 767 441 800 manorum
484 767 509 796 a
546 746 784 795 Troianis
815 749 1101 807 Aeneaque
1136 740 1426 802 duxerunt,
1476 748 1528 787 et
1557 740 1652 787 im-

162 822 367 886 perium
394 818 533 867 orbis
555 825 811 865 terrarum
842 829 900 860 ex
926 811 1223 859 Homericis
1246 809 1312 858 de
1340 813 1518 858 Aenea
1539 825 1657 857 ver-

162 890 302 938 sibus
347 888 410 936 ad
463 903 553 934 eos
607 881 1006 941 transtulerunt3
1059 879 1161 930 vid.
1219 881 1412 930 Conon
1461 882 1658 928 Narrat.

162 965 227 1011 46
262 967 312 1006 et
353 955 588 1021 inprimis
619 951 935 1016 Lycophron
972 968 1015 1000 v,
1054 955 1184 1001 1226
1220 965 1333 1014 sqq.
1405 950 1659 1013 Appone-

162 1044 277 1076 rem
306 1026 442 1083 loca,
482 1025 574 1072 nisi
600 1021 838 1070 brevitati
868 1019 1167 1077 studerem;
1206 1020 1304 1067 erit
1335 1018 1491 1066 etiam
1521 1033 1659 1065 non-

162 1096 301 1144 nulla
335 1112 393 1142 ex
425 1094 503 1141 his
533 1089 885 1157 persequendi
921 1088 1261 1137 commodior
1293 1086 1457 1150 locm,
1497 1103 1659 1152 quan-

165 1166 233 1214 do
269 1164 332 1211 (le
368 1161 578 1226 singulis
609 1169 799 1224 agetur.
870 1161 961 1208 Est
993 1159 1136 1206 enim
1170 1157 1325 1206 nobis
1355 1156 1461 1205 hoc
1502 1155 1658 1221 inpri-

165 1235 261 1281 mis
294 1232 647 1297 propositum,
684 1238 742 1278 ut
774 1228 1006 1291 vestigia,
1048 1228 1207 1276 etiam
1241 1226 1491 1287 obscura,
1522 1234 1661 1273 vete·

164 1305 230 1350 ris
275 1302 520 1348 historiae
562 1315 972 1363 persequamur,
1033 1297 1224 1362 quihus
1267 1296 1510 1344 institisse
1548 1295 1660 1343 ubi-

165 1388 267 1437 que
305 1379 459 1434 poeta
489 1369 653 1417 videri
688 1375 876 1433 potest.
932 1370 1041 1416 Nec
1077 1367 1218 1414 enim
1248 1365 1335 1414 ille
1364 1363 1517 1413 facile
1549 1365 1660 1412 sine

164 1449 373 1488 auctore
418 1438 663 1503 loquitur.
737 1435 905 1484 Simul
947 1435 1314 1484 adolescentes
1358 1433 1662 1499 exemplum

165 1518 365 1556 mature
397 1508 591 1556 habere
629 1507 891 1570 cupimus,
932 1523 1056 1554 nam
1087 1505 1382 1570 praeceptis
1412 1503 1544 1552 haec
1578 1519 1664 1552 res

166 1595 273 1625 non
312 1576 460 1625 facile
497 1575 726 1640 expediri
767 1583 965 1640 potest,
1013 1592 1120 1640 quo
1152 1574 1396 1635 consilio,
1444 1590 1547 1639 qua
1579 1590 1661 1622 ra-

166 1649 325 1700 tione,
365 1663 419 1693 ac
454 1663 558 1709 quo
591 1644 763 1692 studio
798 1645 848 1692 in
880 1644 1268 1692 narrationibus
1299 1643 1540 1707 mythicis
1573 1659 1662 1691 co—

166 1714 478 1778 gnoscendis
512 1714 826 1762 xersanilum
858 1714 933 1764 sit.
988 1713 1129 1763 Nihil
1168 1714 1311 1762 enim
1342 1711 1481 1761 aliud
1508 1727 1662 1775 agere

168 1784 327 1841 velle,
377 1801 532 1848 quani
573 1800 890 1846 cognoscere
921 1801 977 1831 ac
1026 1800 1284 1848 quaerere
1318 1791 1370 1832 et
1408 1783 1462 1830 in
1492 1798 1663 1830 unum

171 1853 345 1901 locum
377 1868 690 1915 congerere,
728 1852 854 1917 quid
891 1852 975 1901 hic
1005 1852 1089 1901 vel
1115 1852 1201 1901 ille
1234 1861 1285 1901 et
1319 1853 1548 1901 sexcenti
1583 1851 1662 1899 alii

170 1922 354 1970 eadem
403 1923 450 1968 in
494 1939 548 1968 re
594 1921 922 1977 tradiderint,
983 1922 1307 1979 censuerint„
1365 1921 1664 1969 somniave-

168 1993 298 2048 rint,
346 1990 447 2037 hoc
481 2000 582 2046 est,
633 2009 792 2055 opera
828 2000 879 2038 et
920 1993 1028 2040 otio
1066 1992 1220 2042 abuti.
1295 1993 1492 2041 Contra
1524 1989 1664 2039 utili-

169 2061 282 2107 tatis
335 2059 405 2106 illi
444 2059 615 2106 studio
655 2069 705 2107 et
743 2060 1029 2109 honestatis
1072 2062 1208 2110 inest
1252 2061 1575 2127 plurimum,
1623 2060 1663 2107 si

170 2128 334 2176 inodo
387 2137 590 2176 veteres
640 2128 878 2176 historias
926 2131 1365 2196 populorumque
1420 2131 1664 2194 origines,

170 2197 335 2245 modo
390 2198 680 2261 priscorum
723 2197 1004 2247 hominum
1048 2216 1226 2249 mores
1273 2216 1330 2248 ac
1377 2200 1538 2248 vitam
1577 2198 1663 2247 vel

169 2284 474 2314 sermonem
514 2266 593 2313 vel
629 2267 929 2329 religiones,
967 2269 1133 2318 modo
1164 2278 1443 2335 poetarum
1482 2270 1665 2317 inven-

171 2345 246 2390 ta,
286 2336 551 2391 notiones,
598 2337 901 2392 sententias,
951 2339 1072 2386 inde
1106 2339 1357 2402 illustres,
1406 2338 1666 2387 addiscas—

172 2422 274 2469 que
314 2422 446 2467 qnae
483 2404 574 2461 itii,
615 2422 745 2468 quos
780 2405 931 2452 nohis
960 2406 1169 2457 fortuna
1200 2409 1444 2469 servavit,
1484 2425 1543 2457 ex
1575 2424 1666 2455 an-

173 2472 484 2537 tiquioribus
521 2475 686 2536 poetis
738 2473 1026 2533 hauserint,
1081 2487 1198 2525 ante
1237 2478 1421 2526 oculos
1464 2477 1665 2526 habue-

172 2544 299 2597 rint,
349 2541 626 2605 quomodo
667 2542 747 2589 illa
791 2546 1118 2607 variawrint,
1170 2548 1498 2607 ornaverint,
1538 2545 1664 2611 quid

173 2613 222 2658 in
262 2627 468 2674 quaque·
518 2628 598 2663 re,
651 2611 698 2656 in
736 2629 950 2677 quoqne
995 2616 1236 2679 consilio,
1287 2617 1432 2681 qnod
1474 2632 1665 2680 seque-

176 2688 381 2735 rentur,
420 2681 789 2741 sp‹·‹tt.·1v‹=rint;
831 2691 990 2745 utque
1026 2685 1087 2731 al)
1121 2686 1357 2749 ingenuis
1388 2694 1664 2750 poetarum

176 2748 359 2794 l'ahulis
404 2748 574 2810 inepta
624 2748 702 2793 illa
737 2753 1224 2816 granlunaticorum‚
1273 2755 1666 2802 monachorum

175 2826 224 2863 et
282 2818 651 2879 interpretum,
710 2829 1008 2866 commenta
1062 2823 1338 2884 diligenter
1390 2823 1667 2872 discernas.

175 2885 337 2933 Simili
368 2884 542 2932 studio
587 2886 899 2934 versandum
943 2890 1037 2937 sibi
1076 2884 1187 2940 esse
1232 2902 1449 2943 teneant
1488 2892 1667 2942 adole—
