1811 3388
515 227 640 273 AD
713 224 1151 276 LIBRUM
1217 232 1295 280 vl
1535 243 1662 290 1013

163 349 251 387 neri
283 355 486 400 putamus.
554 350 671 390 Adde
700 353 886 391 Strabon.
917 353 947 401 I,
984 368 1075 406 pag.
1103 358 1156 396 60
1186 355 1231 394 A.
1268 364 1307 395 et
1338 360 1411 397 alia
1443 362 1527 400 loca
1557 366 1662 417 apud

163 407 324 466 Cluver.
347 407 433 445 Ital.
454 413 536 446 ant.
556 409 621 458 IV,
652 409 692 457 4,
723 410 790 448 sed
817 410 883 448 hic
902 417 1061 450 tantum
1095 412 1144 450 de
1165 413 1270 450 sama
1291 418 1533 468 quaerimus,
1563 436 1662 472 quae

164 465 213 501 de
233 465 388 502 Aeneae
419 466 623 504 erroribus
649 467 690 504 in
720 467 781 505 his
810 468 906 506 locis
936 469 1082 518 fuerit3
1123 471 1286 509 materia
1306 478 1385 510 tam
1408 478 1580 526 copiosa,
1619 486 1663 516 ut

163 521 281 559 etiam
312 522 493 560 omittere
528 525 721 562 nonnulla
754 533 894 576 poetae
928 540 1083 565 necesse
1108 528 1253 576 suerit,
1292 530 1350 566 uti
1383 530 1460 568 hoc
1489 534 1535 570 cle
1558 537 1664 572 Pro-

162 579 307 630 clzyta;
340 594 432 617 nam
452 581 622 619 alterum
645 582 693 620 de
721 584 861 621 Caieta
891 584 964 621 sub
993 586 1017 622 s.
1051 585 1118 623 lib.
1144 586 1192 624 Vl
1233 592 1270 623 et
1302 601 1360 638 pr.
1390 588 1456 626 VII
1480 592 1663 631 meminit.

161 637 218 674 De
251 651 330 688 qua
357 651 458 688 quae
486 639 595 677 varie
622 653 644 677 a
665 641 869 679 veteribus
900 642 1047 680 tradita
1071 649 1207 691 erant,
1247 643 1458 696 diligenter
1488 654 1665 699 congesta

161 694 281 734 video
309 709 330 732 a
362 695 520 738 Cluver.
555 697 621 747 ΙΙΙ,
655 701 720 748 10,
749 712 790 750 p.
826 701 946 741 1065.

572 977 1134 1038 EXCURSUS
1203 980 1258 1035 V

298 1091 665 1150 Deiphobe
723 1092 1007 1150 Sibylla
1065 1100 1122 1137 et
1180 1094 1528 1136 sacerdos.

245 1207 310 1256 Vl,
338 1207 406 1250 35.
431 1211 487 1251 36
508 1208 667 1247 Phoebi
698 1211 932 1260 Triviaeque
960 1209 1142 1247 sacerdos
1160 1207 1371 1260 Deiphobe
1393 1209 1557 1245 Glauci.
1601 1209 1664 1245 Si—

159 1265 310 1316 byllam
331 1266 379 1303 ab
400 1265 476 1303 hac
496 1266 701 1304 sacerdote
722 1266 921 1304 diversam
940 1280 1020 1304 esse
1045 1265 1269 1304 habendam
1283 1296 1292 1314 ,
1323 1271 1488 1303 monent
1514 1264 1664 1302 Holds-

157 1322 344 1362 worthus
371 1330 409 1361 et
423 1326 582 1376 Spem-3
611 1337 703 1362 nam
720 1337 845 1374 usque
866 1324 917 1361 ad
937 1337 974 1362 v.
994 1324 1047 1366 55
1062 1324 1110 1362 de
1130 1324 1330 1376 Deiphobe
1352 1322 1556 1360 sacerdote
1577 1323 1634 1372 agi
1653 1338 1662 1371 3

158 1387 246 1418 tum
272 1381 485 1433 Sibyllam,
528 1395 608 1419 esse
641 1383 744 1419 enim
778 1381 882 1419 hanc
916 1381 1071 1419 Phoebi
1102 1391 1235 1419 vatem
1269 1395 1305 1419 v.
1337 1384 1412 1428 77,
1454 1379 1662 1417 vaticinari

157 1452 196 1477 v.
218 1440 447 1487 82—155‚
492 1439 587 1477 hinc
615 1439 762 1477 iterum
794 1439 1005 1477 succedere
1035 1439 1281 1477 sacerdotem
1302 1451 1340 1476 v.
1365 1436 1460 1484 244,
1501 1450 1663 1486 eamque

157 1496 287 1547 excipi
318 1510 341 1534 a
369 1497 519 1548 Sibylla
550 1511 571 1534 a
594 1511 631 1535 v.
661 1500 745 1539 258
770 1511 852 1548 sqq.
876 1497 925 1534 ad
946 1498 971 1534 s.
1032 1496 1093 1534 Ad
1124 1503 1203 1534 tam
1229 1494 1520 1534 incommodam
1537 1495 1662 1531 ratio-

156 1567 248 1592 nem
278 1553 441 1592 deducti
467 1568 548 1593 esse
578 1554 770 1593 videntur
801 1554 879 1592 viri
916 1554 1025 1592 docti
1059 1554 1159 1591 inter
1202 1554 1275 1591 alia
1310 1552 1481 1590 maxime
1510 1565 1548 1589 v.
1578 1552 1661 1593 258

156 1613 395 1666 adventante
421 1613 514 1660 (lea,
557 1612 666 1662 quod
700 1612 748 1650 de
779 1612 927 1664 Sibylla
957 1617 1202 1663 acceperant.
1263 1610 1384 1658 Quod
1416 1610 1446 1646 si
1470 1608 1662 1646 nonnulla

156 1669 249 1707 satis
273 1670 479 1707 commode
499 1671 540 1707 in
564 1670 682 1707 istam
709 1670 890 1708 virorum
911 1669 1124 1707 doctorum
1155 1669 1388 1706 sententiam
1410 1666 1531 1717 accipi
1564 1679 1662 1716 pos-

155 1733 263 1775 sunt,
298 1734 432 1764 tamen
465 1728 539 1764 alia
557 1728 598 1765 in
617 1728 746 1765 multo
771 1728 998 1774 duriorem,
1030 1740 1149 1777 quam
1168 1726 1341 1776 vulgaris
1359 1730 1437 1771 est,
1467 1723 1662 1760 rationem

155 1784 451 1833 deflectuntur,
483 1791 530 1823 ut
549 1785 619 1822 vix
638 1785 694 1822 ita
724 1785 912 1823 videatur
932 1790 1048 1836 poeta
1075 1783 1331 1821 obscuritatis
1357 1780 1662 1832 reprehensione

154 1842 314 1880 liberari
334 1855 459 1894 posse.
519 1842 618 1880 Nam
639 1856 677 1881 v.
698 1841 753 1884 45
779 1856 862 1893 sqq.
891 1842 986 1879 satis
1008 1842 1261 1878 manifestum
1280 1841 1349 1887 fit,
1380 1840 1503 1890 ipsam
1530 1850 1661 1874 sacer-

155 1900 290 1938 dotem
320 1914 341 1936 a
365 1900 438 1937 deo
466 1900 595 1937 afflari
624 1906 663 1937 et
683 1900 845 1950 agitari:
887 1914 979 1937 eum
999 1912 1275 1936 VIRGO—CUI
1299 1898 1401 1934 talia
1426 1895 1544 1945 santi
1558 1897 1660 1931 Aule

144 1957 258 2008 sores
280 1957 405 1994 sabito
424 1972 503 1994 non
532 1958 668 1994 vultus
694 1972 773 1994 non
808 1958 914 1994 color
942 1957 1060 1993 idem.
1126 1956 1392 1992 Continuatur
1422 1952 1469 1989 de
1499 1965 1542 1988 ea
1564 1965 1659 1988 nar-

154 2015 281 2064 rati03
310 2027 545 2065 necesseque
566 2014 664 2051 adeo
693 2020 752 2051 est
772 2028 811 2052 v.
833 2017 887 2055 77
906 2014 1056 2050 nullam
1078 2013 1192 2050 aliam
1220 2011 1381 2060 intelligi
1407 2021 1518 2060 posse
1541 2021 1658 2057 quarn

153 2072 261 2110 illam
282 2072 409 2124 ipsam
430 2086 452 2108 a
474 2072 547 2109 deo
569 2072 704 2108 surore
725 2073 915 2122 percitam
945 2069 1188 2122 Deiphoben.
1249 2069 1348 2117 Quis
1376 2068 1510 2115 itaque
1537 2065 1658 2102 dubi-

153 2136 213 2168 tet
237 2130 319 2167 eius
352 2142 432 2167 esse
463 2129 696 2168 vaticinium
727 2142 766 2166 v.
798 2131 852 2170 83
884 2141 980 2178 sqq„
1024 2140 1150 2177 neque
1182 2127 1296 2164 aliam
1326 2131 1364 2161 et
1387 2124 1581 2161 diversam
1610 2123 1657 2158 ab

153 2188 239 2239 ipsa
261 2188 452 2238 Sibyllam
479 2187 698 2224 Cumanam
726 2198 807 2223 esso
836 2199 874 2223 v.
905 2187 978 2226 98!
1019 2185 1099 2222 Nec
1116 2185 1156 2222 in
1179 2198 1260 2234 sqq.
1281 2183 1490 2233 quicquam
1513 2193 1657 2217 occur—

153 2246 227 2294 rit,
260 2245 369 2296 quod
390 2245 536 2283 nostris
556 2243 780 2281 rationibus
802 2243 1039 2281 adversetur
1069 2256 1107 2280 v.
1136 2244 1216 2283 102
1245 2255 1327 2291 sqq.
1350 2239 1429 2279 115
1455 2251 1536 2288 sqq.
1565 2237 1656 2278 125.

152 2303 299 2341 Editur
323 2317 345 2340 a
373 2302 580 2340 sacerdote
611 2301 761 2352 Sibylla
788 2313 1024 2351 responsum
1051 2306 1098 2337 ut
1127 2298 1286 2350 Delphis
1316 2312 1336 2334 a
1355 2295 1496 2347 Pythia
1522 2295 1658 2331 surore

156 2366 364 2412 correpta,
404 2366 619 2412 postquam
647 2359 814 2410 adytum
848 2359 1021 2408 ingressa
1047 2363 1116 2395 est.
1185 2356 1313 2394 Etiam
1341 2352 1447 2405 apud
1468 2351 1657 2390 Ovidium

155 2417 248 2456 Met.
276 2418 382 2466 XIV,
417 2420 509 2459 104.
543 2419 622 2458 106
655 2430 750 2466 sqq„
792 2415 860 2466 qui
893 2415 1024 2452 locum
1056 2413 1166 2452 hunc
1187 2413 1335 2464 Virgilii
1364 2409 1574 2461 expressit,
1606 2408 1657 2447 ad

151 2490 274 2515 unam
295 2475 480 2513 seminam
505 2474 637 2512 omnia
666 2474 907 2511 reseruntur.
968 2473 1091 2519 Quod
1127 2478 1258 2508 autem
1278 2470 1383 2507 inter
1409 2467 1578 2518 Sibyllas
1607 2478 1657 2502 ex

152 2534 345 2573 Varronis
368 2545 537 2573 recensu
566 2531 675 2582 apud
700 2532 879 2568 Lactant.
916 2530 1009 2567 Inst.
1037 2530 1123 2567 Div.
1159 2528 1185 2577 l,
1220 2531 1244 2570 6
1266 2525 1488 2578 Deiphobes
1513 2536 1656 2561 nomen

153 2606 235 2630 non
260 2591 419 2643 legitur,
459 2589 581 2628 nolim
616 2589 808 2627 adversus
839 2593 998 2639 poetam
1032 2599 1194 2636 urgere,
1236 2585 1302 2636 qui
1334 2583 1429 2620 alios
1464 2587 1654 2626 auctores,

153 2663 273 2698 quam
304 2662 404 2699 quos
433 2647 561 2686 Varro
590 2647 759 2698 legerat,
798 2645 946 2683 habere
979 2644 1136 2696 potuit,
1186 2656 1285 2693 quos
1315 2645 1566 2691 sequeretur5
1608 2642 1654 2673 ut

152 2719 267 2758 saepe
286 2707 437 2744 sactum
456 2705 629 2744 vidimus
654 2705 695 2742 in
720 2704 824 2752 aliis,
856 2703 952 2741 dum
970 2700 1219 2740 reconditam
1247 2699 1416 2749 aliquam
1444 2706 1653 2745 expromo-

152 2770 216 2802 ret
233 2763 459 2801 doctrinam
484 2763 610 2801 Maro.
671 2763 833 2799 Summa
855 2773 1012 2810 quoque
1032 2758 1192 2797 omnino
1214 2758 1254 2795 in
1278 2754 1498 2794 nominibus
1523 2750 1652 2800 Sibyl—

151 2821 282 2858 larum
297 2820 514 2858 recitandis
546 2821 651 2858 inter
671 2826 828 2857 veteres
857 2825 917 2856 est
943 2817 1175 2863 diversitas,
1205 2821 1252 2852 ut
1279 2827 1326 2850 cx
1353 2813 1396 2848 iis
1420 2809 1524 2859 ipsis,
1555 2819 1653 2856 quae

151 2878 200 2915 ab
230 2876 522 2915 Holdswortho
557 2883 740 2928 congesta
773 2881 887 2923 sunt,
927 2881 967 2912 et
998 2876 1076 2913 iam
1106 2874 1198 2911 olim
1232 2886 1251 2907 a
1273 2867 1455 2906 Salmasio
1484 2863 1652 2902 Exercit.

151 2935 250 2973 Plin.
277 2948 316 2987 p.
336 2936 392 2978 52
418 2940 458 2972 et
484 2934 532 2972 ab
555 2934 661 2984 aliis,
696 2934 792 2972 satis
812 2938 997 2985 apparet3
1028 2937 1068 2969 ct
1088 2932 1129 2969 in
1149 2928 1298 2979 Sibylla
1319 2927 1490 2962 Cumana
1514 2934 1651 2973 parum
