1827 3436
321 250 411 298 DE
451 249 759 298 CARMINE
798 250 1008 299 EPICO
1046 251 1296 302 VIRGIL.
1496 261 1559 307 27

55 392 113 426 ce
134 382 211 424 est
229 382 441 439 accepta
463 370 772 431 referenda3
800 374 905 424 hoc
928 391 1118 424 eorum
1141 375 1339 426 docent
1359 379 1565 444 scripta⁷

51 446 106 493 in
135 459 342 492 summa
372 442 706 508 simplicitate
740 444 966 507 cultum,
1025 446 1281 507 nitorem,
1329 456 1381 496 et
1417 465 1567 497 orna-

51 524 166 562 tum
201 512 595 574 admirabilem,
636 531 798 579 quem
822 514 966 562 nulla
1002 514 1096 563 alia
1130 524 1269 564 aetas
1290 526 1569 582 assequuta

53 591 153 645 est,
203 581 506 632 referentia.
589 583 854 633 Videntur
894 584 1092 632 scilicet.
1137 595 1330 650 poetae.
1373 586 1569 635 doctis-

52 652 170 700 simi
211 661 263 700 et
300 651 737 703 Ptolemaeorum
773 654 1128 702 contubernio
1163 655 1374 720 expoliti
1407 656 1570 704 anim-

53 720 362 784 advertisse,
431 738 543 770 non
588 721 870 772 infeliciter
910 724 1256 787 Tragicorum
1295 733 1569 775 tumorem

51 792 335 840 Homerica
379 791 710 857 simplicitate
756 794 1043 858 temperari
1099 802 1151 843 et
1208 803 1386 843 natam
1443 795 1570 844 inde

54 861 308 909 orationis
337 862 644 924 gravitatem
674 864 854 911 aetatis
882 879 1005 911 suae
1046 862 1301 927 elegantia
1332 865 1570 930 quodam

52 930 220 979 modo
252 930 444 990 imbui,
499 930 745 997 adeoque
787 932 1098 996 dignitatem
1132 950 1253 981 cum
1295 944 1569 983 venustate

55 1001 343 1049 consociari
369 1017 541 1065 posse.
614 1004 725 1050 Hos
747 1005 897 1050 Maro
922 1011 1163 1051 auctores
1192 1003 1404 1065 habuit,
1448 1021 1569 1053 cum

54 1079 201 1119 tanto
231 1071 435 1119 maiore
466 1070 644 1120 iudicii
673 1071 857 1134 laude,
898 1072 1046 1137 quod
1079 1073 1281 1121 Ennius
1313 1082 1363 1121 et
1393 1075 1569 1135 ceteri,

57 1141 145 1205 qui
169 1150 588 1206 praecesserant,
630 1141 697 1189 de
722 1142 974 1189 orationis
1009 1141 1266 1206 elegantia
1292 1153 1344 1191 et
1379 1153 1570 1193 ornatu

57 1210 379 1274 castigatiore
398 1228 590 1275 parum
616 1210 998 1262 laboraverant.

194 1316 325 1365 XIV.
370 1314 547 1363 Placet
588 1331 730 1362 nunc
766 1315 820 1362 in
856 1313 965 1363 fine
1012 1315 1272 1364 subiicere
1315 1317 1569 1365 nonnulla

60 1391 111 1430 et
152 1400 249 1447 per
290 1393 519 1432 saturam
556 1401 805 1447 monere,
864 1383 1056 1450 quibus
1097 1386 1335 1433 virorum
1382 1387 1571 1435 docto-

57 1469 175 1500 rum
204 1458 517 1517 opinionibus,
555 1474 675 1518 quas
699 1464 846 1502 totam
875 1459 1101 1502 carminis
1125 1460 1332 1504 indolem
1358 1462 1432 1505 vel
1454 1462 1571 1505 elm-

59 1531 296 1571 raeterem
329 1529 496 1572 tollere
528 1529 718 1586 videas,
768 1523 922 1571 tacite
957 1532 1043 1571 aut
1077 1541 1318 1589 expresse
1356 1543 1379 1574 a
1417 1527 1572 1574 nobis

59 1601 387 1651 occurratur3
435 1609 558 1641 nam
598 1594 651 1641 in
696 1594 1099 1641 contentionem
1134 1611 1255 1642 cum
1297 1612 1572 1661 quoquam

60 1659 387 1711 descendere
412 1679 512 1711 nec
536 1663 733 1727 ingenii
755 1664 922 1711 nostri
944 1679 1044 1711 nec
1070 1665 1233 1712 moris
1259 1674 1351 1715 est.

195 1768 303 1817 XV.
331 1767 571 1815 Primum
591 1771 653 1815 de
675 1772 883 1829 consilio,
907 1766 1055 1832 quod
1078 1776 1236 1831 poeta
1258 1769 1310 1816 in
1336 1770 1572 1818 Aeneide

60 1836 444 1884 conscribenda
486 1846 741 1902 sequutus
780 1837 866 1899 sit,
917 1845 968 1884 et
998 1840 1209 1903 definc„
1249 1856 1413 1904 quem
1446 1857 1573 1904 pro-

59 1905 574 1969 positum'habuerit‚
598 1907 753 1955 multi
774 1907 909 1954 varia
937 1907 1428 1959 comminiscuntur.
1460 1912 1571 1958 Iam

58 1974 294 2038 primum
329 1975 491 2024 Iuliae
543 1977 712 2039 gentis
765 1977 913 2039 origo
968 1975 1031 2023 ab
1063 1979 1243 2025 Aenea
1287 1978 1468 2037 ducta,
1523 1988 1573 2027 et

61 2043 295 2092 studium
326 2046 519 2109 gratiae
558 2047 776 2109 Augusti
823 2045 1185 2094 demerendae
1221 2049 1395 2112 potuit
1430 2047 1573 2097 forte

61 2113 257 2176 Virgilii
281 2115 519 2163 animum
553 2115 618 2163 ad
650 2116 754 2163 hoc
783 2115 1035 2164 Aeneidis
1070 2126 1445 2179 argumentum
1481 2118 1572 2166 ad—

61 2191 292 2244 vertere3
330 2184 586 2233 hactenus
617 2202 728 2233 non
754 2185 892 2233 male
929 2185 1028 2233 dici
1058 2195 1249 2250 potest,
1288 2188 1383 2235 nisi
1415 2189 1574 2236 Octa-

63 2252 243 2300 vianus
267 2254 319 2301 in
352 2263 568 2318 gentem
598 2255 784 2304 Iuliam
821 2254 1099 2320 adoptatus
1127 2254 1334 2315 suisset,
1374 2256 1574 2305 nullam

62 2337 161 2369 nos
193 2322 466 2372 habituros
499 2342 610 2374 esse
629 2324 953 2383 Aeneidem3
1000 2333 1122 2373 sunt
1156 2343 1374 2392 quoque
1405 2326 1572 2374 multa

63 2390 115 2438 in
156 2391 316 2440 Iuliae
356 2395 525 2456 gentis
565 2396 892 2459 Augustique
936 2394 1207 2443 honorem
1248 2397 1298 2444 in
1340 2397 1573 2445 carmine

63 2460 335 2523 ingeniose
369 2464 585 2523 intexta;
642 2481 743 2513 nec
783 2473 963 2512 tamen
1004 2464 1105 2512 dici
1140 2474 1340 2530 potest„
1396 2471 1574 2529 Augu-

65 2538 204 2578 stum
238 2533 488 2581 Aeneidis
533 2543 690 2599 caput
726 2532 1047 2599 fontemque
1085 2551 1210 2585 esse.
1294 2535 1438 2584 Nihil
1469 2553 1574 2583 ma-

65 2599 138 2660 gis
172 2600 401 2649 alienum
425 2620 535 2651 esse
566 2612 742 2669 potest
768 2603 830 2651 ab
865 2604 1015 2668 epico
1051 2605 1282 2654 carmine
1314 2623 1472 2670 quam
1499 2610 1575 2653 al-

67 2673 283 2730 legoriu‚·
319 2672 514 2735 iugulat
538 2674 679 2721 enim
703 2682 871 2721 totam
900 2674 1009 2721 eius
1035 2675 1155 2732 vim,
1190 2692 1370 2723 rerum
1396 2685 1447 2724 et
1477 2675 1574 2722 ho—

68 2738 273 2787 minum
317 2740 625 2803 dignitatem
668 2752 924 2801 attenuat„
974 2753 1181 2806 gratum
1225 2745 1385 2792 animi
1434 2761 1574 2793 erro-

73 2821 183 2854 rem
232 2811 421 2858 excutit
462 2821 509 2859 et
548 2821 749 2860 aestum
784 2813 919 2861 inter
960 2813 1247 2876 legendum
1284 2813 1574 2878 refrigerat,

72 2875 504 2945 voluptatemque
530 2898 751 2929 omnem
776 2882 1054 2947 intercipit.
1116 2885 1365 2933 Certatim
1397 2894 1571 2932 tamen

73 2943 162 2991 viri
191 2945 328 2996 docti
361 2952 569 3013 argutiis
598 2951 700 2999 suis
732 2956 940 3001 Aeneae
976 2969 1259 3017 personam
1290 2955 1444 3003 nohis
1475 2955 1574 3002 eri-
