<?xml version="1.0" encoding="UTF-8"?>
<!DOCTYPE html PUBLIC "-//W3C//DTD XHTML 1.0 Transitional//EN"
    "http://www.w3.org/TR/xhtml1/DTD/xhtml1-transitional.dtd">
<html xmlns="http://www.w3.org/1999/xhtml" xml:lang="en" lang="en">
 <head>
  <title>
</title>
<meta http-equiv="Content-Type" content="text/html;charset=utf-8" />
  <meta name='ocr-system' content='tesseract 3.04.00' />
  <meta name='ocr-capabilities' content='ocr_page ocr_carea ocr_par ocr_line ocrx_word'/>
</head>
<body>
  <div class='ocr_page' id='page_1' title='image "./publiusvirgilius02virguoft/publiusvirgilius02virguoft_0239.png"; bbox 0 0 1827 3436; ppageno 0'>
   <div class='ocr_carea' id='block_1_1' title="bbox 512 232 1631 293">
    <p class='ocr_par' dir='ltr' id='par_1_1' title="bbox 512 232 1631 293">
     <span class='ocr_line' id='line_1_1' title="bbox 512 232 1631 293; baseline 0.002 -16"><span class='ocrx_word' id='word_1_1' title='bbox 512 232 1244 282; x_wconf 68' lang='lat' dir='ltr'>ADLIBRUMI</span> <span class='ocrx_word' id='word_1_2' title='bbox 1534 247 1631 293; x_wconf 77' lang='lat'><em>231</em></span> 
     </span>
    </p>
   </div>
   <div class='ocr_carea' id='block_1_2' title="bbox 112 357 1638 2370">
    <p class='ocr_par' dir='ltr' id='par_1_2' title="bbox 120 357 1637 702">
     <span class='ocr_line' id='line_1_2' title="bbox 125 357 1636 416; baseline 0.004 -18"><span class='ocrx_word' id='word_1_3' title='bbox 125 360 262 398; x_wconf 87' lang='lat' dir='ltr'><em>Solino</em></span> <span class='ocrx_word' id='word_1_4' title='bbox 292 372 324 397; x_wconf 91' lang='lat' dir='ltr'><em>c.</em></span> <span class='ocrx_word' id='word_1_5' title='bbox 354 357 433 407; x_wconf 83' lang='lat'><em>44,</em></span> <span class='ocrx_word' id='word_1_6' title='bbox 468 359 662 396; x_wconf 81' lang='lat' dir='ltr'><em>Catonem</em></span> <span class='ocrx_word' id='word_1_7' title='bbox 688 360 793 397; x_wconf 83' lang='lat' dir='ltr'><em>forte</em></span> <span class='ocrx_word' id='word_1_8' title='bbox 819 366 1037 411; x_wconf 89' lang='lat' dir='ltr'><em>sequutus,</em></span> <span class='ocrx_word' id='word_1_9' title='bbox 1073 360 1141 411; x_wconf 87' lang='lat' dir='ltr'><em>qui</em></span> <span class='ocrx_word' id='word_1_10' title='bbox 1170 361 1276 400; x_wconf 90' lang='lat' dir='ltr'><em>idem</em></span> <span class='ocrx_word' id='word_1_11' title='bbox 1305 373 1560 416; x_wconf 72' lang='lat' dir='ltr'>narraverat,</span> <span class='ocrx_word' id='word_1_12' title='bbox 1589 376 1636 408; x_wconf 84' lang='lat' dir='ltr'><em>ut</em></span> 
     </span>
     <span class='ocr_line' id='line_1_3' title="bbox 125 415 1631 476; baseline 0.004 -21"><span class='ocrx_word' id='word_1_13' title='bbox 125 432 144 455; x_wconf 88' lang='lat' dir='ltr'><em>e</em></span> <span class='ocrx_word' id='word_1_14' title='bbox 171 416 298 455; x_wconf 85' lang='lat' dir='ltr'>Plinio</span> <span class='ocrx_word' id='word_1_15' title='bbox 336 415 529 454; x_wconf 84' lang='lat' dir='ltr'>discimus</span> <span class='ocrx_word' id='word_1_16' title='bbox 559 417 624 466; x_wconf 87' lang='lat' dir='ltr'><em>III,</em></span> <span class='ocrx_word' id='word_1_17' title='bbox 662 420 726 458; x_wconf 87' lang='lat'><em>19.</em></span> <span class='ocrx_word' id='word_1_18' title='bbox 757 431 786 455; x_wconf 81' lang='lat' dir='ltr'><em>S.</em></span> <span class='ocrx_word' id='word_1_19' title='bbox 812 420 881 459; x_wconf 79' lang='lat'><em>23.</em></span> <span class='ocrx_word' id='word_1_20' title='bbox 903 419 1187 457; x_wconf 63' lang='lat' dir='ltr'><em>Antenor-idem</em></span> <span class='ocrx_word' id='word_1_21' title='bbox 1214 419 1425 471; x_wconf 79' lang='lat' dir='ltr'><strong>scripserat</strong></span> <span class='ocrx_word' id='word_1_22' title='bbox 1454 425 1631 476; x_wconf 75' lang='lat' dir='ltr'><em>Largus,</em></span> 
     </span>
     <span class='ocr_line' id='line_1_4' title="bbox 123 474 1637 531; baseline 0.005 -18"><span class='ocrx_word' id='word_1_23' title='bbox 123 475 270 514; x_wconf 86' lang='lat' dir='ltr'><em>Ovidio</em></span> <span class='ocrx_word' id='word_1_24' title='bbox 292 474 466 525; x_wconf 80' lang='lat' dir='ltr'><em>aequalis</em></span> <span class='ocrx_word' id='word_1_25' title='bbox 488 474 553 513; x_wconf 90' lang='lat' dir='ltr'><em>IV.</em></span> <span class='ocrx_word' id='word_1_26' title='bbox 580 488 632 512; x_wconf 74' lang='lat' dir='ltr'><em>ex</em></span> <span class='ocrx_word' id='word_1_27' title='bbox 654 475 694 513; x_wconf 90' lang='lat' dir='ltr'><em>P.</em></span> <span class='ocrx_word' id='word_1_28' title='bbox 719 479 783 525; x_wconf 83' lang='lat'><em>16,</em></span> <span class='ocrx_word' id='word_1_29' title='bbox 819 478 871 517; x_wconf 88' lang='grc'><em>17</em></span> <span class='ocrx_word' id='word_1_30' title='bbox 898 477 1140 529; x_wconf 76' lang='lat' dir='ltr'><em>Ingeniique</em></span> <span class='ocrx_word' id='word_1_31' title='bbox 1166 480 1232 515; x_wconf 85' lang='lat' dir='ltr'><em>sui</em></span> <span class='ocrx_word' id='word_1_32' title='bbox 1254 480 1382 516; x_wconf 74' lang='lat' dir='ltr'><em>‹lictns</em></span> <span class='ocrx_word' id='word_1_33' title='bbox 1406 485 1637 531; x_wconf 77' lang='lat' dir='ltr'><em>cognomine</em></span> 
     </span>
     <span class='ocr_line' id='line_1_5' title="bbox 122 533 1636 590; baseline 0.004 -19"><span class='ocrx_word' id='word_1_34' title='bbox 122 536 311 583; x_wconf 71' lang='lat' dir='ltr'><em>Largus,</em></span> <span class='ocrx_word' id='word_1_35' title='bbox 372 533 540 570; x_wconf 86' lang='lat' dir='ltr'><em>Gallica</em></span> <span class='ocrx_word' id='word_1_36' title='bbox 576 534 648 585; x_wconf 77' lang='lat' dir='ltr'><em>qui</em></span> <span class='ocrx_word' id='word_1_37' title='bbox 674 533 909 584; x_wconf 70' lang='lat' dir='ltr'><em>Phrygiam</em></span> <span class='ocrx_word' id='word_1_38' title='bbox 944 536 1061 572; x_wconf 80' lang='lat' dir='ltr'><em>duxit</em></span> <span class='ocrx_word' id='word_1_39' title='bbox 1102 537 1144 573; x_wconf 84' lang='lat' dir='ltr'><em>in</em></span> <span class='ocrx_word' id='word_1_40' title='bbox 1183 550 1285 573; x_wconf 67' lang='lat' dir='ltr'><em>arva</em></span> <span class='ocrx_word' id='word_1_41' title='bbox 1321 551 1466 575; x_wconf 87' lang='lat' dir='ltr'><em>senem.</em></span> <span class='ocrx_word' id='word_1_42' title='bbox 1521 553 1636 590; x_wconf 86' lang='lat' dir='ltr'><em>quem</em></span> 
     </span>
     <span class='ocr_line' id='line_1_6' title="bbox 120 589 1635 646; baseline 0.006 -18"><span class='ocrx_word' id='word_1_43' title='bbox 120 589 278 628; x_wconf 82' lang='lat' dir='ltr'><em>Aelium</em></span> <span class='ocrx_word' id='word_1_44' title='bbox 310 590 481 642; x_wconf 83' lang='lat' dir='ltr'><em>Largum</em></span> <span class='ocrx_word' id='word_1_45' title='bbox 519 604 580 643; x_wconf 90' lang='lat' dir='ltr'><em>ap.</em></span> <span class='ocrx_word' id='word_1_46' title='bbox 610 590 723 630; x_wconf 83' lang='lat' dir='ltr'><em>Dion.</em></span> <span class='ocrx_word' id='word_1_47' title='bbox 758 592 841 629; x_wconf 87' lang='lat' dir='ltr'>LIII</span> <span class='ocrx_word' id='word_1_48' title='bbox 874 605 956 630; x_wconf 89' lang='lat' dir='ltr'><em>esse</em></span> <span class='ocrx_word' id='word_1_49' title='bbox 995 599 1112 631; x_wconf 87' lang='lat' dir='ltr'><em>acute</em></span> <span class='ocrx_word' id='word_1_50' title='bbox 1139 593 1365 646; x_wconf 85' lang='lat' dir='ltr'><em>suspicatur</em></span> <span class='ocrx_word' id='word_1_51' title='bbox 1390 595 1635 637; x_wconf 80' lang='lat' dir='ltr'><em>Wernsdors.</em></span> 
     </span>
     <span class='ocr_line' id='line_1_7' title="bbox 121 647 938 702; baseline -0.001 -14"><span class='ocrx_word' id='word_1_52' title='bbox 121 649 167 688; x_wconf 85' lang='lat' dir='ltr'><em>V.</em></span> <span class='ocrx_word' id='word_1_53' title='bbox 188 649 229 687; x_wconf 86' lang='lat' dir='ltr'><em>C.</em></span> <span class='ocrx_word' id='word_1_54' title='bbox 248 647 299 685; x_wconf 84' lang='lat' dir='ltr'><em>ad</em></span> <span class='ocrx_word' id='word_1_55' title='bbox 321 648 430 687; x_wconf 89' lang='lat' dir='ltr'><em>Poet.</em></span> <span class='ocrx_word' id='word_1_56' title='bbox 449 649 544 687; x_wconf 86' lang='lat' dir='ltr'><em>min.</em></span> <span class='ocrx_word' id='word_1_57' title='bbox 569 649 614 688; x_wconf 88' lang='lat' dir='ltr'><em>T.</em></span> <span class='ocrx_word' id='word_1_58' title='bbox 636 649 702 698; x_wconf 89' lang='lat' dir='ltr'><em>IV,</em></span> <span class='ocrx_word' id='word_1_59' title='bbox 733 663 820 702; x_wconf 85' lang='lat' dir='ltr'><em>pag.</em></span> <span class='ocrx_word' id='word_1_60' title='bbox 841 650 938 692; x_wconf 80' lang='lat'><em>582.</em></span> 
     </span>
    </p>

    <p class='ocr_par' dir='ltr' id='par_1_3' title="bbox 112 707 1638 2370">
     <span class='ocr_line' id='line_1_8' title="bbox 236 707 1637 762; baseline 0.005 -18"><span class='ocrx_word' id='word_1_61' title='bbox 236 707 404 745; x_wconf 84' lang='lat' dir='ltr'>Servata</span> <span class='ocrx_word' id='word_1_62' title='bbox 425 713 521 745; x_wconf 87' lang='lat' dir='ltr'><em>sunt</em></span> <span class='ocrx_word' id='word_1_63' title='bbox 541 708 737 745; x_wconf 87' lang='lat' dir='ltr'><em>nonnulla</em></span> <span class='ocrx_word' id='word_1_64' title='bbox 767 722 817 745; x_wconf 81' lang='lat' dir='ltr'><em>ex</em></span> <span class='ocrx_word' id='word_1_65' title='bbox 838 709 1134 760; x_wconf 79' lang='lat' dir='ltr'><em>antiquioribus</em></span> <span class='ocrx_word' id='word_1_66' title='bbox 1152 709 1192 747; x_wconf 90' lang='lat' dir='ltr'><em>in</em></span> <span class='ocrx_word' id='word_1_67' title='bbox 1218 717 1433 762; x_wconf 88' lang='lat' dir='ltr'><em>personato</em></span> <span class='ocrx_word' id='word_1_68' title='bbox 1452 714 1637 751; x_wconf 76' lang='lat' dir='ltr'><em>Messala</em></span> 
     </span>
     <span class='ocr_line' id='line_1_9' title="bbox 120 765 1637 820; baseline 0.005 -19"><span class='ocrx_word' id='word_1_69' title='bbox 120 766 169 802; x_wconf 78' lang='lat' dir='ltr'><em>de</em></span> <span class='ocrx_word' id='word_1_70' title='bbox 194 765 379 815; x_wconf 75' lang='lat' dir='ltr'><em>Augusti</em></span> <span class='ocrx_word' id='word_1_71' title='bbox 397 767 596 816; x_wconf 79' lang='lat' dir='ltr'><em>progenie</em></span> <span class='ocrx_word' id='word_1_72' title='bbox 625 780 657 804; x_wconf 86' lang='lat' dir='ltr'><em>c.</em></span> <span class='ocrx_word' id='word_1_73' title='bbox 691 769 763 807; x_wconf 82' lang='lat'><em>19:</em></span> <span class='ocrx_word' id='word_1_74' title='bbox 801 768 982 805; x_wconf 75' lang='lat' dir='ltr'><em>Antenor</em></span> <span class='ocrx_word' id='word_1_75' title='bbox 1000 782 1048 805; x_wconf 74' lang='lat' dir='ltr'><em>ex</em></span> <span class='ocrx_word' id='word_1_76' title='bbox 1072 769 1188 806; x_wconf 88' lang='lat' dir='ltr'><em>Ionio</em></span> <span class='ocrx_word' id='word_1_77' title='bbox 1220 783 1390 820; x_wconf 59' lang='lat' dir='ltr'><em>aequore</em></span> <span class='ocrx_word' id='word_1_78' title='bbox 1414 769 1472 807; x_wconf 80' lang='lat' dir='ltr'><em>acl</em></span> <span class='ocrx_word' id='word_1_79' title='bbox 1500 770 1637 808; x_wconf 73' lang='lat' dir='ltr'><em>dexte—</em></span> 
     </span>
     <span class='ocr_line' id='line_1_10' title="bbox 118 823 1638 877; baseline 0.004 -17"><span class='ocrx_word' id='word_1_80' title='bbox 118 837 209 860; x_wconf 85' lang='lat' dir='ltr'><em>ram</em></span> <span class='ocrx_word' id='word_1_81' title='bbox 229 823 403 874; x_wconf 80' lang='lat' dir='ltr'><em>flectens</em></span> <span class='ocrx_word' id='word_1_82' title='bbox 418 853 428 872; x_wconf 88' lang='lat'><em>,</em></span> <span class='ocrx_word' id='word_1_83' title='bbox 475 826 577 861; x_wconf 81' lang='lat' dir='ltr'><em>inter</em></span> <span class='ocrx_word' id='word_1_84' title='bbox 597 824 904 876; x_wconf 73' lang='lat' dir='ltr'><em>Dyrrhachium</em></span> <span class='ocrx_word' id='word_1_85' title='bbox 925 834 960 863; x_wconf 82' lang='lat' dir='ltr'><em>et</em></span> <span class='ocrx_word' id='word_1_86' title='bbox 988 825 1258 864; x_wconf 73' lang='lat' dir='ltr'><em>Brundisium</em></span> <span class='ocrx_word' id='word_1_87' title='bbox 1274 855 1284 875; x_wconf 89' lang='lat'><em>,</em></span> <span class='ocrx_word' id='word_1_88' title='bbox 1320 841 1398 877; x_wconf 82' lang='lat' dir='ltr'><em>per</em></span> <span class='ocrx_word' id='word_1_89' title='bbox 1420 828 1638 867; x_wconf 83' lang='lat' dir='ltr'><em>latissimas</em></span> 
     </span>
     <span class='ocr_line' id='line_1_11' title="bbox 120 881 1637 933; baseline 0.004 -16"><span class='ocrx_word' id='word_1_90' title='bbox 120 882 256 931; x_wconf 75' lang='lat' dir='ltr'><em>superi</em></span> <span class='ocrx_word' id='word_1_91' title='bbox 272 883 458 933; x_wconf 79' lang='lat' dir='ltr'><em>aequoris</em></span> <span class='ocrx_word' id='word_1_92' title='bbox 465 881 621 933; x_wconf 71' lang='lat' dir='ltr'><em>salices</em></span> <span class='ocrx_word' id='word_1_93' title='bbox 632 912 642 931; x_wconf 89' lang='lat'><em>‚</em></span> <span class='ocrx_word' id='word_1_94' title='bbox 678 883 739 919; x_wconf 77' lang='lat' dir='ltr'><em>acl</em></span> <span class='ocrx_word' id='word_1_95' title='bbox 753 885 1057 933; x_wconf 80' lang='lat' dir='ltr'><em>septentrionem</em></span> <span class='ocrx_word' id='word_1_96' title='bbox 1079 898 1309 933; x_wconf 65' lang='lat' dir='ltr'><em>conversus,</em></span> <span class='ocrx_word' id='word_1_97' title='bbox 1343 885 1438 922; x_wconf 78' lang='lat' dir='ltr'><em>hinc</em></span> <span class='ocrx_word' id='word_1_98' title='bbox 1453 886 1637 924; x_wconf 87' lang='lat' dir='ltr'><em>Dalma—</em></span> 
     </span>
     <span class='ocr_line' id='line_1_12' title="bbox 119 939 1636 994; baseline 0.004 -19"><span class='ocrx_word' id='word_1_99' title='bbox 119 947 182 976; x_wconf 84' lang='lat' dir='ltr'><em>tas</em></span> <span class='ocrx_word' id='word_1_100' title='bbox 214 939 425 990; x_wconf 78' lang='lat' dir='ltr'><em>linquens,</em></span> <span class='ocrx_word' id='word_1_101' title='bbox 470 940 655 991; x_wconf 54' lang='lat' dir='ltr'><em>Illyricos</em></span> <span class='ocrx_word' id='word_1_102' title='bbox 684 955 735 977; x_wconf 87' lang='lat' dir='ltr'><em>ac·</em></span> <span class='ocrx_word' id='word_1_103' title='bbox 765 940 989 989; x_wconf 77' lang='lat' dir='ltr'><em>Liburnos,</em></span> <span class='ocrx_word' id='word_1_104' title='bbox 1033 942 1147 979; x_wconf 86' lang='lat' dir='ltr'><em>illinc</em></span> <span class='ocrx_word' id='word_1_105' title='bbox 1178 942 1336 992; x_wconf 77' lang='lat' dir='ltr'><em>Apulos</em></span> <span class='ocrx_word' id='word_1_106' title='bbox 1365 950 1485 994; x_wconf 82' lang='lat' dir='ltr'><em>atque</em></span> <span class='ocrx_word' id='word_1_107' title='bbox 1516 945 1636 982; x_wconf 85' lang='lat' dir='ltr'><em>Pice—</em></span> 
     </span>
     <span class='ocr_line' id='line_1_13' title="bbox 118 998 1632 1053; baseline 0.004 -20"><span class='ocrx_word' id='word_1_108' title='bbox 118 1011 231 1046; x_wconf 79' lang='lat' dir='ltr'><em>num,</em></span> <span class='ocrx_word' id='word_1_109' title='bbox 265 998 325 1034; x_wconf 78' lang='lat' dir='ltr'><em>cal</em></span> <span class='ocrx_word' id='word_1_110' title='bbox 339 1005 462 1048; x_wconf 74' lang='lat' dir='ltr'><em>capnt</em></span> <span class='ocrx_word' id='word_1_111' title='bbox 483 998 689 1035; x_wconf 75' lang='lat' dir='ltr'><em>Adriatici</em></span> <span class='ocrx_word' id='word_1_112' title='bbox 708 1001 833 1036; x_wconf 84' lang='lat' dir='ltr'><em>maris</em></span> <span class='ocrx_word' id='word_1_113' title='bbox 850 1014 1010 1037; x_wconf 77' lang='lat' dir='ltr'><em>cursam</em></span> <span class='ocrx_word' id='word_1_114' title='bbox 1034 1002 1158 1037; x_wconf 80' lang='lat' dir='ltr'><em>tenuit</em></span> <span class='ocrx_word' id='word_1_115' title='bbox 1169 1015 1184 1047; x_wconf 83' lang='lat'><em>,·</em></span> <span class='ocrx_word' id='word_1_116' title='bbox 1218 1008 1268 1048; x_wconf 84' lang='lat' dir='ltr'><em>et,</em></span> <span class='ocrx_word' id='word_1_117' title='bbox 1297 1001 1431 1038; x_wconf 81' lang='lat' dir='ltr'><em>relicto</em></span> <span class='ocrx_word' id='word_1_118' title='bbox 1450 1016 1632 1053; x_wconf 70' lang='lat' dir='ltr'><em>aequore,</em></span> 
     </span>
     <span class='ocr_line' id='line_1_14' title="bbox 119 1055 1633 1111; baseline 0.003 -20"><span class='ocrx_word' id='word_1_119' title='bbox 119 1055 286 1092; x_wconf 68' lang='lat' dir='ltr'><em>adverso</em></span> <span class='ocrx_word' id='word_1_120' title='bbox 306 1056 508 1106; x_wconf 83' lang='lat' dir='ltr'><em>flumine,</em></span> <span class='ocrx_word' id='word_1_121' title='bbox 559 1056 668 1108; x_wconf 78' lang='lat' dir='ltr'><em>qaod</em></span> <span class='ocrx_word' id='word_1_122' title='bbox 694 1057 908 1095; x_wconf 84' lang='lat' dir='ltr'><em>Brentesia</em></span> <span class='ocrx_word' id='word_1_123' title='bbox 949 1056 1158 1111; x_wconf 76' lang='lat' dir='ltr'><em>dicitur*)‚</em></span> <span class='ocrx_word' id='word_1_124' title='bbox 1200 1072 1358 1095; x_wconf 77' lang='lat' dir='ltr'><em>sursum</em></span> <span class='ocrx_word' id='word_1_125' title='bbox 1384 1061 1633 1108; x_wconf 75' lang='lat' dir='ltr'><em>contendens,</em></span> 
     </span>
     <span class='ocr_line' id='line_1_15' title="bbox 118 1113 1631 1167; baseline 0.003 -17"><span class='ocrx_word' id='word_1_126' title='bbox 118 1120 221 1150; x_wconf 67' lang='lat' dir='ltr'><em>terra</em></span> <span class='ocrx_word' id='word_1_127' title='bbox 243 1115 421 1164; x_wconf 74' lang='lat' dir='ltr'><em>potitus,</em></span> <span class='ocrx_word' id='word_1_128' title='bbox 456 1115 589 1151; x_wconf 81' lang='lat' dir='ltr'><em>seclem</em></span> <span class='ocrx_word' id='word_1_129' title='bbox 620 1113 698 1151; x_wconf 63' lang='lat' dir='ltr'><em>silai</em></span> <span class='ocrx_word' id='word_1_130' title='bbox 718 1117 877 1167; x_wconf 78' lang='lat' dir='ltr'><em>suisque</em></span> <span class='ocrx_word' id='word_1_131' title='bbox 896 1116 1017 1166; x_wconf 85' lang='lat' dir='ltr'><em>elegit</em></span> <span class='ocrx_word' id='word_1_132' title='bbox 1032 1145 1042 1164; x_wconf 85' lang='lat'>‚</span> <span class='ocrx_word' id='word_1_133' title='bbox 1082 1124 1117 1153; x_wconf 90' lang='lat' dir='ltr'><em>et</em></span> <span class='ocrx_word' id='word_1_134' title='bbox 1138 1118 1382 1166; x_wconf 78' lang='lat' dir='ltr'><em>expugnatis</em></span> <span class='ocrx_word' id='word_1_135' title='bbox 1406 1118 1631 1167; x_wconf 82' lang='lat' dir='ltr'><em>Euganeis,</em></span> 
     </span>
     <span class='ocr_line' id='line_1_16' title="bbox 118 1171 1636 1223; baseline 0.003 -16"><span class='ocrx_word' id='word_1_136' title='bbox 118 1173 191 1223; x_wconf 80' lang='lat' dir='ltr'><em>qni</em></span> <span class='ocrx_word' id='word_1_137' title='bbox 209 1179 293 1208; x_wconf 69' lang='lat' dir='ltr'><em>turn</em></span> <span class='ocrx_word' id='word_1_138' title='bbox 313 1186 362 1208; x_wconf 87' lang='lat' dir='ltr'><em>ea</em></span> <span class='ocrx_word' id='word_1_139' title='bbox 385 1171 612 1209; x_wconf 74' lang='lat' dir='ltr'><em>incolebant</em></span> <span class='ocrx_word' id='word_1_140' title='bbox 640 1173 729 1209; x_wconf 76' lang='lat' dir='ltr'><em>loca</em></span> <span class='ocrx_word' id='word_1_141' title='bbox 745 1202 755 1221; x_wconf 97' lang='lat'><em>,</em></span> <span class='ocrx_word' id='word_1_142' title='bbox 791 1175 1016 1211; x_wconf 64' lang='lat' dir='ltr'><em>Patavium</em></span> <span class='ocrx_word' id='word_1_143' title='bbox 1036 1173 1228 1211; x_wconf 77' lang='lat' dir='ltr'><em>condidit.</em></span> <span class='ocrx_word' id='word_1_144' title='bbox 1290 1175 1334 1212; x_wconf 85' lang='lat' dir='ltr'><em>ls</em></span> <span class='ocrx_word' id='word_1_145' title='bbox 1365 1175 1467 1211; x_wconf 84' lang='lat' dir='ltr'><em>inter</em></span> <span class='ocrx_word' id='word_1_146' title='bbox 1495 1183 1636 1212; x_wconf 79' lang='lat' dir='ltr'><em>eeteros</em></span> 
     </span>
     <span class='ocr_line' id='line_1_17' title="bbox 117 1230 1637 1284; baseline 0.003 -18"><span class='ocrx_word' id='word_1_147' title='bbox 117 1231 302 1277; x_wconf 75' lang='lat' dir='ltr'><em>comites,</em></span> <span class='ocrx_word' id='word_1_148' title='bbox 335 1230 551 1267; x_wconf 79' lang='lat' dir='ltr'><em>Enetorum</em></span> <span class='ocrx_word' id='word_1_149' title='bbox 581 1230 877 1267; x_wconf 76' lang='lat' dir='ltr'><em>multitudinem</em></span> <span class='ocrx_word' id='word_1_150' title='bbox 897 1246 1150 1269; x_wconf 80' lang='lat' dir='ltr'><em>numerosam</em></span> <span class='ocrx_word' id='word_1_151' title='bbox 1176 1245 1309 1268; x_wconf 80' lang='lat' dir='ltr'><em>seeum</em></span> <span class='ocrx_word' id='word_1_152' title='bbox 1329 1231 1523 1280; x_wconf 82' lang='lat' dir='ltr'><em>duxerat,·</em></span> <span class='ocrx_word' id='word_1_153' title='bbox 1566 1235 1637 1284; x_wconf 79' lang='lat' dir='ltr'><em>qui</em></span> 
     </span>
     <span class='ocr_line' id='line_1_18' title="bbox 118 1286 1635 1341; baseline 0.002 -17"><span class='ocrx_word' id='word_1_154' title='bbox 118 1286 415 1338; x_wconf 75' lang='lat' dir='ltr'><em>Paphlagonia</em></span> <span class='ocrx_word' id='word_1_155' title='bbox 445 1289 542 1336; x_wconf 89' lang='lat' dir='ltr'><em>orti,</em></span> <span class='ocrx_word' id='word_1_156' title='bbox 568 1289 711 1338; x_wconf 81' lang='lat' dir='ltr'><em>patria</em></span> <span class='ocrx_word' id='word_1_157' title='bbox 738 1289 877 1339; x_wconf 79' lang='lat' dir='ltr'><em>pulsi,</em></span> <span class='ocrx_word' id='word_1_158' title='bbox 921 1290 1055 1327; x_wconf 79' lang='lat' dir='ltr'><em>exules</em></span> <span class='ocrx_word' id='word_1_159' title='bbox 1083 1289 1141 1326; x_wconf 77' lang='lat' dir='ltr'><em>acl</em></span> <span class='ocrx_word' id='word_1_160' title='bbox 1175 1290 1360 1337; x_wconf 84' lang='lat' dir='ltr'><em>Troiam,</em></span> <span class='ocrx_word' id='word_1_161' title='bbox 1402 1304 1507 1341; x_wconf 80' lang='lat' dir='ltr'><em>qnae</em></span> <span class='ocrx_word' id='word_1_162' title='bbox 1534 1289 1635 1327; x_wconf 81' lang='lat' dir='ltr'><em>hello</em></span> 
     </span>
     <span class='ocr_line' id='line_1_19' title="bbox 118 1344 1634 1398; baseline 0.001 -16"><span class='ocrx_word' id='word_1_163' title='bbox 118 1352 202 1382; x_wconf 78' lang='lat' dir='ltr'><em>tum</em></span> <span class='ocrx_word' id='word_1_164' title='bbox 234 1344 472 1393; x_wconf 79' lang='lat' dir='ltr'><em>laborabat,</em></span> <span class='ocrx_word' id='word_1_165' title='bbox 508 1355 793 1383; x_wconf 76' lang='lat' dir='ltr'><em>concesserant.</em></span> <span class='ocrx_word' id='word_1_166' title='bbox 856 1347 922 1384; x_wconf 87' lang='lat' dir='ltr'><em>Hi</em></span> <span class='ocrx_word' id='word_1_167' title='bbox 951 1349 993 1385; x_wconf 88' lang='lat' dir='ltr'><em>in</em></span> <span class='ocrx_word' id='word_1_168' title='bbox 1012 1348 1205 1398; x_wconf 76' lang='lat' dir='ltr'><em>proxima</em></span> <span class='ocrx_word' id='word_1_169' title='bbox 1221 1346 1493 1395; x_wconf 82' lang='lat' dir='ltr'><em>finitimorum</em></span> <span class='ocrx_word' id='word_1_170' title='bbox 1507 1362 1634 1398; x_wconf 81' lang='lat' dir='ltr'><em>prae-</em></span> 
     </span>
     <span class='ocr_line' id='line_1_20' title="bbox 116 1402 1630 1456; baseline 0.001 -16"><span class='ocrx_word' id='word_1_171' title='bbox 116 1402 189 1440; x_wconf 76' lang='lat' dir='ltr'><em>dia</em></span> <span class='ocrx_word' id='word_1_172' title='bbox 212 1403 332 1453; x_wconf 84' lang='lat' dir='ltr'><em>longe</em></span> <span class='ocrx_word' id='word_1_173' title='bbox 357 1404 514 1455; x_wconf 79' lang='lat' dir='ltr'><em>lateque</em></span> <span class='ocrx_word' id='word_1_174' title='bbox 546 1403 711 1456; x_wconf 73' lang='lat' dir='ltr'><em>diffusi,</em></span> <span class='ocrx_word' id='word_1_175' title='bbox 746 1405 843 1456; x_wconf 82' lang='lat' dir='ltr'><em>quia</em></span> <span class='ocrx_word' id='word_1_176' title='bbox 872 1405 1126 1442; x_wconf 80' lang='lat' dir='ltr'><em>multitudine</em></span> <span class='ocrx_word' id='word_1_177' title='bbox 1150 1413 1294 1442; x_wconf 75' lang='lat' dir='ltr'><em>cuneta</em></span> <span class='ocrx_word' id='word_1_178' title='bbox 1323 1405 1630 1455; x_wconf 70' lang='lat' dir='ltr'><em>compleverant,</em></span> 
     </span>
     <span class='ocr_line' id='line_1_21' title="bbox 116 1460 1634 1513; baseline 0.001 -15"><span class='ocrx_word' id='word_1_179' title='bbox 116 1475 165 1498; x_wconf 84' lang='lat' dir='ltr'><em>ex</em></span> <span class='ocrx_word' id='word_1_180' title='bbox 198 1475 238 1498; x_wconf 89' lang='lat' dir='ltr'><em>se</em></span> <span class='ocrx_word' id='word_1_181' title='bbox 265 1460 453 1511; x_wconf 79' lang='lat' dir='ltr'><em>gentibus</em></span> <span class='ocrx_word' id='word_1_182' title='bbox 469 1475 612 1498; x_wconf 80' lang='lat' dir='ltr'><em>nomen</em></span> <span class='ocrx_word' id='word_1_183' title='bbox 642 1461 806 1510; x_wconf 82' lang='lat' dir='ltr'><em>dedere,</em></span> <span class='ocrx_word' id='word_1_184' title='bbox 840 1470 877 1499; x_wconf 84' lang='lat' dir='ltr'><em>et</em></span> <span class='ocrx_word' id='word_1_185' title='bbox 915 1463 1110 1501; x_wconf 84' lang='lat' dir='ltr'><em>Venetiae</em></span> <span class='ocrx_word' id='word_1_186' title='bbox 1141 1464 1250 1513; x_wconf 87' lang='lat' dir='ltr'><em>regio</em></span> <span class='ocrx_word' id='word_1_187' title='bbox 1277 1462 1398 1500; x_wconf 83' lang='lat' dir='ltr'><em>dicta.</em></span> <span class='ocrx_word' id='word_1_188' title='bbox 1458 1463 1524 1500; x_wconf 89' lang='lat' dir='ltr'><em>De</em></span> <span class='ocrx_word' id='word_1_189' title='bbox 1560 1462 1634 1500; x_wconf 78' lang='lat' dir='ltr'><em>hoc</em></span> 
     </span>
     <span class='ocr_line' id='line_1_22' title="bbox 116 1518 1632 1571; baseline 0.001 -16"><span class='ocrx_word' id='word_1_190' title='bbox 116 1518 330 1556; x_wconf 85' lang='lat' dir='ltr'><em>Antenoris</em></span> <span class='ocrx_word' id='word_1_191' title='bbox 349 1518 527 1557; x_wconf 73' lang='lat' dir='ltr'><em>adventa</em></span> <span class='ocrx_word' id='word_1_192' title='bbox 546 1521 603 1557; x_wconf 83' lang='lat' dir='ltr'><em>sic</em></span> <span class='ocrx_word' id='word_1_193' title='bbox 621 1521 802 1557; x_wconf 83' lang='lat' dir='ltr'><em>meminit</em></span> <span class='ocrx_word' id='word_1_194' title='bbox 831 1521 1034 1571; x_wconf 77' lang='lat' dir='ltr'><em>Virgilius</em></span> <span class='ocrx_word' id='word_1_195' title='bbox 1051 1537 1062 1558; x_wconf 92' lang='lat'><em>.·</em></span> <span class='ocrx_word' id='word_1_196' title='bbox 1094 1521 1329 1558; x_wconf 86' lang='lat' dir='ltr'><em>Antenor</em></span> <span class='ocrx_word' id='word_1_197' title='bbox 1348 1535 1382 1571; x_wconf 81' lang='lat' dir='ltr'><em>p</em></span> <span class='ocrx_word' id='word_1_198' title='bbox 1396 1528 1442 1557; x_wconf 86' lang='lat' dir='ltr'><em>ot</em></span> <span class='ocrx_word' id='word_1_199' title='bbox 1454 1522 1529 1557; x_wconf 81' lang='lat' dir='ltr'><em>nit</em></span> <span class='ocrx_word' id='word_1_200' title='bbox 1559 1527 1632 1559; x_wconf 88' lang='lat' dir='ltr'><em>etc.</em></span> 
     </span>
     <span class='ocr_line' id='line_1_23' title="bbox 117 1575 1632 1629; baseline 0.001 -15"><span class='ocrx_word' id='word_1_201' title='bbox 117 1576 308 1627; x_wconf 85' lang='lat' dir='ltr'><em>Sequitur</em></span> <span class='ocrx_word' id='word_1_202' title='bbox 337 1576 433 1614; x_wconf 86' lang='lat' dir='ltr'><em>inde</em></span> <span class='ocrx_word' id='word_1_203' title='bbox 455 1577 564 1628; x_wconf 86' lang='lat' dir='ltr'><em>apud</em></span> <span class='ocrx_word' id='word_1_204' title='bbox 595 1575 706 1615; x_wconf 90' lang='lat' dir='ltr'><em>hunc</em></span> <span class='ocrx_word' id='word_1_205' title='bbox 724 1578 961 1628; x_wconf 80' lang='lat' dir='ltr'><em>scriptorem</em></span> <span class='ocrx_word' id='word_1_206' title='bbox 993 1578 1143 1616; x_wconf 87' lang='lat' dir='ltr'><em>mirum</em></span> <span class='ocrx_word' id='word_1_207' title='bbox 1165 1591 1333 1616; x_wconf 81' lang='lat' dir='ltr'><em>acumen</em></span> <span class='ocrx_word' id='word_1_208' title='bbox 1355 1591 1474 1629; x_wconf 89' lang='lat' dir='ltr'><em>super</em></span> <span class='ocrx_word' id='word_1_209' title='bbox 1493 1591 1632 1616; x_wconf 87' lang='lat' dir='ltr'><em>versu:</em></span> 
     </span>
     <span class='ocr_line' id='line_1_24' title="bbox 115 1634 1634 1688; baseline 0.001 -18"><span class='ocrx_word' id='word_1_210' title='bbox 115 1648 311 1686; x_wconf 82' lang='lat' dir='ltr'><em>armaque</em></span> <span class='ocrx_word' id='word_1_211' title='bbox 319 1634 422 1682; x_wconf 76' lang='lat' dir='ltr'><em>fixit</em></span> <span class='ocrx_word' id='word_1_212' title='bbox 449 1634 595 1682; x_wconf 77' lang='lat' dir='ltr'><em>Troia;</em></span> <span class='ocrx_word' id='word_1_213' title='bbox 630 1634 851 1686; x_wconf 78' lang='lat' dir='ltr'><em>alloquitur</em></span> <span class='ocrx_word' id='word_1_214' title='bbox 871 1636 1180 1688; x_wconf 85' lang='lat' dir='ltr'><em>Imperatorem,</em></span> <span class='ocrx_word' id='word_1_215' title='bbox 1218 1636 1308 1687; x_wconf 89' lang='lat' dir='ltr'><em>qui,</em></span> <span class='ocrx_word' id='word_1_216' title='bbox 1340 1635 1543 1688; x_wconf 74' lang='lat' dir='ltr'><em>quodnam</em></span> <span class='ocrx_word' id='word_1_217' title='bbox 1568 1637 1634 1672; x_wconf 87' lang='lat' dir='ltr'><em>in-</em></span> 
     </span>
     <span class='ocr_line' id='line_1_25' title="bbox 116 1693 1635 1745; baseline 0.001 -17"><span class='ocrx_word' id='word_1_218' title='bbox 116 1693 235 1742; x_wconf 80' lang='lat' dir='ltr'><em>signe</em></span> <span class='ocrx_word' id='word_1_219' title='bbox 259 1693 421 1729; x_wconf 69' lang='lat' dir='ltr'><em>rexillis</em></span> <span class='ocrx_word' id='word_1_220' title='bbox 446 1694 642 1730; x_wconf 77' lang='lat' dir='ltr'><em>Antenori</em></span> <span class='ocrx_word' id='word_1_221' title='bbox 660 1702 696 1731; x_wconf 82' lang='lat' dir='ltr'><em>et</em></span> <span class='ocrx_word' id='word_1_222' title='bbox 717 1694 879 1731; x_wconf 82' lang='lat' dir='ltr'><em>Aeneae</em></span> <span class='ocrx_word' id='word_1_223' title='bbox 894 1694 1050 1745; x_wconf 79' lang='lat' dir='ltr'><em>fnisset</em></span> <span class='ocrx_word' id='word_1_224' title='bbox 1062 1724 1072 1743; x_wconf 92' lang='lat'><em>,</em></span> <span class='ocrx_word' id='word_1_225' title='bbox 1109 1693 1388 1743; x_wconf 78' lang='lat' dir='ltr'><em>dubitaverat,</em></span> <span class='ocrx_word' id='word_1_226' title='bbox 1431 1699 1635 1744; x_wconf 86' lang='lat' dir='ltr'><em>acceperat</em></span> 
     </span>
     <span class='ocr_line' id='line_1_26' title="bbox 115 1750 1634 1801; baseline 0.001 -14"><span class='ocrx_word' id='word_1_227' title='bbox 115 1750 251 1801; x_wconf 86' lang='lat' dir='ltr'><em>itaque</em></span> <span class='ocrx_word' id='word_1_228' title='bbox 276 1750 341 1787; x_wconf 87' lang='lat' dir='ltr'><em>ille</em></span> <span class='ocrx_word' id='word_1_229' title='bbox 381 1765 499 1788; x_wconf 85' lang='lat' dir='ltr'><em>arma</em></span> <span class='ocrx_word' id='word_1_230' title='bbox 538 1750 586 1788; x_wconf 84' lang='lat' dir='ltr'><em>de</em></span> <span class='ocrx_word' id='word_1_231' title='bbox 616 1751 784 1789; x_wconf 76' lang='lat' dir='ltr'><em>vexillo:</em></span> <span class='ocrx_word' id='word_1_232' title='bbox 827 1752 1074 1791; x_wconf 84' lang='lat' dir='ltr'><em>tolerabilius</em></span> <span class='ocrx_word' id='word_1_233' title='bbox 1109 1753 1234 1801; x_wconf 88' lang='lat' dir='ltr'><em>soret,</em></span> <span class='ocrx_word' id='word_1_234' title='bbox 1277 1752 1308 1789; x_wconf 91' lang='lat' dir='ltr'><em>si</em></span> <span class='ocrx_word' id='word_1_235' title='bbox 1339 1751 1478 1789; x_wconf 83' lang='lat' dir='ltr'><em>saltem</em></span> <span class='ocrx_word' id='word_1_236' title='bbox 1499 1750 1548 1788; x_wconf 90' lang='lat' dir='ltr'><em>de</em></span> <span class='ocrx_word' id='word_1_237' title='bbox 1569 1751 1634 1788; x_wconf 88' lang='lat' dir='ltr'><em>in-</em></span> 
     </span>
     <span class='ocr_line' id='line_1_27' title="bbox 114 1808 1633 1861; baseline 0.001 -16"><span class='ocrx_word' id='word_1_238' title='bbox 114 1808 293 1860; x_wconf 83' lang='lat' dir='ltr'><em>signibus</em></span> <span class='ocrx_word' id='word_1_239' title='bbox 314 1808 428 1860; x_wconf 83' lang='lat' dir='ltr'><em>clipei</em></span> <span class='ocrx_word' id='word_1_240' title='bbox 450 1809 730 1859; x_wconf 80' lang='lat' dir='ltr'><em>intellexisset3</em></span> <span class='ocrx_word' id='word_1_241' title='bbox 771 1809 842 1847; x_wconf 82' lang='lat' dir='ltr'><em>etsi</em></span> <span class='ocrx_word' id='word_1_242' title='bbox 868 1815 906 1847; x_wconf 90' lang='lat' dir='ltr'><em>et</em></span> <span class='ocrx_word' id='word_1_243' title='bbox 925 1809 1004 1848; x_wconf 88' lang='lat' dir='ltr'><em>hoc</em></span> <span class='ocrx_word' id='word_1_244' title='bbox 1034 1810 1218 1849; x_wconf 83' lang='lat' dir='ltr'><em>absurde.</em></span> <span class='ocrx_word' id='word_1_245' title='bbox 1277 1809 1509 1861; x_wconf 85' lang='lat' dir='ltr'><em>Respondet</em></span> <span class='ocrx_word' id='word_1_246' title='bbox 1533 1809 1633 1847; x_wconf 72' lang='lat' dir='ltr'><em>scri—</em></span> 
     </span>
     <span class='ocr_line' id='line_1_28' title="bbox 113 1867 1634 1919; baseline -0.001 -15"><span class='ocrx_word' id='word_1_247' title='bbox 113 1872 231 1919; x_wconf 89' lang='lat' dir='ltr'><em>ptor,</em></span> <span class='ocrx_word' id='word_1_248' title='bbox 264 1880 471 1904; x_wconf 84' lang='lat' dir='ltr'><em>armorum</em></span> <span class='ocrx_word' id='word_1_249' title='bbox 500 1867 654 1918; x_wconf 81' lang='lat' dir='ltr'><em>insigne</em></span> <span class='ocrx_word' id='word_1_250' title='bbox 683 1868 802 1905; x_wconf 87' lang='lat' dir='ltr'><em>fuisse</em></span> <span class='ocrx_word' id='word_1_251' title='bbox 824 1869 1017 1919; x_wconf 82' lang='lat' dir='ltr'><em>scrofan13</em></span> <span class='ocrx_word' id='word_1_252' title='bbox 1064 1870 1186 1906; x_wconf 85' lang='lat' dir='ltr'><em>Troia</em></span> <span class='ocrx_word' id='word_1_253' title='bbox 1206 1882 1380 1919; x_wconf 77' lang='lat' dir='ltr'><em>namque</em></span> <span class='ocrx_word' id='word_1_254' title='bbox 1402 1868 1524 1918; x_wconf 62' lang='lat' dir='ltr'><em>vulgo</em></span> <span class='ocrx_word' id='word_1_255' title='bbox 1544 1869 1634 1904; x_wconf 81' lang='lat' dir='ltr'><em>lla-</em></span> 
     </span>
     <span class='ocr_line' id='line_1_29' title="bbox 114 1922 1633 1978; baseline 0.001 -17"><span class='ocrx_word' id='word_1_256' title='bbox 114 1925 190 1962; x_wconf 74' lang='lat' dir='ltr'><em>lice</em></span> <span class='ocrx_word' id='word_1_257' title='bbox 216 1925 444 1976; x_wconf 74' lang='lat' dir='ltr'><em>Latineque</em></span> <span class='ocrx_word' id='word_1_258' title='bbox 471 1925 604 1976; x_wconf 68' lang='lat' dir='ltr'><em>scrcfa</em></span> <span class='ocrx_word' id='word_1_259' title='bbox 640 1926 706 1963; x_wconf 66' lang='lat' dir='ltr'><em>vel</em></span> <span class='ocrx_word' id='word_1_260' title='bbox 735 1940 803 1964; x_wconf 76' lang='lat' dir='ltr'><em>slis</em></span> <span class='ocrx_word' id='word_1_261' title='bbox 829 1926 988 1964; x_wconf 75' lang='lat' dir='ltr'><em>dicitur.</em></span> <span class='ocrx_word' id='word_1_262' title='bbox 1054 1926 1165 1974; x_wconf 81' lang='lat' dir='ltr'><em>Quid</em></span> <span class='ocrx_word' id='word_1_263' title='bbox 1199 1924 1444 1978; x_wconf 82' lang='lat' dir='ltr'><em>exspectabis</em></span> <span class='ocrx_word' id='word_1_264' title='bbox 1476 1925 1524 1961; x_wconf 85' lang='lat' dir='ltr'><em>ab</em></span> <span class='ocrx_word' id='word_1_265' title='bbox 1556 1922 1633 1962; x_wconf 80' lang='lat' dir='ltr'><em>lio-</em></span> 
     </span>
     <span class='ocr_line' id='line_1_30' title="bbox 114 1981 1633 2036; baseline 0 -16"><span class='ocrx_word' id='word_1_266' title='bbox 114 1981 312 2032; x_wconf 88' lang='lat' dir='ltr'><em>minibus,</em></span> <span class='ocrx_word' id='word_1_267' title='bbox 346 1982 415 2033; x_wconf 90' lang='lat' dir='ltr'><em>qui</em></span> <span class='ocrx_word' id='word_1_268' title='bbox 444 1983 487 2020; x_wconf 91' lang='lat' dir='ltr'><em>in</em></span> <span class='ocrx_word' id='word_1_269' title='bbox 511 1989 723 2035; x_wconf 84' lang='lat' dir='ltr'><em>poetarum</em></span> <span class='ocrx_word' id='word_1_270' title='bbox 745 1984 915 2022; x_wconf 83' lang='lat' dir='ltr'><em>lectione</em></span> <span class='ocrx_word' id='word_1_271' title='bbox 943 1985 1117 2036; x_wconf 83' lang='lat' dir='ltr'><em>argutias</em></span> <span class='ocrx_word' id='word_1_272' title='bbox 1140 1990 1223 2021; x_wconf 83' lang='lat' dir='ltr'><em>tam</em></span> <span class='ocrx_word' id='word_1_273' title='bbox 1242 1997 1365 2022; x_wconf 86' lang='lat' dir='ltr'><em>vanas</em></span> <span class='ocrx_word' id='word_1_274' title='bbox 1386 1982 1633 2034; x_wconf 75' lang='lat' dir='ltr'><em>captabant?</em></span> 
     </span>
     <span class='ocr_line' id='line_1_31' title="bbox 114 2040 1633 2095; baseline 0 -18"><span class='ocrx_word' id='word_1_275' title='bbox 114 2041 302 2078; x_wconf 84' lang='lat' dir='ltr'><em>Ceterum</em></span> <span class='ocrx_word' id='word_1_276' title='bbox 343 2040 392 2078; x_wconf 89' lang='lat' dir='ltr'><em>de</em></span> <span class='ocrx_word' id='word_1_277' title='bbox 431 2040 637 2079; x_wconf 86' lang='lat' dir='ltr'><em>Antenore</em></span> <span class='ocrx_word' id='word_1_278' title='bbox 667 2042 821 2080; x_wconf 82' lang='lat' dir='ltr'><em>Patavii</em></span> <span class='ocrx_word' id='word_1_279' title='bbox 860 2043 1014 2095; x_wconf 74' lang='lat' dir='ltr'><em>sepulto</em></span> <span class='ocrx_word' id='word_1_280' title='bbox 1051 2048 1171 2081; x_wconf 89' lang='lat' dir='ltr'><em>vetus</em></span> <span class='ocrx_word' id='word_1_281' title='bbox 1205 2042 1284 2080; x_wconf 88' lang='lat' dir='ltr'><em>fuit</em></span> <span class='ocrx_word' id='word_1_282' title='bbox 1311 2041 1466 2094; x_wconf 79' lang='lat' dir='ltr'><em>opinio,</em></span> <span class='ocrx_word' id='word_1_283' title='bbox 1497 2046 1536 2078; x_wconf 88' lang='lat' dir='ltr'><em>et</em></span> <span class='ocrx_word' id='word_1_284' title='bbox 1562 2040 1633 2078; x_wconf 85' lang='lat' dir='ltr'><em>de-</em></span> 
     </span>
     <span class='ocr_line' id='line_1_32' title="bbox 113 2098 1633 2151; baseline -0.001 -15"><span class='ocrx_word' id='word_1_285' title='bbox 113 2104 268 2137; x_wconf 84' lang='lat' dir='ltr'><em>tectum</em></span> <span class='ocrx_word' id='word_1_286' title='bbox 296 2098 573 2138; x_wconf 86' lang='lat' dir='ltr'><em>Antenoreum</em></span> <span class='ocrx_word' id='word_1_287' title='bbox 608 2101 837 2151; x_wconf 79' lang='lat' dir='ltr'><em>sepulcrum</em></span> <span class='ocrx_word' id='word_1_288' title='bbox 866 2115 898 2140; x_wconf 81' lang='lat' dir='ltr'><em>a.</em></span> <span class='ocrx_word' id='word_1_289' title='bbox 935 2100 1062 2149; x_wconf 75' lang='lat'><em>1274,</em></span> <span class='ocrx_word' id='word_1_290' title='bbox 1103 2101 1209 2138; x_wconf 91' lang='lat' dir='ltr'><em>inter</em></span> <span class='ocrx_word' id='word_1_291' title='bbox 1237 2099 1480 2138; x_wconf 86' lang='lat' dir='ltr'><em>recentiores</em></span> <span class='ocrx_word' id='word_1_292' title='bbox 1512 2098 1633 2135; x_wconf 88' lang='lat' dir='ltr'><em>fabu-</em></span> 
     </span>
     <span class='ocr_line' id='line_1_33' title="bbox 113 2155 1633 2209; baseline -0.002 -15"><span class='ocrx_word' id='word_1_293' title='bbox 113 2156 170 2194; x_wconf 88' lang='lat' dir='ltr'><em>las</em></span> <span class='ocrx_word' id='word_1_294' title='bbox 215 2156 310 2195; x_wconf 83' lang='lat' dir='ltr'><em>satis</em></span> <span class='ocrx_word' id='word_1_295' title='bbox 342 2158 507 2209; x_wconf 81' lang='lat' dir='ltr'><em>vulgata</em></span> <span class='ocrx_word' id='word_1_296' title='bbox 543 2164 615 2197; x_wconf 86' lang='lat' dir='ltr'><em>est.</em></span> <span class='ocrx_word' id='word_1_297' title='bbox 647 2158 728 2196; x_wconf 78' lang='lat' dir='ltr'><em>vid.</em></span> <span class='ocrx_word' id='word_1_298' title='bbox 755 2159 899 2209; x_wconf 82' lang='lat' dir='ltr'><em>Pignor</em></span> <span class='ocrx_word' id='word_1_299' title='bbox 931 2159 973 2197; x_wconf 86' lang='lat' dir='ltr'><em>in</em></span> <span class='ocrx_word' id='word_1_300' title='bbox 1006 2158 1149 2196; x_wconf 89' lang='lat' dir='ltr'><em>Anten.</em></span> <span class='ocrx_word' id='word_1_301' title='bbox 1181 2172 1213 2196; x_wconf 86' lang='lat' dir='ltr'><em>e.</em></span> <span class='ocrx_word' id='word_1_302' title='bbox 1242 2160 1280 2199; x_wconf 87' lang='grc'><em>8.</em></span> <span class='ocrx_word' id='word_1_303' title='bbox 1311 2158 1442 2195; x_wconf 82' lang='lat' dir='ltr'><em>Ursat.</em></span> <span class='ocrx_word' id='word_1_304' title='bbox 1470 2156 1509 2193; x_wconf 90' lang='lat' dir='ltr'><em>in</em></span> <span class='ocrx_word' id='word_1_305' title='bbox 1542 2155 1633 2192; x_wconf 88' lang='lat' dir='ltr'><em>Mo—</em></span> 
     </span>
     <span class='ocr_line' id='line_1_34' title="bbox 113 2213 1630 2269; baseline -0.003 -16"><span class='ocrx_word' id='word_1_306' title='bbox 113 2228 225 2254; x_wconf 85' lang='lat' dir='ltr'><em>num.</em></span> <span class='ocrx_word' id='word_1_307' title='bbox 267 2215 406 2254; x_wconf 84' lang='lat' dir='ltr'><em>Patav.</em></span> <span class='ocrx_word' id='word_1_308' title='bbox 446 2216 514 2254; x_wconf 91' lang='lat' dir='ltr'><em>lib.</em></span> <span class='ocrx_word' id='word_1_309' title='bbox 545 2216 575 2254; x_wconf 94' lang='lat' dir='ltr'><em>I.</em></span> <span class='ocrx_word' id='word_1_310' title='bbox 614 2230 644 2256; x_wconf 93' lang='lat' dir='ltr'><em>s.</em></span> <span class='ocrx_word' id='word_1_311' title='bbox 687 2219 750 2258; x_wconf 90' lang='lat'><em>10.</em></span> <span class='ocrx_word' id='word_1_312' title='bbox 820 2216 997 2255; x_wconf 84' lang='lat' dir='ltr'><em>Accessit</em></span> <span class='ocrx_word' id='word_1_313' title='bbox 1035 2215 1302 2269; x_wconf 85' lang='lat' dir='ltr'><em>epitaphium,</em></span> <span class='ocrx_word' id='word_1_314' title='bbox 1353 2213 1462 2265; x_wconf 88' lang='lat' dir='ltr'><em>quod</em></span> <span class='ocrx_word' id='word_1_315' title='bbox 1500 2213 1630 2250; x_wconf 82' lang='lat' dir='ltr'><em>inser-</em></span> 
     </span>
     <span class='ocr_line' id='line_1_35' title="bbox 112 2270 1629 2326; baseline 0.003 -16"><span class='ocrx_word' id='word_1_316' title='bbox 112 2278 201 2311; x_wconf 88' lang='lat' dir='ltr'><em>tum</em></span> <span class='ocrx_word' id='word_1_317' title='bbox 241 2286 401 2325; x_wconf 88' lang='lat' dir='ltr'><em>quoque</em></span> <span class='ocrx_word' id='word_1_318' title='bbox 440 2274 583 2326; x_wconf 85' lang='lat' dir='ltr'><em>legitur</em></span> <span class='ocrx_word' id='word_1_319' title='bbox 624 2273 840 2326; x_wconf 81' lang='lat' dir='ltr'><em>Antholog.</em></span> <span class='ocrx_word' id='word_1_320' title='bbox 874 2275 960 2315; x_wconf 87' lang='lat' dir='ltr'><em>Lat.</em></span> <span class='ocrx_word' id='word_1_321' title='bbox 999 2275 1066 2313; x_wconf 90' lang='lat' dir='ltr'><em>lib.</em></span> <span class='ocrx_word' id='word_1_322' title='bbox 1112 2275 1141 2312; x_wconf 92' lang='grc' dir='ltr'><em>Ι.</em></span> <span class='ocrx_word' id='word_1_323' title='bbox 1182 2287 1241 2325; x_wconf 88' lang='lat' dir='ltr'><em>ep.</em></span> <span class='ocrx_word' id='word_1_324' title='bbox 1287 2276 1387 2320; x_wconf 86' lang='lat'><em>111,</em></span> <span class='ocrx_word' id='word_1_325' title='bbox 1442 2271 1508 2308; x_wconf 75' lang='lat' dir='ltr'><em>Ubi</em></span> <span class='ocrx_word' id='word_1_326' title='bbox 1547 2270 1629 2308; x_wconf 78' lang='lat' dir='ltr'><em>Vid-</em></span> 
     </span>
     <span class='ocr_line' id='line_1_36' title="bbox 112 2330 332 2370; baseline 0.005 -1"><span class='ocrx_word' id='word_1_327' title='bbox 112 2330 332 2370; x_wconf 85' lang='lat' dir='ltr'><em>Burmann.</em></span> 
     </span>
    </p>
   </div>
   <div class='ocr_carea' id='block_1_3' title="bbox 489 2567 1258 2630">
    <p class='ocr_par' dir='ltr' id='par_1_4' title="bbox 489 2567 1258 2630">
     <span class='ocr_line' id='line_1_37' title="bbox 489 2567 1258 2630; baseline -0.008 -3"><span class='ocrx_word' id='word_1_328' title='bbox 489 2569 1056 2630; x_wconf 84' lang='lat' dir='ltr'>EXCURSUS</span> <span class='ocrx_word' id='word_1_329' title='bbox 1127 2567 1258 2622; x_wconf 87' lang='lat' dir='ltr'><em>VII</em></span> 
     </span>
    </p>
   </div>
   <div class='ocr_carea' id='block_1_4' title="bbox 374 2670 1366 2729">
    <p class='ocr_par' dir='ltr' id='par_1_5' title="bbox 374 2670 1366 2729">
     <span class='ocr_line' id='line_1_38' title="bbox 374 2670 1366 2729; baseline -0.009 -11"><span class='ocrx_word' id='word_1_330' title='bbox 374 2673 482 2717; x_wconf 85' lang='lat' dir='ltr'><em>De</em></span> <span class='ocrx_word' id='word_1_331' title='bbox 563 2674 949 2716; x_wconf 79' lang='lat' dir='ltr'><em>Timavo</em></span> <span class='ocrx_word' id='word_1_332' title='bbox 1011 2670 1366 2729; x_wconf 80' lang='lat' dir='ltr'><em>Jlnvio.</em></span> 
     </span>
    </p>
   </div>
   <div class='ocr_carea' id='block_1_5' title="bbox 119 2763 1627 2879">
    <p class='ocr_par' dir='ltr' id='par_1_6' title="bbox 119 2763 1627 2879">
     <span class='ocr_line' id='line_1_39' title="bbox 227 2763 1627 2819; baseline -0.01 -8"><span class='ocrx_word' id='word_1_333' title='bbox 227 2767 419 2819; x_wconf 65' lang='lat' dir='ltr'><em>Sequitur</em></span> <span class='ocrx_word' id='word_1_334' title='bbox 441 2782 548 2805; x_wconf 74' lang='lat' dir='ltr'><em>nuuc</em></span> <span class='ocrx_word' id='word_1_335' title='bbox 569 2766 651 2808; x_wconf 78' lang='lat'><em>244</em></span> <span class='ocrx_word' id='word_1_336' title='bbox 665 2766 827 2808; x_wconf 73' lang='lat'><em>—246.</em></span> <span class='ocrx_word' id='word_1_337' title='bbox 857 2767 966 2804; x_wconf 85' lang='lat' dir='ltr'><em>locus</em></span> <span class='ocrx_word' id='word_1_338' title='bbox 990 2765 1038 2802; x_wconf 81' lang='lat' dir='ltr'><em>de</em></span> <span class='ocrx_word' id='word_1_339' title='bbox 1057 2764 1242 2801; x_wconf 75' lang='lat' dir='ltr'><em>Timavo:</em></span> <span class='ocrx_word' id='word_1_340' title='bbox 1261 2763 1422 2813; x_wconf 78' lang='lat' dir='ltr'><em>sontem</em></span> <span class='ocrx_word' id='word_1_341' title='bbox 1442 2774 1627 2810; x_wconf 71' lang='lat' dir='ltr'><em>superare</em></span> 
     </span>
     <span class='ocr_line' id='line_1_40' title="bbox 119 2819 1626 2879; baseline -0.006 -17"><span class='ocrx_word' id='word_1_342' title='bbox 119 2827 284 2864; x_wconf 74' lang='lat' dir='ltr'><em>Timavi</em></span> <span class='ocrx_word' id='word_1_343' title='bbox 306 2824 370 2878; x_wconf 90' lang='lat' dir='ltr'><em>(eo</em></span> <span class='ocrx_word' id='word_1_344' title='bbox 392 2824 516 2879; x_wconf 83' lang='lat' dir='ltr'><em>loco),</em></span> <span class='ocrx_word' id='word_1_345' title='bbox 546 2826 650 2862; x_wconf 72' lang='lat' dir='ltr'><em>tmrle</em></span> <span class='ocrx_word' id='word_1_346' title='bbox 661 2839 739 2875; x_wconf 77' lang='lat' dir='ltr'><em>per</em></span> <span class='ocrx_word' id='word_1_347' title='bbox 755 2839 824 2862; x_wconf 79' lang='lat' dir='ltr'><em>om</em></span> <span class='ocrx_word' id='word_1_348' title='bbox 855 2837 994 2861; x_wconf 62' lang='lat' dir='ltr'><em>novem</em></span> <span class='ocrx_word' id='word_1_349' title='bbox 1021 2830 1133 2858; x_wconf 60' lang='lat' dir='ltr'><em>vasto</em></span> <span class='ocrx_word' id='word_1_350' title='bbox 1154 2835 1243 2858; x_wconf 73' lang='lat' dir='ltr'><em>enm</em></span> <span class='ocrx_word' id='word_1_351' title='bbox 1264 2833 1463 2858; x_wconf 59' lang='lat' dir='ltr'><em>murnum-e</em></span> <span class='ocrx_word' id='word_1_352' title='bbox 1485 2819 1626 2854; x_wconf 77' lang='lat' dir='ltr'><em>montis</em></span> 
     </span>
    </p>
   </div>
   <div class='ocr_carea' id='block_1_6' title="bbox 244 2925 393 2931">
    <p class='ocr_par' dir='ltr' id='par_1_7' title="bbox 244 2925 393 2931">
     <span class='ocr_line' id='line_1_41' title="bbox 244 2925 393 2931; baseline 0 0"><span class='ocrx_word' id='word_1_353' title='bbox 244 2925 393 2931; x_wconf 95' lang='lat' dir='ltr'><em> </em></span> 
     </span>
    </p>
   </div>
   <div class='ocr_carea' id='block_1_7' title="bbox 206 2973 597 3019">
    <p class='ocr_par' dir='ltr' id='par_1_8' title="bbox 206 2973 597 3019">
     <span class='ocr_line' id='line_1_42' title="bbox 206 2973 597 3019; baseline -0.008 -10"><span class='ocrx_word' id='word_1_354' title='bbox 206 2974 233 3019; x_wconf 81' lang='lat'><em>&#39;)</em></span> <span class='ocrx_word' id='word_1_355' title='bbox 260 2975 450 3009; x_wconf 75' lang='lat' dir='ltr'><em>Meduacus</em></span> <span class='ocrx_word' id='word_1_356' title='bbox 476 2973 597 3007; x_wconf 69' lang='lat' dir='ltr'><em>maior.</em></span> 
     </span>
    </p>
   </div>
  </div>
 </body>
</html>
