1779 3420
69 245 171 294 348
399 241 456 290 P.
494 238 849 290 VIRGILII
898 234 1276 285 MARONIS

66 370 322 419 Exarsere
347 367 496 431 ignes
523 365 732 423 animo;
774 362 915 412 subit
939 362 1013 410 ira
1038 361 1324 411 cadentem
1495 362 1598 412 575

67 438 261 490 Ulcisci
287 437 539 503 patriam,
580 444 633 484 et
651 434 929 483 sceleratas
950 449 1165 481 sumere
1187 447 1405 498 poenas.

69 508 283 559 Scilicet
303 507 437 557 haec
456 508 700 572 Spartam
724 502 1009 552 incolumis
1032 503 1334 568 patriasque
1350 504 1602 565 Mycenas

67 579 373 646 Adspiciet?
410 585 675 644 partoque
698 574 794 622 ibit
814 572 997 638 regina
1019 572 1316 638 triumpho,
1496 577 1599 624 578

135 675 251 725 578.
290 676 593 733 ADSPICIET,
667 672 985 716 TRIUMPHO?

136 746 253 795 579.
288 745 737 803 ConGIUMQUE,
776 752 1108 799 DOMUMQUE,
1133 749 1361 796 PATRES,
1395 747 1600 784 NoTos-

210 830 314 873 QUE
352 827 583 875 VIDEmT,

161 933 229 967 575
254 932 355 978 ignis
375 931 444 964 duo
466 932 581 963 Burm.
680 929 749 963 576
775 940 836 961 an:
865 927 1071 959 sceleratae
1099 936 1243 958 sumere
1265 934 1409 968 poenas
1431 921 1466 953 h.
1496 933 1526 954 e.
1556 921 1600 953 de

67 979 265 1013 scelerata?
300 986 336 1011 ut
356 978 473 1011 malim
488 1004 496 1019 ‚
526 977 587 1010 ius.
608 976 678 1011 585
720 976 894 1008 merentis
915 974 1089 1007 ,sumsisse
1116 983 1269 1018 poenas.
1306 970 1382 1013 <sed
1402 968 1472 1002 vid.
1494 970 1537 1002 V.
1559 969 1600 1001 L.

66 1028 112 1061 ad
132 1040 208 1060 eum
232 1039 303 1066 vs.,
330 1033 366 1058 et
390 1027 477 1058 Not.
497 1025 542 1057 ud
564 1024 668 1056 hunc.
699 1024 795 1066 Wr.)
846 1023 889 1054 Et
919 1021 968 1054 sic
986 1021 1054 1053 iam
1077 1018 1256 1053 valesium
1278 1016 1471 1050 coniecisse
1493 1016 1600 1048 docet

65 1074 237 1118 Cuningh.
289 1073 374 1105 Inde
392 1085 411 1105 a
432 1073 514 1107 577.
535 1072 603 1106 578
623 1072 693 1103 XII
714 1082 834 1102 versus
855 1068 1006 1101 stellulis
1028 1066 1142 1099 notati
1170 1071 1251 1098 sunt
1277 1064 1312 1097 in
1348 1063 1600 1108 splendidissi-

65 1134 121 1155 ma
141 1121 297 1154 editione
317 1119 497 1153 Parmensi
516 1117 730 1151 Bodonianis
748 1116 946 1149 litterarum
968 1115 1065 1160 typis
1088 1120 1249 1152 exarata,
1285 1119 1448 1156 tanquam
1471 1112 1600 1143 Gram—

65 1168 182 1202 matici
202 1167 348 1201 alicuius
372 1166 522 1200 acumini
546 1165 678 1205 debiti,
712 1177 789 1197 cum
816 1164 936 1196 decem
960 1162 1163 1207 superiores
1185 1168 1220 1192 et
1240 1160 1386 1191 Marone
1407 1158 1504 1202 digni
1523 1170 1600 1190 esse

66 1224 102 1249 et
124 1216 168 1249 ad
186 1216 398 1248 sententiam
417 1213 608 1247 necessarii
626 1213 822 1245 videantur.
874 1212 1061 1255 (versuum
1092 1207 1331 1252 sequentium,
1369 1206 1399 1239 si
1426 1207 1522 1238 torte
1551 1218 1598 1237 vs.

64 1265 145 1299 579.
167 1262 318 1307 excipis,
343 1261 563 1307 praestantia
584 1273 649 1305 per
668 1272 745 1292 sese
765 1271 864 1291 suum
884 1258 1006 1302 prodit
1026 1263 1215 1290 auctorem.
1250 1253 1346 1297 Wr.)
1443 1254 1513 1288 578
1538 1266 1599 1285 re-

63 1319 183 1357 gnata
201 1319 249 1343 tr.
270 1310 343 1343 MS.
364 1309 398 1341 in
422 1312 519 1343 Serv.
540 1309 628 1340 Dan.
651 1319 727 1340 cum
750 1306 859 1339 Goth.
879 1318 971 1346 sec.‚
1007 1304 1070 1337 sed
1100 1316 1131 1336 v.
1163 1304 1280 1334 Burin.
1376 1301 1446 1335 579
1476 1302 1601 1347 patris

64 1359 156 1391 alter
183 1359 324 1401 Menag.
386 1358 492 1401 (Num
524 1355 630 1399 igitur
658 1360 883 1399 parentes
913 1353 1072 1385 Helenae
1103 1349 1313 1395 superstites
1346 1348 1468 1381 erant?
1530 1347 1600 1380 sod

63 1412 168 1450 pater
191 1405 264 1437 eius
285 1416 389 1449 quum
406 1403 542 1447 Iupiter
562 1402 813 1448 perhibeatur,
841 1400 1019 1444 quomodo
1038 1399 1129 1431 hunc
1151 1398 1211 1430 illa
1238 1408 1357 1428 rursus
1384 1396 1500 1428 visura
1529 1394 1600 1426 diei

64 1452 209 1498 potest?
258 1452 356 1484 Leda
380 1458 493 1484 autem
510 1458 649 1483 mortua
670 1455 767 1490 erat,
793 1448 887 1493 quod
909 1460 949 1480 ex
972 1447 1099 1491 Odyss.
1129 1447 1192 1487 XI,
1226 1445 1307 1478 298.
1334 1443 1499 1482 discitum
1535 1454 1600 1475 nec

64 1500 250 1544 Tyndarus
266 1526 275 1541 ,
300 1499 395 1544 quod
421 1511 461 1531 ex
483 1497 629 1530 Homeri
653 1496 795 1529 silentio
817 1495 1011 1528 certissime
1032 1492 1153 1537 colligi
1176 1498 1316 1536 potest,
1350 1491 1465 1524 adhuc
1482 1490 1518 1522 in
1539 1489 1597 1523 vi-

64 1548 116 1581 vis
132 1547 210 1579 fnit.
260 1550 305 1580 At
322 1545 482 1591 proclive
501 1552 574 1587 est,
599 1544 779 1587 corrigere
801 1543 894 1575 dom.
911 1556 938 1589 p
951 1551 1029 1575 atr
1039 1543 1053 1574 i
1064 1553 1099 1581 s,
1127 1540 1221 1584 quod
1241 1539 1275 1571 in
1296 1538 1357 1570 alt.
1376 1539 1516 1581 Menag.
1538 1549 1600 1569 re-

63 1595 217 1641 peritum
245 1594 307 1626 sed
329 1593 514 1638 quominus
546 1593 595 1625 ita
623 1599 765 1635 poetam
795 1590 978 1634 scripsisse
1006 1596 1191 1633 putemus,
1226 1586 1398 1630 prohibet
1427 1585 1522 1630 quod
1549 1597 1598 1617 VS.

62 1643 145 1678 577.
170 1641 302 1686 legitur
318 1643 487 1686 patria
501 1652 597 1684 sque
615 1641 806 1683 Mycenas.
856 1641 904 1670 Ac
924 1636 952 1668 si
974 1642 1116 1680 poetam
1135 1647 1154 1667 a
1171 1634 1308 1677 vulgari
1331 1632 1499 1676 opinione
1519 1632 1554 1664 h.
1574 1632 1599 1665 l.

64 1689 254 1723 recessisse
274 1688 370 1720 dicas
386 1713 395 1729 ‚
419 1694 458 1720 ut
481 1687 527 1719 sit
552 1686 746 1726 interdum,
773 1696 843 1717 non
876 1684 975 1717 licuit
1005 1684 1073 1715 hoc
1098 1683 1133 1714 in
1165 1694 1203 1714 re
1233 1680 1386 1713 omnium
1416 1679 1599 1713 notissima

64 1744 102 1770 et
122 1737 157 1769 in
177 1747 282 1769 verae
298 1734 470 1768 historiae
490 1740 591 1779 parte
609 1732 745 1765 habita.
797 1733 925 1765 Nonne
945 1742 1030 1763 vero
1052 1729 1233 1770 insulsum,
1259 1727 1293 1760 in
1315 1727 1598 1760 consalutatione

63 1783 344 1830 propinquorum
365 1782 551 1814 turbam
581 1780 774 1813 Iliacam
803 1777 1098 1811 commemorari?
1147 1779 1193 1809 At
1223 1774 1366 1819 egregia
1398 1775 1534 1815 onmia,
1569 1773 1599 1806 si

63 1843 202 1864 versum
224 1831 305 1865 578.
327 1828 459 1874 excipit
482 1829 584 1863 580:
611 1835 809 1871 „partoque
839 1826 906 1858 ibit
933 1825 1054 1869 regina
1084 1823 1284 1867 triumpho,
1316 1821 1462 1854 Iliadum
1493 1821 1598 1854 turba

65 1885 103 1912 et
122 1877 288 1922 Phrygiis
312 1875 480 1909 comitata
502 1874 708 1907 ministris.“
758 1874 809 1905 En
837 1873 902 1906 tibi
923 1872 991 1905 iam
1019 1873 1215 1917 perfectam
1243 1869 1396 1903 victricis
1429 1869 1529 1914 quasi
1562 1875 1598 1901 et

64 1924 313 1970 triumphantis
334 1923 478 1967 reginae
497 1922 704 1967 imaginem!
754 1921 915 1965 Denique
937 1921 1024 1952 haec
1043 1919 1161 1952 omnia
1180 1924 1343 1962 spectant
1363 1917 1408 1949 ad
1429 1929 1487 1957 ea,
1508 1928 1597 1961 quae

63 1977 212 2018 Spartae
235 1972 429 2004 obventura
453 1977 571 2003 essent
589 1969 765 2008 Helenae3
797 1969 888 2000 unde
908 1968 1025 2007 vides,
1052 1978 1156 2011 quam
1177 1965 1329 1998 absurda
1349 1964 1396 1997 sit
1427 1976 1507 1997 con
1521 1964 1532 1996 i
1546 1976 1594 1996 u—

64 2020 151 2065 gii,
187 2019 210 2052 i.
234 2031 264 2052 e.
298 2017 534 2062 coniugis,
568 2016 725 2056 menti03
760 2028 863 2061 quem
883 2015 943 2047 illa
967 2026 1037 2047 non
1057 2021 1158 2058 post,
1184 2012 1247 2045 sed
1268 2019 1347 2045 ante
1368 2012 1521 2044 reditum
1542 2011 1597 2044 vi-

64 2081 145 2101 sura
165 2074 276 2106 esset3
298 2077 410 2110 neque
430 2077 515 2098 vero
538 2065 630 2097 hunc
649 2063 769 2097 statim
783 2089 791 2103 ‚
827 2075 931 2107 quum
960 2061 1173 2095 redderetur
1186 2087 1194 2101 ,
1228 2059 1318 2092 Ilia
1332 2060 1383 2092 du
1397 2072 1429 2091 m
1457 2059 1563 2091 turb
1576 2071 1595 2091 a

64 2122 109 2148 et
147 2112 372 2158 Phrygiis
414 2112 646 2146 comitata
685 2110 921 2143 ministris
962 2109 1078 2142 visura
1104 2114 1192 2141 erat.
1242 2108 1357 2140 Abeat
1382 2106 1491 2150 igitur
1515 2107 1595 2138 ine-

62 2162 241 2207 ptissimus
260 2159 473 2200 versiculus,
494 2160 586 2193 unde
605 2158 770 2203 irrepsit!
822 2159 935 2197 Quem
964 2156 1021 2189 vix
1040 2168 1186 2195 vereor,
1220 2167 1265 2187 ne
1303 2154 1504 2187 coniectura
1532 2165 1596 2185 nos

64 2210 188 2249 sallat,
215 2208 244 2241 si
270 2208 422 2241 effictum
440 2207 639 2251 putabimus
659 2206 704 2239 ad
723 2204 988 2238 similitudinem
1011 2208 1097 2236 Aen.
1121 2204 1186 2242 XI,
1201 2204 1282 2238 269.
1304 2214 1378 2245 sq.:
1403 2201 1595 2242 „Invidisse

62 2258 167 2299 deos,
193 2255 318 2301 patriis
338 2262 376 2288 ut
392 2255 551 2288 redditus
573 2253 644 2288 oris
666 2252 873 2297 Coniugium
893 2258 1054 2297 optatum
1084 2258 1120 2283 et
1146 2250 1306 2296 pulcram
1335 2249 1516 2294 Calydona
1538 2248 1594 2281 vi—

62 2305 183 2337 derem
195 2304 232 2336 !“
264 2301 359 2346 lVr.)

63 2402 160 2442 528.
221 2401 380 2448 invisa,
412 2398 563 2437 abdita.
624 2397 690 2435 Sic
714 2409 802 2435 me-
860 2409 935 2434 nae
957 2409 1030 2448 per
1050 2395 1177 2434 scelus
1202 2400 1388 2442 exactae,
1421 2392 1594 2431 alienum

62 2458 139 2497 lius
154 2487 164 2505 ,
194 2463 309 2508 puto.

121 2515 204 2558 575
225 2529 310 2566 sqq.
350 2514 567 2564 Sequentia
597 2526 647 2550 ex
678 2513 801 2551 Euri-

60 2574 188 2627 pideis
210 2586 397 2624 expressa
416 2572 458 2609 in
479 2572 620 2610 Oreste
634 2585 671 2609 v.
688 2574 799 2614 1132

61 2646 146 2683 sqq.
208 2633 406 2669 Exarsere
429 2632 545 2681 ignes
562 2631 699 2666 animo
721 2642 797 2680 pro

61 2689 217 2742 vulgari
238 2691 399 2726 (mima-s·
419 2690 480 2725 ira
502 2689 664 2725 exarsit.
724 2701 796 2723 su—

61 2749 118 2786 ὒιι
138 2751 201 2786 ἱνα
221 2744 262 2786 h.
292 2760 323 2785 e.
354 2747 525 2797 impetus
557 2759 607 2782 ex
636 2744 718 2792 ira,
749 2750 798 2781 ut

60 2807 275 2845 ulciscerer
294 2804 496 2842 excidium
513 2803 679 2855 patriae.
710 2817 797 2839 sce-

59 2866 210 2903 leratas
232 2878 414 2915 poenas,
455 2861 591 2914 paullo
620 2860 797 2898 insolen-

59 2925 163 2972 tius,
194 2936 290 2975 pro,
313 2934 463 2974 poenas
487 2934 509 2957 a
529 2919 721 2958 scelerata
738 2918 796 2956 se—

59 2981 167 3020 mina
186 2986 358 3020 sumtas:
390 2993 480 3018 nam
496 3009 505 3029 ,
537 2984 584 3017 ut
602 2977 682 3016 sint
699 2990 795 3030 poe-

860 2469 882 2492 a
910 2455 1000 2492 loco
1027 2461 1098 2492 est.
1161 2451 1320 2505 (Melius
1347 2452 1595 2503 interpreta—

858 2512 967 2550 beris
990 2526 1147 2563 poenas
1168 2512 1340 2548 sceleris.
1382 2509 1513 2549 lVelz.
1542 2531 1591 2537 —-

857 2569 954 2612 577.
986 2571 1182 2620 Spartam
1199 2568 1326 2606 —M
1315 2582 1468 2619 ycenas
1496 2568 1521 2605 i.
1557 2580 1593 2617 q.

857 2628 1090 2680 simpliciter
1148 2641 1174 2678 p
1187 2640 1206 2663 a
1217 2632 1234 2663 t
1244 2640 1264 2663 1·
1276 2626 1288 2663 i
1301 2640 1320 2662 a
1333 2640 1391 2674 ¹1¹3
1462 2637 1593 2675 neque

855 2685 1107 2723 haerendum
1124 2685 1164 2722 in
1183 2684 1260 2722 hac
1286 2683 1593 2735 compositione3

857 2745 907 2782 cs.
929 2744 958 2793 I,
982 2743 1097 2785 654:
1130 2743 1338 2792 „Ornatus
1375 2742 1593 2792 Argivae

857 2802 1052 2849 Helenae,
1106 2814 1206 2851 quos
1254 2800 1320 2838 illa
1357 2799 1593 2851 Mycenis

857 2860 1124 2909 Extulerat3“
1157 2865 1197 2896 at
1221 2858 1385 2911 proprie
1406 2872 1479 2895 nec
1511 2857 1591 2896 Ar—

857 2918 946 2969 giva
980 2918 1047 2955 illa
1087 2924 1193 2967 erat,
1247 2930 1320 2954 nec
1354 2916 1592 2968 Mycenis

858 2976 1019 3015 Troiam
1033 2982 1212 3015 venerat.
1235 2973 1353 3028 lsVr.)
1385 2975 1482 3017 579.
1496 2990 1591 3013 eon-
