1827 3436
353 213 442 262 DE
484 207 794 259 CARMINE
832 205 1044 255 EPICO
1085 204 1335 253 VIRGIL.
1542 208 1601 254 15

81 357 261 393 rerum
314 334 579 386 miraculis
621 331 902 398 gignendis
948 330 1172 387 idonea,
1233 338 1314 377 tot
1358 326 1602 377 fabulose

79 418 282 462 narrata
317 405 520 455 referre
558 412 740 470 posset
783 405 1067 451 Homerus.
1142 400 1382 449 Primum
1419 405 1535 445 tum
1576 415 1602 446 a

82 478 291 532 Graecis
321 474 584 539 navigatio
611 472 746 522 ultra
773 472 1006 520 Siciliam
1042 468 1374 535 frequentari
1409 466 1603 531 coepit,

81 567 202 600 cum
227 547 289 596 ad
317 545 446 595 illud
472 553 686 608 tempus
710 541 1013 592 Phoenices
1036 539 1118 588 illa
1149 539 1313 587 maria
1336 545 1603 595 tenerent,

80 620 176 669 nisi
199 616 346 683 quod
385 632 413 664 e
441 617 596 664 Creta
629 612 848 678 aliisque
887 610 1028 659 sorte
1061 608 1243 657 insulis
1279 623 1479 673 paucae
1512 622 1604 654 na-

80 706 169 739 ves
188 686 419 737 Siciliam
449 683 677 733 adibant.

218 761 442 806 Errores
488 754 570 802 isti
614 758 818 802 heroum
861 753 925 799 ab
965 751 1062 798 Ilio
1099 751 1409 797 redeuntium
1451 746 1605 793 variis

81 833 410 879 Graecorum
453 826 755 873 carminibus
804 825 980 886 epicis,
1027 817 1218 871 Νόστοι
1265 834 1323 866 ea
1357 817 1606 881 inscripta

82 907 246 960 erant,
272 894 550 945 materiam
577 902 630 942 et
649 899 1028 956 argumentum
1052 888 1436 954 praebuerant3
1469 902 1605 952 quae

81 970 120 1017 si
148 967 212 1017 ad
249 976 496 1032 tempora
528 972 710 1013 nostra
741 961 1133 1027 pervenissent,
1171 957 1322 1023 plura
1342 955 1483 1005 forte
1516 972 1607 1004 ve-

81 1039 227 1102 stigia
249 1037 392 1085 iniis
417 1032 984 1100 deprehenderemus,
1027 1027 1220 1094 quibus
1247 1025 1495 1090 Virgilius
1526 1026 1607 1073 in-

82 1110 307 1167 stiterat3
356 1102 804 1172 quandoquidem
841 1101 894 1149 in
932 1098 1088 1149 simili
1128 1105 1446 1161 argumento
1484 1112 1607 1144 cum

83 1180 142 1228 iis
187 1176 506 1226 versabatur.
583 1173 692 1222 Sed
726 1170 950 1221 eaedem
986 1169 1236 1217 historiae
1270 1183 1365 1215 seu
1395 1165 1606 1214 fabulae

85 1249 152 1298 de
186 1247 513 1298 Achivorum
545 1243 724 1293 reditu
756 1256 981 1305 magnae
1017 1242 1406 1304 tragoediarum
1442 1241 1607 1286 Grae-

84 1338 260 1369 carum
288 1316 424 1383 parti
458 1315 739 1363 materiam
768 1311 1128 1370 subiecerant,
1179 1317 1239 1357 ut
1270 1307 1511 1372 inprimis
1547 1323 1607 1355 ex

81 1388 339 1454 Euripide
362 1394 604 1451 apparet,
645 1392 696 1432 et
713 1382 887 1431 multo
910 1380 1076 1444 magis
1102 1395 1161 1427 ex
1187 1387 1267 1426 tot
1299 1376 1607 1442 deperdita-

84 1476 205 1508 rum
241 1456 402 1506 titulis
432 1454 753 1517 intelligitur.
826 1454 902 1500 Ex
929 1453 1256 1499 Graecorum
1295 1456 1474 1496 autem
1508 1455 1608 1494 tra-

85 1527 314 1594 goediis,
352 1525 595 1592 inprimis
617 1521 903 1587 Euripidis,
942 1519 1167 1568 omnino
1194 1526 1410 1583 poetam
1442 1516 1608 1582 pluri-

84 1615 238 1647 mum
262 1595 553 1663 profecisse
576 1610 635 1643 ex
664 1593 834 1659 iisque
861 1589 1116 1639 orationis
1143 1604 1268 1637 suae
1295 1586 1609 1651 dignitatem

84 1668 279 1736 passim
313 1675 366 1716 et
397 1666 755 1725 maiestatem,
812 1660 1198 1709 sententiarum
1235 1673 1455 1723 quoque
1488 1674 1610 1705 acu-

85 1755 238 1799 men,
275 1735 654 1801 granditatem,
694 1730 927 1799 pondUS,
965 1728 1238 1778 interdum
1262 1727 1460 1791 tragico
1482 1743 1611 1792 pro-

86 1809 294 1874 pius*),
346 1804 751 1870 affectuumque
792 1801 1102 1866 gravitatem
1135 1798 1411 1862 tragicam,
1462 1806 1522 1845 ut
1556 1798 1609 1846 in

87 1882 299 1940 Amata,
339 1877 392 1925 in
417 1875 658 1935 Didone,
696 1874 749 1922 in
772 1871 1027 1934 Pallante,
1065 1870 1119 1917 in
1140 1869 1266 1918 Niso
1291 1876 1345 1920 et.
1364 1867 1610 1931 Euryalo,

93 1955 427 2014 comparasse
451 1944 706 2012 equidem
731 1942 985 2008 suspicor.
1057 1943 1249 2003 Magna
1284 1954 1467 1986 earum
1491 1954 1613 2003 pars

91 2035 118 2067 a
159 2015 525 2083 superioribus
565 2014 739 2081 poetis
781 2012 941 2060 latine
985 2010 1089 2059 iam
1125 2017 1237 2058 erat
1274 2007 1482 2056 reddita
1505 2014 1611 2071 *ης

91 2105 226 2154 quae
259 2104 345 2136 res
367 2094 559 2152 poetae
587 2101 700 2134 non
734 2099 925 2149 parum
948 2079 1243 2129 adiumenti
1267 2077 1334 2126 ad
1359 2077 1613 2126 orationis

93 2157 294 2207 cultum
317 2166 368 2205 et
393 2156 603 2222 copiam
630 2152 826 2203 afferre
851 2151 1050 2200 debuit.
1101 2150 1356 2200 Ceterum
1380 2147 1463 2195 his
1485 2147 1611 2196 aliis-

94 2244 199 2294 que
227 2227 453 2276 inventis
490 2224 797 2275 emendavit
827 2222 974 2284 vitia,
1012 2236 1149 2286 quae
1181 2226 1498 2283 argumento
1531 2218 1612 2266 in-

94 2306 242 2345 erant
267 2312 500 2362 eumque
531 2295 678 2344 haud
709 2309 901 2360 parum
933 2289 1268 2357 premebant.
1339 2290 1481 2336 Loca
1509 2290 1612 2337 Ita-

94 2366 207 2430 liae,
248 2366 469 2429 Siciliae,
506 2363 728 2426 Africae,
765 2379 879 2411 non
905 2369 1055 2410 erant
1079 2360 1273 2423 ignota,
1308 2366 1369 2406 ut
1389 2358 1613 2406 Homeri

95 2445 287 2495 aetate3
326 2437 503 2502 itaque
538 2452 638 2483 nec
664 2432 879 2491 fabulis,
920 2447 1054 2497 quae
1084 2428 1349 2478 delectare
1377 2437 1613 2494 possent,

96 2506 311 2566 idonea3
349 2506 448 2555 nisi
492 2506 545 2555 in
583 2507 848 2554 lectorum
879 2500 1067 2551 animis
1103 2506 1439 2548 succurreret
1480 2499 1614 2546 anti-

211 2694 246 2749 *)
278 2695 465 2748 Inprimis
496 2694 574 2732 hoc
603 2694 644 2732 in
670 2692 898 2731 novissimis
932 2688 1120 2728 Aeneidis
1148 2686 1259 2725 libris
1289 2686 1616 2724 animadvertere

97 2752 211 2802 licet,
243 2755 416 2792 maxime
447 2754 487 2790 in
520 2752 787 2798 orationibus,
830 2757 876 2788 ut
897 2748 1061 2787 lunonis
1088 2747 1154 2784 lib.
1176 2745 1262 2793 Vll,
1294 2747 1377 2785 292
1400 2759 1456 2795 sq.
1488 2744 1614 2782 Turni

100 2809 167 2857 IX,
202 2814 281 2852 128
305 2825 361 2862 sq.
390 2811 553 2849 Veneris
574 2816 612 2847 et
633 2809 793 2847 lunonis
819 2809 871 2855 X,
906 2810 956 2848 16
978 2819 1034 2856 sq.
1067 2807 1120 2845 62
1138 2818 1194 2854 sq.
1227 2802 1391 2840 Drancis
1419 2809 1458 2840 et
1487 2802 1614 2840 Turni

101 2865 170 2914 XI,
201 2871 282 2910 336
305 2883 360 2919 sq.
382 2872 463 2910 376
489 2882 545 2918 sq.
580 2868 743 2905 Iunonis
765 2866 815 2903 ad
836 2862 1145 2911 Iuturnalel,
1180 2863 1260 2902 139
1280 2873 1336 2910 sq.

215 2936 268 2989 '‘*)
301 2939 410 2977 Cons.
434 2938 484 2976 ad
507 2938 572 2976 lib.
597 2936 643 2975 11.
672 2937 840 2975 Excurs.
860 2934 888 2973 I.
