1779 3420
108 261 209 307 982

441 256 495 303 Ρ.
533 252 886 304 VIRGILII
935 249 1311 298 MARONJS

109 381 277 430 Huius
298 379 352 429 in
373 378 664 428 adventum
684 376 788 425 iam
813 392 957 425 nunc
982 383 1034 423 et
1059 374 1242 439 Caspia
1266 388 1430 436 regna

111 450 402 516 Responsis
420 449 650 498 horrent
671 446 876 508 divom,
911 454 963 494 et
983 445 1210 494 Maeotia
1234 443 1391 492 tellus

110 525 177 571 Et
201 518 611 587 septemgemini
639 516 858 565 turbant
876 513 1084 580 trepida
1107 515 1235 562 ostia
1258 513 1373 564 Nili.

109 594 222 644 Nec
251 606 379 642 vero
402 588 612 641 Alcides
631 594 840 635 tantum
863 584 1065 634 telluris
1087 583 1277 643 obivit3

204 732 273 768 799
300 732 337 764 in
363 730 562 763 adventum
588 741 629 762 ex
654 729 754 761 Rom.
781 732 817 760 et
841 725 918 759 aliis
944 724 1013 759 iam
1036 724 1171 758 Pierius
1196 722 1407 769 approbavit
1430 721 1570 764 lectori,
1595 728 1631 755 et

112 779 299 813 secundum
326 789 401 809 eum
428 777 547 809 Heius.
582 788 600 808 e
629 774 758 808 Medic.
794 779 830 806 et
854 773 950 814 aliis3

114 829 169 862 10.
197 825 293 867 Wr.)
345 825 454 856 Caius
477 824 514 856 in
540 823 705 857 advenere
732 821 787 854 ed.
813 821 902 853 Ven.

1002 772 1119 816 vulgg.
1154 773 1191 804 ιή
1228 772 1403 803 adventu.
1454 769 1518 812 (ita
1539 770 1572 804 5.
1599 771 1631 804 7.

998 821 1068 855 800
1093 819 1259 852 Maeotia
1291 818 1382 850 bene
1407 817 1526 849 Heius.
1551 823 1634 861 post

111 872 202 906 Pier.
229 884 269 905 ex
295 869 589 915 castigatioribus.
637 868 756 912 Vulgo
783 868 980 901 Maeotica.
1010 866 1119 911 (quod
1146 872 1200 898 est
1224 865 1258 896 in
1285 864 1393 897 Palat.
1421 869 1457 895 et
1481 864 1535 903 9.;
1562 863 1632 895 vid.

113 921 157 954 V.
181 920 222 951 L.
248 918 292 951 ad
318 919 360 960 11,
394 918 451 952 27.
489 918 586 960 er.)

111 977 310 1011 perperam.

112 1013 220 1046 minio
245 1011 494 1057 superscripta.
522 1010 619 1056 Wr.)

113 1143 203 1170 nem
239 1130 318 1168 loci
353 1128 588 1184 exspectes.)
667 1128 842 1167 Similem

113 1189 354 1228 sententiam
371 1189 454 1227 sine
482 1193 631 1227 ornatu
652 1187 842 1225 enuntia·

113 1247 174 1287 vit
192 1254 335 1285 auctor
361 1246 548 1285 carminis
567 1246 611 1284 in
634 1245 844 1284 Messalam

115 1304 172 1358 (in
196 1305 342 1345 TibulL
373 1304 453 1359 ed.)
478 1306 558 1347 148
589 1318 669 1355 sq.:
713 1304 845 1341 Ocea-

113 1378 189 1402 nus·
222 1371 347 1414 ponto
381 1378 462 1416 qua
501 1364 673 1401 continet
700 1361 843 1410 orbem,

117 1422 254 1459 Nulla
292 1421 365 1459 tibi
402 1421 581 1459 adversis
620 1421 731 1472 regio
763 1433 846 1456 sese

115 1479 253 1533 offeret
285 1481 423 1517 armis.
494 1481 548 1516 Te
578 1486 714 1516 manet
739 1478 847 1515 invi-

115 1545 200 1575 ctas
218 1535 414 1577 Romano
434 1539 573 1576 Marte
591 1538 844 1582 Britannus,-

123 1597 256 1647 Teque
279 1597 477 1634 interiecto
497 1595 642 1633 mandi
652 1608 757 1645 pars
777 1594 846 1631 al·-

116 1661 199 1691 tera
218 1653 313 1693 sole.

174 1713 415 1754 799—801.
462 1709 680 1762 Splendide
704 1714 744 1746 et
768 1707 848 1746 hoc

117 1768 368 1816 enuntiavit,
409 1768 520 1817 quod
550 1769 689 1805 futura
706 1766 846 1817 Augu-

118 1826 170 1864 sti
195 1825 428 1876 magnitudo
470 1825 608 1862 multis
652 1824 772 1875 signis
801 1837 847 1861 ac

118 1883 330 1937 praesagiis
365 1883 442 1920 suit
477 1888 654 1932 ostensa3
713 1881 848 1932 quod-

120 1955 197 1993 que
216 1941 256 1978 in
284 1940 559 1979 remotissimis
581 1952 740 1990 quoque
762 1944 850 1977 ter-

118 1999 173 2037 ris
201 1998 396 2037 eiusmodi
423 1998 532 2050 signa
571 1997 850 2036 animadversa

119 2059 306 2107 suerunt3
348 2056 539 2094 nimirum
571 2055 710 2108 populi
746 2055 850 2093 circa

121 2128 228 2153 mare
249 2115 456 2166 Caspium,
486 2114 668 2166 inprimis
687 2113 849 2165 Hyrca—

120 2173 160 2211 ni
187 2179 227 2211 et
253 2172 455 2211 Bactriani
489 2172 563 2210 sub
590 2171 751 2210 Parthis
781 2171 854 2209 de-

120 2237 256 2282 gentes
275 2261 285 2280 ,
342 2229 516 2282 Scythae
557 2230 610 2268 ad
663 2229 853 2282 paludem

121 2289 361 2328 Maeotidem
383 2295 423 2327 et
439 2287 641 2340 Aegyptii,
673 2287 848 2336 turbant,

121 2347 324 2399 trepidant
337 2361 348 2397 ;
397 2360 490 2385 nam
523 2352 564 2383 et
589 2345 666 2397 ipsi
709 2345 850 2384 turbas

123 2405 299 2453 faciunt,
342 2406 409 2455 qui
443 2404 760 2455 perturbantur,
803 2410 849 2442 ut

124 2475 237 2514 saepe
268 2462 374 2500 alibi.
431 2461 622 2500 Fundum
650 2463 707 2500 rei
738 2461 854 2500 vide-

124 2520 184 2557 bis
203 2520 310 2571 apud
332 2522 496 2558 Sueton.
519 2520 663 2558 Octav.
685 2519 753 2567 94,
784 2519 855 2557 ubi

127 2590 174 2614 cx
194 2577 293 2615 Iulio
322 2591 481 2628 quoque
502 2577 688 2615 Maratho
720 2577 854 2615 sabula

126 2635 292 2672 affertur
315 2634 363 2671 de
381 2635 563 2686 prodigio
586 2642 678 2673 ante
691 2649 852 2686 pauCOS,

127 2706 247 2744 quam
259 2691 460 2743 Augustus
475 2699 718 2741 nasceretur,
738 2706 854 2730 men-

128 2763 186 2788 ses
211 2751 361 2788 Romae
378 2751 480 2787 sacto
492 2780 502 2799 ,
535 2764 611 2801 qno
633 2751 851 2787 denuncia-

128 2809 266 2857 batur,
313 2822 446 2858 regem
479 2808 631 2858 populi
674 2808 855 2844 Romani

132 2868 341 2904 Naturam
386 2867 602 2917 parturire.
692 2864 853 2902 Scilicet

129 2924 357 2961 stultissima
382 2922 663 2976 superstitione
691 2922 853 2959 labora-

132 2982 198 3018 bat
219 2981 433 3033 Augustus.
473 2995 510 3019 v.
533 2982 696 3019 Sueton.
730 2993 760 3017 c.
783 2982 849 3021 92.

682 917 748 951 801
783 915 924 947 tumida
956 914 1120 958 legerunt
1157 911 1315 945 nonnulli
1350 911 1441 955 apud
1468 910 1632 943 Cerdam:

406 965 474 999 802
499 963 620 998 obibat
655 963 725 996 duo
751 961 872 996 Heius.
923 960 1032 996 obibit
1057 962 1156 994 Rom.
1187 956 1329 1003 *letiam
1355 957 1496 1000 Medic.,
1522 957 1584 990 sed
1612 970 1633 989 v

899 1126 976 1164 Ubi
996 1132 1126 1164 autem
1154 1131 1269 1174 sunt,
1301 1125 1368 1176 qui
1400 1124 1470 1162 tali
1490 1137 1633 1176 super-

901 1185 1063 1223 stitione
1104 1184 1328 1233 ducantur,
1374 1182 1426 1221 ibi
1459 1195 1531 1220 nec
1562 1182 1634 1220 de-

902 1249 1017 1292 sunt,
1067 1243 1137 1294 qui
1165 1241 1349 1280 fraudem
1391 1240 1544 1279 levitati
1573 1241 1634 1278 sa-

901 1302 1032 1350 ciant,
1082 1308 1123 1338 et
1156 1300 1277 1338 modo
1306 1299 1426 1338 rebus
1455 1313 1528 1337 suo
1558 1298 1634 1335 iam

903 1365 1050 1398 eventu
1069 1358 1308 1407 manifestis,
1340 1357 1461 1395 modo
1493 1357 1635 1394 animis

905 1418 946 1456 in
977 1418 1131 1455 incerto
1160 1416 1476 1464 fluctuantibus,
1518 1428 1635 1466 prae-

906 1476 1101 1514 dictiones
1163 1474 1313 1526 egregie
1360 1474 1545 1511 inventas
1594 1473 1635 1510 in

905 1534 1082 1572 medium
1101 1534 1322 1585 proferant.
1382 1531 1506 1579 Quod
1527 1545 1636 1569 nun-

905 1606 1025 1643 quam
1043 1591 1292 1642 lrequentius
1323 1603 1440 1640 quam
1471 1603 1492 1627 a
1524 1589 1637 1627 bellis

904 1650 999 1688 inde
1018 1650 1199 1688 civilibus
1230 1650 1393 1687 factum.
1425 1662 1464 1686 v.
1484 1661 1635 1699 argum.

903 1709 986 1747 Ecl.
1015 1709 1080 1747 IV.
1121 1707 1376 1745 Adulationis
1407 1719 1530 1757 genus
1559 1706 1636 1742 isto

905 1773 1087 1818 tempore
1132 1780 1217 1803 non
1270 1765 1486 1802 obscurum
1536 1769 1635 1812 erat,

906 1824 1119 1862 venditare
1153 1822 1462 1874 imperatoribus
1492 1821 1636 1860 vatici-

907 1881 973 1919 nia
1009 1895 1054 1918 ac
1084 1880 1308 1932 praesagia,
1359 1879 1502 1931 quibus
1543 1879 1638 1930 ipsis

908 1940 987 1977 iam
1015 1938 1110 1977 olim
1139 1938 1353 1990 imperium
1388 1943 1456 1975 aut
1475 1936 1637 1988 insignis

909 1997 1042 2048 aliqua
1084 1996 1250 2034 felicitas
1287 1995 1424 2033 fuisset
1467 2001 1636 2033 ostensa.

908 2055 994 2107 Ipse
1013 2053 1206 2106 Iosephus
1236 2053 1463 2105 Vespasiani
1487 2053 1637 2092 volun-

908 2119 1032 2151 tatem
1074 2113 1146 2150 tali
1177 2117 1402 2150 commento
1440 2112 1637 2162 captabat.

914 2171 955 2209 Si
976 2170 1084 2222 quod
1113 2170 1223 2208 aliud
1254 2170 1428 2207 melioris
1455 2168 1637 2221 philoso-

910 2228 1029 2281 phiae
1063 2229 1216 2267 bonum
1250 2234 1389 2266 nostra
1426 2233 1534 2265 aetas
1574 2227 1638 2265 vi-

911 2287 998 2336 det,
1029 2286 1109 2325 hoc
1125 2286 1309 2338 inprimis
1333 2284 1637 2323 memorandum

909 2358 991 2383 esse
1025 2345 1224 2394 arbitror,
1273 2343 1383 2394 quod
1421 2343 1637 2381 divinatio-

908 2417 1006 2441 num
1030 2403 1211 2442 vanitate
1238 2402 1396 2440 liberati
1431 2407 1527 2439 sunt
1557 2400 1637 2439 ho-

912 2461 1064 2499 minum
1089 2460 1221 2498 animi.

967 2521 1224 2560 802—806.
1264 2516 1441 2555 Tandem
1470 2515 1636 2567 expedi-

911 2577 1040 2614 tiones
1079 2582 1117 2613 et
1148 2576 1292 2613 itinera
1322 2574 1490 2625 Augusti
1524 2587 1637 2610 com-

911 2640 1119 2672 memorat.
1171 2647 1210 2672 v.
1242 2647 1328 2683 sup.
1372 2631 1422 2668 ad
1462 2644 1500 2669 v.
1540 2633 1636 2678 792,

912 2690 1211 2744 comparatione
1256 2691 1362 2726 sacta
1399 2702 1489 2726 cuin
1528 2701 1637 2739 vago

916 2749 1041 2802 (apud
1077 2749 1220 2785 Horat.
1251 2747 1303 2784 III
1335 2746 1411 2783 Od.
1437 2749 1485 2794 3,
1529 2748 1566 2787 9.
1599 2753 1638 2783 et

916 2806 980 2853 14,
1007 2804 1086 2858 pr.)
1118 2805 1290 2842 Hercule
1313 2810 1351 2842 et
1378 2803 1546 2841 Baccho.
1592 2803 1637 2840 In

911 2862 1126 2901 Herculem
1171 2863 1305 2914 paullo
1346 2862 1519 2911 iniquior
1557 2872 1639 2897 esse

910 2920 1073 2959 videtur
1093 2927 1230 2972 poeta,
1262 2920 1370 2971 quod
1395 2933 1447 2957 ex
1470 2919 1552 2956 eius
1573 2931 1639 2956 er-

910 2978 1068 3017 roribus
1100 2985 1261 3016 tantum
1291 2977 1427 3016 laudat
1452 2990 1539 3023 eos,
1571 2975 1639 3025 qui
