1779 3420
132 240 232 289 884

447 235 502 282 Ρ.
539 230 886 284 VIRGILII
922 227 1295 278 MARONIS

131 361 400 428 Principio
426 359 685 426 pinguem
712 356 880 407 taedis
912 365 963 405 et
983 355 1184 404 robore
1214 362 1359 403 secto

132 436 416 497 Ingentem
437 438 672 479 struxere
692 445 900 494 pyram:
933 426 1015 474 cui
1036 423 1323 474 frondibus
1351 423 1472 472 atris

1554 424 1657 475 215

133 506 388 554 Intexunt
411 500 571 549 latera
587 539 599 562 ,
639 507 691 547 et
712 497 889 546 feralis
914 504 1034 543 ante
1061 510 1339 561 cupressos

136 573 506 633 Constituunt,
540 569 907 633 decorantque
944 582 1106 630 super
1130 563 1458 627 fulgentibus
1483 562 1655 611 armis.

134 647 260 694 Pars
283 641 480 691 calidos
506 639 684 688 latices
711 647 764 686 et
785 653 915 685 aena
939 634 1196 683 undantia
1217 632 1448 682 flammis

133 711 460 780 Expediunt,
499 723 803 774 corpusque
834 705 1009 754 lavant
1037 703 1279 768 frigentis
1316 712 1367 751 et
1397 711 1657 768 unguunt.

134 784 218 833 Fit
253 782 495 847 gemitus,

591 781 733 827 Tum
787 775 1036 825 membra
1087 784 1209 822 toro
1253 771 1448 823 defleta
1496 789 1659 838 repo-

926 854 1079 908 nunt,
1558 849 1660 895 220

136 927 549 988 Purpureasque
569 932 733 983 super
754 915 938 978 vestis,
979 915 1244 964 velamina
1272 922 1414 975 nota,

138 991 473 1051 Coniiciunt3
511 1004 632 1054 pars
654 985 857 1050 ingenti
881 985 1091 1035 subiere
1112 983 1334 1048 feretro,

230 1143 299 1179 214
326 1156 355 1176 r.
378 1143 473 1175 sicco
496 1153 549 1185 pr.
583 1139 709 1172 Hamb.
750 1150 792 1171 ex
819 1137 952 1183 glossa.
1002 1137 1195 1180 Distinguit
1220 1136 1456 1170 Wakefield.:
1487 1137 1662 1183 pinguem

137 1192 280 1232 taedis,
314 1198 350 1223 et
375 1188 505 1222 robore
529 1195 627 1221 secto
663 1188 875 1232 Ingentem,
909 1193 975 1218 ειν.

1079 1185 1150 1219 215
1176 1191 1251 1216 tum

1273 1182 1307 1229 s.
1337 1197 1369 1217 a.
1403 1183 1538 1228 aliquot
1572 1183 1662 1216 Pier.

135 1240 206 1274 216
232 1248 432 1284 cupressus
458 1234 578 1268 Sehol.
614 1234 741 1278 Cruqu.
774 1234 895 1265 Horat.
927 1232 1020 1276 apud
1050 1231 1171 1264 Heins.
1205 1231 1249 1264 cf.
1278 1232 1334 1271 ΙΙΙ,
1361 1232 1417 1266 64.
1456 1233 1664 1277 (cypressos

136 1287 236 1319 Rom.
265 1284 361 1327 lVr.)

459 1284 530 1317 220
554 1294 634 1314 cum
657 1294 701 1313 m.
731 1280 820 1313 alter
838 1280 963 1312 Hamb.
994 1291 1068 1312 cum
1092 1278 1228 1322 aliquot
1248 1277 1339 1311 Pier.

137 1341 284 1378 stesqtce
304 1343 415 1376 saper
439 1330 531 1362 alter
555 1329 678 1362 Hamb.
706 1328 844 1371 (vestes
874 1326 1000 1359 Medic.
1040 1326 1138 1368 IVr.)

1444 1280 1510 1313 221
1533 1279 1574 1310 P.
1598 1290 1663 1310 ve-

1240 1326 1309 1359 222
1335 1326 1505 1370 ingentes
1530 1324 1620 1358 Gud.
1645 1337 1663 1357 a

137 1393 183 1414 m.
205 1392 271 1424 pr.‚
296 1378 381 1412 vitio
405 1376 541 1410 calami.
590 1379 635 1409 At
657 1375 847 1408 Burmann.
868 1374 962 1406 forte
983 1374 1166 1419 lugentes.
1215 1373 1325 1404 Porro
1342 1373 1489 1418 periere
1509 1372 1663 1418 Jilzereto

138 1427 228 1460 alter
243 1425 368 1459 Hamb.
416 1423 512 1456 Dixit
533 1430 649 1456 autem
670 1422 777 1455 docte
804 1434 832 1454 s.
847 1420 995 1466 feretro
1021 1431 1086 1465 pro
1106 1418 1309 1465 feretrum,
1344 1425 1382 1451 ut
1409 1431 1513 1462 supra
1541 1417 1663 1451 subire

137 1475 273 1513 muris,
301 1479 336 1504 et
355 1472 461 1504 triste
485 1471 727 1504 ministerium
750 1468 972 1501 interiectum
1002 1479 1066 1512 pro
1097 1466 1361 1499 exclamatione.
1397 1466 1493 1509 (Non
1523 1472 1576 1498 est
1606 1464 1664 1497 hic

137 1522 236 1555 locus
256 1518 520 1556 exclamationi3
546 1518 608 1549 sed
631 1516 796 1561 apposita
818 1516 906 1549 haec
927 1522 1005 1547 sunt
1028 1513 1199 1547 locutioni
1218 1512 1367 1559 feretro
1388 1512 1532 1555 subire,
1569 1512 1664 1557 quod

139 1568 274 1603 scilicet
296 1573 350 1599 est
369 1565 470 1598 triste
486 1564 726 1597 ministerium.
758 1563 855 1607 lVr.)

138 1686 236 1725 tiam
255 1699 327 1724 nec
356 1684 544 1723 sentienti
572 1697 646 1722 nec
670 1682 873 1721 referenti.
924 1688 1091 1732 propter
1105 1693 1275 1730 grauem
1299 1681 1476 1717 ustrinae
1490 1678 1660 1716 odorem.

142 1743 241 1798 (vid.
262 1745 379 1795 llgen.
405 1743 457 1780 ad
471 1743 566 1794 Cop.
588 1756 646 1780 vs.
661 1741 727 1782 35.
752 1739 871 1792 VVr.)

140 1803 213 1842 Est
243 1798 497 1853 ἅναίσθητον
520 1802 656 1852 σῶμα·
688 1804 736 1836 ut
753 1796 871 1850 κωφὴ

140 1864 236 1914 γαῖα
269 1859 381 1898 Iliad.
413 1874 465 1908 ω,
509 1859 577 1900 54.
638 1856 734 1897 215.
767 1856 875 1894 conf.

141 1918 253 1957 Iliad.
283 1927 340 1968 ψ,
384 1915 465 1957 164
497 1928 604 1965 seqq.
653 1914 876 1965 frondibus

141 1978 240 2014 atris
263 1978 454 2014 intexunt
474 1974 603 2011 latera
625 1979 780 2019 ornate,
812 1973 875 2009 fa-

142 2035 256 2073 ciunt
284 2033 411 2070 latera
451 2044 501 2068 ex
529 2031 651 2068 ramis
685 2036 725 2068 et
760 2030 877 2081 lignis

143 2092 336 2131 arborum
355 2090 636 2141 nigricantium
651 2104 661 2139 3
682 2095 730 2126 ut
748 2087 877 2126 tristis

143 2151 357 2202 adspectus
387 2154 509 2197 esset3
548 2156 584 2185 et
599 2148 758 2198 ferales
786 2154 878 2184 ante

142 2222 347 2259 cupressos
395 2207 661 2244 Constc'tmmt.
726 2205 880 2243 Volunt

145 2267 307 2305 arbores
325 2271 417 2303 ante
445 2278 587 2315 rogum
605 2263 752 2315 positas
777 2263 880 2301 fuis-

145 2338 198 2374 se,
217 2330 257 2361 et
272 2323 322 2361 ad
346 2324 623 2360 Romanorum
646 2334 798 2360 morem
819 2321 879 2358 al-

145 2382 250 2430 ludi,
284 2395 363 2432 quo
386 2380 564 2432 cupressi
598 2387 690 2418 ante
713 2380 880 2417 domuin

145 2440 344 2477 funestam
385 2438 683 2476 statuebantur.
736 2438 880 2485 Quan-

146 2503 233 2535 tum
276 2496 461 2547 equidem
496 2496 638 2545 video,
678 2502 794 2548 parte
819 2495 880 2532 sui

147 2561 188 2592 et
215 2554 314 2592 facie
337 2553 538 2592 exteriore
557 2568 676 2605 rogus
700 2559 881 2591 structus

149 2618 236 2650 erat
267 2612 423 2649 truncis
455 2611 694 2663 cupressinis
725 2611 880 2662 promi-

148 2669 340 2708 uentibus
366 2670 407 2706 in
426 2675 685 2720 tropaeorum
706 2669 769 2707 vel
798 2670 880 2705 fer—

151 2728 335 2766 culorum
367 2740 539 2771 morcm,
581 2727 726 2776 quibus
758 2726 879 2763 affixa

150 2791 282 2824 essent
311 2798 433 2822 arma.
506 2784 639 2821 Habet
668 2784 784 2820 etiam
829 2783 883 2819 sic

151 2843 344 2882 Varronis
384 2842 492 2893 apud
529 2842 714 2879 Servium
756 2841 883 2877 inler-

151 2901 325 2953 pretatio
346 2900 499 2938 locum:
539 2901 670 2938 Varro
689 2898 787 2935 clici!
800 2911 881 2948 py-

153 2974 219 2996 ras
259 2960 347 2996 ideo
393 2972 578 3008 cupresso
620 2957 878 3002 elmumlari,

933 1738 1181 1776 Imitationes
1204 1737 1279 1774 loci
1295 1744 1493 1775 notarunt
1509 1750 1557 1775 ex
1572 1738 1664 1774 Sta-

933 1797 991 1834 tio
1010 1796 1062 1834 IV
1081 1795 1205 1836 Theb.
1228 1795 1322 1835 449.
1348 1795 1444 1837 460.

992 1855 1088 1895 218.
1117 1853 1219 1891 cons.
1250 1852 1361 1890 Iliad.
1397 1865 1430 1901 6,
1468 1851 1550 1894 349
1582 1866 1666 1903 sqq.

936 1911 1081 1963 Odyss.
1116 1927 1162 1959 ω,
1195 1909 1248 1952 44
1280 1924 1336 1960 sq.
1370 1911 1476 1947 ae'na
1503 1911 1667 1948 undan-

935 1972 1018 2017 tia,
1074 1983 1216 2020 aquam
1258 1968 1579 2006 effervescentem
1624 1969 1666 2005 in

937 2027 1086 2065 ahenis.
1153 2027 1371 2077 expediunt
1412 2027 1459 2064 cf.
1500 2026 1536 2075 I,
1573 2029 1666 2067 177.

936 2085 1000 2123 Ad
1022 2099 1060 2124 v.
1090 2088 1174 2127 219
1209 2084 1371 2123 Servius
1400 2083 1541 2122 laudat
1572 2096 1668 2123 ver-

936 2157 1028 2182 sum
1057 2143 1310 2181 Ennianum:
1347 2144 1563 2194 Tarquinii
1577 2157 1666 2180 cor-

935 2217 1016 2254 pus
1043 2201 1147 2239 bona
1166 2201 1334 2252 fimina
1376 2201 1479 2238 lavit
1519 2208 1555 2237 et
1590 2215 1668 2237 un-

938 2262 1011 2298 xit.
1048 2259 1121 2312 (De
1140 2258 1218 2297 hoc
1233 2258 1409 2310 ungendi
1434 2271 1546 2296 more
1572 2257 1667 2305 vid„

939 2331 1040 2369 quos
1070 2317 1209 2355 laudat
1237 2316 1360 2358 Baeh.
1394 2316 1447 2354 ad
1468 2315 1612 2354 Tibull.
1641 2315 1667 2361 I,

939 2379 977 2426 3,
1009 2379 1048 2418 7.
1084 2374 1203 2428 Ilsr.)

997 2436 1081 2474 220
1094 2433 1255 2475 -225
1288 2432 1443 2484 Corpus
1470 2430 1670 2469 collocant

939 2492 981 2530 in
1020 2492 1147 2541 lecto,
1189 2496 1300 2528 veste
1342 2495 1506 2541 tegunt,
1548 2501 1669 2540 repo-

939 2550 1062 2587 situm
1085 2550 1128 2586 in
1156 2549 1304 2587 feretro
1330 2549 1381 2586 ad
1409 2560 1549 2598 rogum
1571 2560 1670 2598 por-

939 2605 1174 2660 tant(222),
1198 2607 1310 2657 eique
1330 2606 1560 2657 impositum
1581 2616 1670 2642 cre-

939 2672 1072 2703 mant:
1105 2665 1151 2702 cs.
1175 2664 1284 2702 iliad.
1301 2680 1344 2711 ω,
1367 2663 1450 2705 785
1473 2676 1556 2712 sqq.
1585 2663 1670 2701 Ve-

941 2724 1100 2760 lamina
1133 2730 1251 2770 nola,
1296 2734 1345 2758 ex
1375 2720 1566 2770 loquendi
1595 2733 1671 2757 usu

943 2779 1008 2832 (cs.
1042 2780 1110 2817 ins.
1140 2779 1210 2828 XI,
1261 2779 1352 2820 195.
1391 2777 1512 2831 196),
1556 2777 1671 2815 aliter

941 2838 1011 2876 vix
1038 2837 1219 2887 accipias,
1251 2850 1384 2887 quam,
1416 2836 1560 2886 quibus
1576 2837 1671 2886 ipse,

943 2896 1039 2933 duni
1074 2896 1252 2943 viveret,
1296 2908 1390 2932 usus
1431 2900 1529 2931 erat.
1590 2892 1672 2930 Etsi

942 2953 991 2990 ad
1024 2967 1190 2991 suorum
1230 2951 1485 3004 popularium
1522 2963 1673 2988 morem
