1811 3388
368 221 794 280 AENEIDOS
835 221 976 270 LIB.
1022 219 1114 281 111,
1157 219 1447 268 127—135
1576 222 1677 268 463

143 360 210 408 Et
239 356 459 407 tandem
488 350 716 416 antiquis
740 350 1002 399 Curetum
1021 343 1326 394 adlabimur
1349 341 1468 394 oriS.

143 432 285 493 Ergo
314 423 496 474 avidus
524 437 712 471 muros
742 427 954 485 optatae
978 414 1179 464 molior
1197 413 1362 475 urbis,

145 502 605 560 Pergameamque
626 506 762 539 voco
778 529 790 552 ‚
816 496 868 538 et
890 487 1085 536 laetam
1107 484 1435 548 cognomine
1459 490 1678 546 gentem

144 571 347 617 Hortor
369 579 547 613 amare
568 560 748 623 focos,
789 573 1079 623 arcemque
1105 554 1365 604 adtollere
1388 552 1555 603 tectis.

144 641 367 703 Iamque
393 633 510 683 fere
535 633 675 681 sicco
702 628 998 679 subductae
1029 626 1187 675 litore
1210 639 1447 692 puppes;
1580 623 1679 673 135

244 766 309 800 131
338 767 403 798 Set
425 763 573 796 tandem
596 760 724 794 Medic.
776 757 956 793 allabitur
975 756 1069 789 idem
1091 768 1110 788 a
1130 768 1174 788 m.
1195 766 1248 800 pr.
1272 760 1307 786 et
1334 754 1504 786 Venetus.
1552 749 1679 785 illabi-

146 822 209 847 tur
244 812 396 852 Zulich.‚
431 811 494 843 sed
523 815 732 842 correctum.
782 805 940 840 labimur
967 817 1034 837 sec.
1061 803 1186 835 Hamb.
1284 801 1352 835 132
1378 808 1511 846 aptare
1542 797 1679 831 librarii

147 860 249 905 lapsu
271 871 315 892 ex
340 866 465 905 optate
480 856 606 898 Wall„
631 855 723 888 unde
745 856 858 886 ssurm.
879 858 1066 885 notaverat
1086 850 1197 884 virum
1220 849 1361 881 doctum
1376 874 1384 888 ,
1412 847 1470 892 qui
1490 846 1572 879 hinc
1589 845 1680 879 mal-

147 907 218 940 let:
245 915 379 953 aptare
401 905 551 938 emolior
573 902 684 936 urbis.
736 903 820 934 Eum
854 900 1092 933 coniectorem
1112 910 1149 929 se
1170 896 1278 929 fuisse
1292 922 1300 937 ,
1332 896 1447 927 Burm.
1468 898 1544 927 Sec.
1566 893 1679 939 profi-

147 961 245 987 tetur
277 954 322 986 ad
354 952 499 985 Anthol.
531 951 610 984 Lat.
640 951 740 982 Poet.
770 962 803 994 p.
833 947 913 983 467.
963 945 1074 979 Simili
1106 945 1207 988 lapsu
1241 955 1316 987 sup.
1352 944 1418 977 109
1440 943 1586 988 aptavit
1613 952 1678 986 pro

150 1002 295 1049 optavit
323 1000 441 1033 locum
463 1012 590 1044 regno.
690 997 756 1032 133
784 998 1085 1041 l’ergameonque
1109 992 1163 1024 ed.
1195 993 1285 1023 ven.
1312 991 1559 1034 (I’ergamiarn
1587 987 1680 1021 scri-

147 1049 299 1082 bendum
325 1059 435 1091 eaque
455 1047 568 1079 forma
591 1044 721 1089 ubique
745 1041 952 1088 reponenda
973 1041 1132 1080 videtur,
1159 1038 1241 1070 licet
1262 1043 1468 1070 constanter
1486 1036 1679 1068 adversan-

148 1096 240 1129 tibus
262 1094 364 1127 libris
388 1106 489 1133 mss.;
518 1092 585 1125 nisi
608 1091 702 1136 quod
722 1091 955 1136 Pergamiam
976 1088 1067 1120 infra
1088 1099 1137 1119 vs.
1156 1087 1251 1124 336„
1275 1085 1354 1117 loeo
1376 1090 1493 1116 tamen
1512 1083 1601 1116 male
1621 1083 1679 1115 af-

149 1144 245 1176 fecto
261 1168 269 1184 ,
295 1141 331 1174 in
348 1141 478 1174 Medic.
499 1146 624 1173 exstat.
662 1138 731 1170 vid.
753 1139 795 1171 V.
819 1138 859 1169 L.
883 1136 926 1169 ad
948 1140 1033 1168 Aen.
1055 1136 1080 1173 I,
1105 1135 1185 1169 201.
1222 1132 1361 1165 Pindar.
1382 1131 1503 1163 Isthm.
1533 1131 1593 1170 VI,
1620 1128 1678 1165 45.

150 1210 193 1215 ——
212 1191 256 1228 V,
283 1190 405 1223 99—.·
436 1185 524 1222 Εἶλε
549 1184 588 1221 ὁὶ·
612 1184 844 1229 Πέργαμίαν.
893 1186 1107 1226 Quamquam
1138 1180 1399 1212 concedendum
1429 1178 1496 1210 erit
1528 1178 1678 1210 sortasse

148 1236 283 1282 aliquid
302 1237 537 1269 Romanorum
558 1231 815 1273 consuetudini,
842 1243 943 1275 quum
969 1230 1086 1268 etiam,
1112 1235 1150 1260 ut
1169 1227 1236 1259 hoc
1262 1227 1418 1265 all'erain,
1446 1227 1678 1269 Gorgoneas,

151 1284 248 1329 quod
268 1284 440 1316 Graecum
463 1289 515 1314 est
538 1278 757 1324 Γοργόνιος,
787 1278 915 1322 ubique
943 1276 1127 1320 scripsisse
1149 1274 1340 1306 videantur.
1372 1272 1467 1313 IVr.)
1515 1280 1551 1304 et
1572 1283 1677 1304 revo-

150 1331 242 1365 cavit
273 1330 405 1370 Heius„
433 1329 596 1363 omissum
617 1328 651 1359 in
676 1327 765 1359 aliis.
792 1326 901 1370 (utin
924 1324 1003 1357 Alb.
1035 1322 1129 1365 lfi'r.)
1180 1321 1380 1353 Distinxere
1412 1320 1496 1352 olim
1526 1318 1601 1351 alii:
1635 1321 1676 1352 P.

150 1392 241 1412 voco
265 1378 400 1410 laetam
423 1390 451 1410 c.
470 1384 628 1422 gentem.
654 1376 700 1407 Π.
801 1373 867 1408 135
894 1385 921 1404 S-
952 1372 977 1404 l.
998 1371 1135 1403 classes
1156 1369 1279 1401 Hamb.
1304 1381 1355 1412 pr.
1390 1366 1599 1411 (Admodum
1622 1378 1677 1399 me

151 1425 298 1459 offendit
327 1437 392 1457 vox
406 1423 508 1470 sere3
534 1423 694 1466 suspicor
717 1421 750 1453 in
773 1418 967 1464 vocc.sere
989 1420 1081 1450 ssa-0
1102 1417 1210 1449 latere
1240 1415 1309 1447 loci
1336 1415 1515 1447 cuiusdam
1540 1413 1676 1457 signiti-

151 1473 350 1511 cationem3
386 1479 440 1511 et,
475 1471 504 1503 si
530 1469 616 1502 licet
644 1467 833 1507 hariolari,
871 1465 1013 1510 scripsit
1039 1466 1191 1496 sortasse
1210 1462 1396 1505 Virgilius:
1434 1464 1512 1494 Iam
1540 1464 1678 1494 Bere-

150 1533 203 1565 cy
218 1533 240 1552 n
254 1520 300 1552 tlz
313 1532 362 1552 eu
388 1517 492 1551 subd.
514 1518 538 1550 l.
558 1530 593 1562 p.
643 1517 687 1547 Et
709 1513 965 1558 Berecynthum
986 1518 1139 1543 montem
1158 1511 1280 1542 Cretae
1299 1509 1405 1541 fuisse
1424 1509 1458 1541 in
1477 1513 1678 1552 Apteraeo-

154 1580 228 1599 rum
255 1566 382 1600 finibus
406 1566 509 1597 docet
528 1564 675 1595 Diodor.
696 1565 740 1604 V,
770 1562 826 1596 64.
878 1562 951 1592 Nec
974 1558 1119 1591 multum
1152 1558 1282 1590 distare
1313 1558 1519 1600 Pergamum
1541 1568 1566 1588 s.
1590 1557 1677 1587 Per-

151 1626 309 1659 gameam
330 1626 349 1646 a
366 1611 540 1656 Cydonia,
568 1622 657 1655 quae
681 1618 732 1642 est
754 1609 789 1641 in
814 1608 955 1645 eadem,
983 1618 1049 1649 qua
1082 1608 1229 1650 Aptera,
1256 1603 1390 1635 insulae
1418 1611 1541 1648 parte,
1568 1602 1678 1635 disci-

150 1673 226 1694 mus
252 1673 270 1693 e
299 1659 420 1694 Servio
442 1659 485 1691 ad
506 1671 554 1691 vs,
578 1658 656 1692 133.
705 1658 867 1689 Ceterum
888 1654 922 1685 in
941 1654 1033 1691 loco,
1061 1660 1097 1683 ut
1117 1652 1264 1690 videtur,
1290 1650 1381 1682 male
1399 1650 1526 1683 affecto
1548 1662 1590 1682 ne
1612 1650 1679 1682 hoc

152 1708 290 1753 quidem
311 1705 578 1752 praeterierim,
614 1704 708 1749 quod
729 1704 764 1736 in
785 1701 945 1735 Mediceo
969 1706 1082 1732 exstat
1101 1701 1195 1732 sicco
1220 1711 1239 1732 e
1260 1697 1377 1740 subd„
1404 1698 1600 1730 transfossa
1621 1705 1679 1730 ta-

150 1768 231 1789 men
249 1768 278 1789 e.
303 1754 399 1797 lVr.)

949 1842 1259 1894 adnavigamus,
1292 1841 1538 1889 accedimus,
1569 1842 1678 1878 auli-

949 1904 1039 1953 quis
1059 1904 1160 1948 oris,
1206 1907 1251 1939 ut
1280 1900 1408 1938 solent
1434 1906 1597 1951 poetae,
1631 1899 1680 1937 de

152 1857 283 1891 ctores
321 1856 360 1888 et
391 1849 633 1901 interpretes
668 1860 888 1893 sacrorum,

152 1923 254 1962 quae
285 1908 451 1959 antiquo
482 1920 594 1945 more
632 1920 723 1944 eum
764 1904 889 1942 salta—

152 1969 263 2008 tione
284 1962 615 2013 celebrabantur3
641 1971 682 2002 et
704 1969 890 2001 narratas

155 2027 205 2065 (le
224 2027 270 2064 iis
293 2025 446 2063 fabulas
469 2024 572 2061 eirca
591 2023 697 2060 Iovis
720 2021 890 2060 natales:

155 2085 285 2122 dictos
315 2082 475 2121 eosdem
510 2081 700 2132 Dactylos
738 2079 890 2118 Idaeos.

155 2143 407 2181 Traductum
440 2139 535 2177 hine
576 2151 721 2176 nomen
752 2138 801 2174 ad
832 2137 888 2174 si—

154 2200 262 2240 milia
281 2212 393 2237 sacra
411 2198 575 2248 Magnae
597 2196 737 2234 Matris
758 2195 890 2246 Phry-

155 2272 262 2309 gum,
275 2269 376 2307 quae
395 2270 486 2294 cum
507 2257 643 2293 surore
664 2267 776 2291 sacro
798 2266 892 2304 per-

156 2316 402 2368 agebantur,
453 2320 492 2351 ut
522 2312 679 2350 habitos
713 2312 892 2359 Curetes,

155 2374 224 2425 qui
247 2373 496 2425 Corybantes
519 2370 638 2419 dieti3
675 2369 770 2407 hine
794 2382 893 2405 eon-

156 2434 264 2470 fusas
289 2431 499 2482 religiones
529 2429 726 2475 Creticus,
758 2426 893 2477 Phry-

155 2491 256 2542 gias,
289 2487 620 2528 Samothraeicas.
680 2486 817 2524 Altera
842 2497 893 2522 ex

156 2555 270 2601 parte
309 2547 465 2586 confusi
501 2559 593 2584 cum
626 2544 673 2582 iis
713 2545 891 2590 Curetes,

158 2607 334 2644 Aetoliae
372 2605 574 2657 populus3
635 2608 675 2640 et
721 2600 893 2652 argutati

158 2671 253 2703 sunt
288 2664 351 2702 alii
387 2665 428 2701 in
457 2661 710 2715 etymologia.
780 2660 890 2698 Haec

159 2723 317 2773 colligas
358 2735 378 2758 e
418 2721 506 2759 loco
541 2720 652 2758 class.
681 2717 890 2756 Strabonis

159 2780 211 2827 X,
235 2793 320 2831 pag.
353 2782 435 2820 723
461 2793 544 2830 sqq.
581 2775 715 2830 (472).
764 2777 890 2814 adla-

160 2836 290 2874 bimur
319 2837 398 2873 iam
436 2838 547 2874 Serv.
580 2836 636 2873 ait
666 2834 891 2883 ostendere,

160 2907 390 2946 prosperam
422 2893 715 2945 navigationem
754 2893 892 2940 suisse3

161 2951 235 2991 etsi
263 2951 397 2990 malim
435 2951 666 3003 simpliciter
693 2950 894 3002 accipere:

948 1960 1045 1998 locis
1066 1961 1230 2009 antiqua
1249 1960 1352 1997 sama
1374 1958 1594 1996 celebratis.

1012 2017 1265 2059 152-134,
1315 2017 1463 2054 Locum
1501 2015 1681 2067 designat

949 2089 1077 2114 novae
1100 2075 1210 2123 urbi,
1244 2075 1431 2126 Pergamo
1456 2074 1597 2112 dictae.
1630 2074 1679 2112 cf.

949 2135 1044 2172 Exc.
1073 2134 1100 2182 l,
1135 2134 1202 2171 ubi
1234 2133 1282 2170 de
1311 2146 1470 2171 accessu
1502 2133 1551 2170 ad
1583 2133 1680 2169 Cre-

948 2199 1044 2230 tam.
1102 2200 1287 2241 gentem,
1335 2190 1461 2228 socios
1498 2204 1519 2227 a
1561 2190 1679 2228 Troia

949 2250 1176 2302 profectos,
1234 2250 1387 2286 laelam
1424 2251 1676 2299 cognomine,

952 2308 1113 2346 nomine
1139 2307 1250 2345 urbis
1272 2321 1292 2343 a
1323 2307 1489 2358 pristina
1511 2321 1580 2344 sua
1606 2321 1680 2359 pa—

951 2367 1030 2403 iria
1052 2366 1180 2417 petilo
1195 2395 1204 2413 ‚
1235 2364 1369 2401 ,Ῐιονίον
1387 2379 1526 2401 amare
1537 2366 1676 2415 sot-os,

954 2424 1201 2461 domicilium
1234 2422 1307 2459 sibi
1349 2435 1490 2474 parare
1519 2431 1559 2461 et
1595 2424 1680 2475 pri—

950 2488 1043 2521 vata
1074 2488 1200 2531 tecta3
1231 2480 1301 2517 sed
1326 2481 1454 2518 maior
1483 2481 1544 2518 vis
1578 2482 1681 2519 inest

948 2544 1005 2596 τῷ
1023 2555 1177 2588 amare,
1212 2538 1321 2590 quod
1343 2539 1442 2577 bene
1463 2539 1680 2578 Burmann.

950 2599 1146 2650 explicat,
1188 2597 1360 2635 libenter
1395 2597 1594 2648 incolere,
1635 2604 1681 2636 ut

947 2658 1082 2695 sedem
1114 2663 1349 2708 perpetuam
1377 2656 1570 2695 futuram.
1612 2672 1681 2694 (cr—

948 2730 1111 2768 cemque
1141 2715 1321 2752 attollere
1354 2716 1476 2763 leolis,
1510 2728 1680 2767 acropo—

949 2774 1017 2811 lim
1049 2773 1243 2811 condere:
1283 2785 1393 2810 more
1424 2773 1680 2823 antiquarum

951 2831 1125 2870 urbium.
1163 2830 1327 2882 Proprie
1348 2831 1478 2867 attolle¹
1501 2830 1548 2868 de
1569 2831 1680 2868 aedi-

951 2889 1050 2927 ficiis
1082 2890 1121 2927 in
1157 2889 1281 2926 altuni
1313 2888 1482 2926 eductis,
1523 2890 1569 2926 cs.
1594 2902 1678 2939 sup.

952 2948 998 2998 Il,
1022 2948 1115 2990 185.
1158 2946 1414 2985 Attollunlur
1439 2955 1540 2984 lec-la
1561 2949 1678 2993 areis,
