1811 3388
373 218 785 276 AENEIDOS
824 217 966 264 LIB.
1006 215 1095 273 ΠΙ,
1140 215 1428 263 152—-167
1574 215 1671 262 467

150 355 307 406 Idem
329 358 584 401 venturos
612 344 869 395 tollemus
893 343 946 391 in
972 349 1106 391 astra
1129 345 1374 404 nepotes,

151 422 556 490 Imperiumque
577 416 699 467 urbi
728 414 988 463 dabimus.
1063 413 1147 458 Tu
1170 408 1388 457 moenia
1412 406 1616 470 magnis

152 499 340 558 Magna
386 506 512 557 para
536 530 547 553 ,
598 487 934 551 longumque
977 479 1134 545 fugae
1186 494 1254 528 ne
1296 477 1482 544 linque
1529 475 1676 524 labo-

946 569 1077 602 rem.
1581 552 1677 597 160

151 630 442 685 Mutandae
466 627 634 677 sedes,
709 629 832 675 Non
853 623 984 672 haec
1005 621 1098 670 tibi
1120 619 1272 668 litora
1297 617 1457 666 suasit

151 703 360 765 Delius,
401 708 489 749 aut
513 700 704 749 Cretae
728 694 876 744 iussit
904 691 1212 752 considere,
1249 686 1457 754 Apollo.

152 777 244 825 Est
264 772 438 833 locus,
475 767 791 835 Hesperiam
816 764 958 816 Graii
982 759 1306 826 cognomine
1333 758 1540 807 dicunt:

156 848 323 894 Terra
343 841 582 905 antiqua,
621 845 817 904 potens
849 833 1031 896 armiS,
1073 841 1232 897 atque
1266 828 1437 878 ubere
1467 827 1680 892 glebae3

157 912 385 965 Oenotri
408 910 626 959 coluere
647 907 769 967 viri;
807 920 953 954 nunc
973 901 1140 963 fama,
1178 900 1418 948 minores
1585 901 1680 950 165

154 984 359 1034 Italiam
389 980 599 1042 dixisse,
640 977 787 1027 ducis
815 975 883 1024 de
909 973 1159 1033 nomine,
1197 979 1443 1034 gentem3

155 1058 268 1105 Hae
288 1052 445 1102 nobis
470 1049 720 1117 propriae
743 1045 925 1106 sedes;
963 1043 1088 1092 hinc
1109 1042 1388 1092 Dardanus
1414 1046 1576 1096 ortus,

256 1196 321 1231 158
346 1194 395 1227 ad
417 1201 522 1226 astra
546 1188 693 1223 Mentel.
722 1200 775 1233 pr.
804 1193 839 1220 et
867 1189 962 1220 Serv.
989 1184 1089 1219 Fuld.
1123 1184 1168 1216 ad
1203 1184 1229 1223 l,
1263 1183 1309 1217 22
1337 1193 1411 1214 cum
1449 1180 1539 1213 binis
1573 1178 1681 1212 Goth.

159 1243 281 1289 <etiam
317 1241 424 1275 Paris.
457 1242 510 1278 23
545 1238 593 1270 ad
618 1236 808 1282 repetitum
843 1246 886 1266 ex
915 1233 983 1267 Ecl.
1018 1233 1060 1273 V,
1087 1232 1143 1266 50.
1175 1233 1208 1263 ll
1227 1230 1270 1271 Γ.)
1373 1230 1438 1263 160
1461 1240 1533 1260 neza
1561 1227 1683 1259 Hamb.

159 1304 212 1336 pr.
232 1290 404 1337 sutorem
419 1286 528 1320 Wall.
549 1298 565 1318 a
587 1297 630 1317 m.
654 1296 706 1328 pr.
784 1283 846 1316 161
875 1280 1009 1313 suadet
1020 1282 1138 1324 Sprot.
1158 1288 1222 1320 pro
1243 1287 1313 1309 var.
1336 1274 1417 1308 lect.
1495 1275 1563 1309 162
1583 1273 1685 1307 fland

159 1338 295 1382 aliquot
313 1333 483 1375 Pieriam,
512 1334 598 1367 Ven.
621 1338 657 1364 et
687 1330 742 1364 ed.
770 1341 823 1374 pr.
849 1327 1044 1360 variatione
1070 1324 1239 1363 sollemni,
1273 1334 1375 1367 quam
1407 1329 1439 1354 et
1464 1321 1583 1366 paullo
1606 1328 1685 1354 ante

159 1385 319 1418 vidimus.
369 1384 406 1415 in
434 1384 540 1414 Creta
565 1392 583 1411 e
609 1377 779 1411 Cledonio
805 1375 926 1408 Heius.
975 1375 1085 1406 Porro
1113 1375 1235 1411 Crete,
1272 1373 1400 1411 Creta,
1435 1377 1533 1401 certe
1569 1368 1684 1401 libra-

160 1433 292 1465 riorum
318 1427 572 1462 aberratione&
623 1426 824 1459 consistere
848 1421 957 1455 Goth.
983 1433 1036 1466 pr.
1064 1419 1254 1460 Hamburg.
1290 1429 1342 1462 pr.
1378 1422 1412 1448 et
1439 1415 1493 1448 ed.
1518 1428 1572 1460 pr.
1599 1427 1685 1459 per-

161 1486 268 1524 petuo
288 1478 399 1522 lapsu.
435 1474 626 1508 considere
645 1473 756 1505 iussit
777 1470 846 1502 duo
867 1469 987 1502 Heius.
1002 1474 1037 1500 et
1055 1466 1188 1510 aliquot
1210 1464 1300 1497 Pier.
1376 1464 1560 1499 163-166
1578 1463 1686 1495 Iidem

161 1539 229 1559 vss.
257 1538 333 1569 sup.
364 1525 388 1565 I,
414 1521 628 1558 530—533.
727 1518 793 1554 165
822 1517 989 1549 Oenotris*
1012 1514 1140 1546 Medic.
1167 1519 1201 1545 et
1226 1510 1306 1552 alii,
1339 1510 1442 1543 male.
1487 1522 1515 1544 v.
1550 1522 1625 1555 sup.
1660 1510 1686 1550 1,

160 1574 241 1609 532.
268 1571 438 1615 (Oenotri
460 1568 599 1608 Medic.,
625 1566 685 1599 sed
716 1565 826 1598 altera
850 1565 864 1596 ἱ
891 1561 1145 1607 superscripta3
1191 1559 1356 1592 Oenotrii
1388 1556 1497 1590 Paris.
1527 1557 1560 1590 8.
1590 1556 1686 1599 lVr.)

162 1630 313 1653 tenuere
338 1617 447 1652 wall.
474 1623 510 1648 et
534 1613 681 1648 Vratisl,
706 1618 878 1657 perpetua
899 1609 1101 1642 mutatione.
1202 1607 1268 1640 166
1293 1605 1442 1638 duxisse
1466 1604 1588 1648 fragm.
1612 1605 1686 1636 Va-

161 1667 220 1700 tic.
246 1666 382 1710 aliquot
406 1664 497 1697 Pier.
524 1668 560 1695 et
585 1660 756 1694 Montalb.
805 1666 937 1703 gentes
961 1657 1029 1688 duo
1057 1654 1150 1699 apud
1175 1654 1288 1686 Burm.
1387 1652 1453 1686 167
1480 1654 1583 1684 Haec
1607 1653 1687 1683 Me-

162 1726 240 1757 nag.
278 1725 330 1758 pr.
361 1718 406 1744 'et
441 1711 564 1743 Franc.
615 1706 718 1741 vobis
750 1702 851 1738 Leid.
900 1705 969 1737 hac
999 1701 1098 1736 vobis
1129 1701 1234 1735 Witt.
1287 1699 1358 1732 hae
1383 1700 1560 1744 propriae
1586 1697 1689 1731 nobis

162 1760 274 1796 Wall.
321 1760 379 1792 ln‘c
403 1762 447 1791 D.
472 1764 553 1791 tert,
578 1754 722 1790 Mentcl.
747 1766 767 1787 a
791 1765 845 1798 pr.
869 1764 913 1784 m.

163 1857 226 1894 his
239 1857 398 1893 moenia
422 1867 582 1906 quaere,
610 1852 781 1900 Illagna
795 1862 895 1899 per-
954 1837 1062 1883 loca(
1124 1842 1221 1881 Mox
1248 1856 1286 1881 v.
1320 1845 1400 1885 162
1428 1841 1565 1878 Cretae
1593 1855 1688 1877 con-

164 1923 290 1953 erralo
307 1921 456 1950 slantes
475 1925 579 1963 quae
599 1910 769 1960 denique
785 1920 896 1957 pon—

163 1982 217 2011 to.
263 1985 420 2022 magna
445 1970 550 2007 enim
582 1973 697 2015 sunt,
729 1970 897 2017 propter

164 2043 401 2082 magnarum
417 2041 554 2066 rerum
575 2026 715 2063 seriem
745 2036 794 2061 ex
817 2021 899 2059 hu·-

166 2092 227 2127 ius
266 2087 380 2126 urbis
417 2084 651 2139 primordiis
693 2088 900 2134 aptarum,

169 2147 201 2185 si
218 2152 373 2194 tamen,
405 2145 498 2194 quia
525 2142 646 2190 Urbi,
683 2140 791 2191 quod
810 2152 897 2175 mo-

170 2204 221 2242 do
244 2202 466 2250 antecedit,
499 2201 550 2239 ad
572 2202 740 2237 Romam
763 2200 898 2248 potius

169 2268 349 2314 spectare
379 2260 568 2306 videtur,
600 2258 719 2295 etiam
739 2255 898 2291 moenia

170 2334 326 2371 magna
345 2319 394 2356 de
413 2319 540 2355 Roma
568 2313 786 2366 acceperis,
826 2313 901 2349 etsi

169 2377 268 2415 haec
287 2377 439 2414 Aeneas
464 2389 546 2413 non
569 2372 770 2420 condidit,
804 2376 900 2422 pot-

171 2443 231 2474 est
249 2442 385 2474 tamen
396 2448 550 2485 parare
579 2445 619 2469 ea
645 2445 666 2468 a
697 2435 815 2482 poeta
837 2427 901 2465 di-

172 2495 229 2543 ci,
265 2500 462 2545 quatenus
488 2505 533 2529 ea
556 2489 689 2528 omnia
716 2485 902 2537 exsequi-

172 2559 261 2601 tur,
313 2564 414 2603 quae
461 2548 714 2587 condendam
760 2545 903 2584 urbem

173 2616 323 2649 eventu
365 2608 601 2646 antecedere
645 2605 766 2643 fatale
804 2608 903 2641 erat.

173 2670 336 2718 magnis
359 2667 399 2705 h.
422 2680 452 2705 e.
474 2665 712 2718 nepotibus,
745 2662 797 2700 ad
810 2668 904 2700 tan—

175 2731 258 2763 tam
286 2724 439 2777 imperii
471 2736 672 2776 opumque
703 2720 905 2772 magnitu-

177 2782 309 2820 dinem
337 2783 612 2834 perventuris3
655 2779 745 2834 (nisi
783 2778 905 2816 ducas

178 2853 199 2876 a
220 2847 384 2890 neutro,
420 2843 584 2891 magnis
603 2838 717 2876 rebus
734 2868 742 2885 ,
787 2851 905 2874 even—

178 2896 243 2949 tis)
275 2910 365 2945 nec,
397 2905 563 2948 propter
584 2895 800 2944 molestias,
834 2893 906 2931 de·-

180 2960 309 2992 trecta
332 2955 626 3006 navigationem
646 2954 696 2992 ad
716 2952 907 2991 ulteriora

955 1903 1082 1940 sidere
1104 1915 1177 1953 pro
1195 1901 1237 1939 in
1261 1901 1389 1948 Creta,
1417 1899 1546 1936 docte.
1582 1898 1689 1951 (lau-

958 1961 1026 1999 dat
1057 1959 1268 1999 Wunderl.
1301 1959 1387 1996 Liv.
1418 1956 1568 2004 XXXI,
1602 1960 1689 1997 22..-

958 2019 1054 2068 „Co
1066 2033 1148 2069 roy
1161 2034 1182 2055 r
1193 2030 1218 2055 a
1229 2033 1248 2054 e
1308 2018 1450 2054 classis
1490 2014 1686 2052 &ululanda

959 2085 1030 2114 esl.
1064 2076 1160 2113 ibid.
1195 2089 1227 2113 c.
1262 2077 1326 2118 15.
1370 2072 1494 2111 Tacit.
1525 2072 1629 2111 Anu.
1662 2073 1689 2120 I,

960 2134 998 2175 4.
1031 2132 1143 2187 th.)

1019 2192 1277 2232 163—166.
1310 2188 1435 2226 Iidem
1459 2202 1597 2227 versus
1626 2189 1691 2226 in-

957 2250 1063 2287 texti
1088 2254 1204 2286 erant
1236 2261 1356 2299 supra
1385 2247 1452 2284 lib.
1486 2247 1512 2296 Ι,
1543 2248 1689 2289 530—-

959 2308 1055 2356 533,
1084 2307 1153 2345 ubi
1175 2305 1279 2344 vide.

1021 2366 1277 2406 167—171.
1324 2364 1421 2400 Hae
1453 2361 1565 2399 nohis
1592 2376 1692 2412 pro-

957 2425 1075 2473 prbae
1101 2423 1226 2460 sedes.
1293 2422 1423 2472 Supra
1452 2419 1503 2457 ad
1534 2419 1692 2471 Apolli-

962 2494 1053 2518 nem
1070 2495 1107 2519 v.
1124 2482 1176 2522 85
1197 2481 1269 2517 Da
1281 2480 1505 2530 propriam,
1540 2478 1616 2529 Th)
1628 2492 1693 2514 m-

963 2539 1089 2588 brccee,
1113 2540 1289 2577 domum.
1335 2537 1387 2574 De
1410 2535 1587 2574 Dardani
1609 2536 1693 2574 ori-

963 2598 1051 2649 gine
1075 2611 1125 2635 ex
1148 2596 1263 2635 Italia
1293 2609 1330 2634 v.
1362 2595 1528 2633 Excurs.
1564 2594 1613 2633 Vl
1643 2593 1694 2631 ad

962 2656 1004 2694 11.
1024 2656 1050 2694 l.
1080 2658 1216 2693 lusitas-
1230 2662 1361 2705 paler,
1394 2653 1425 2690 si
1446 2653 1495 2690 de
1516 2652 1693 2690 Dardani

964 2721 1079 2767 patre
1102 2714 1282 2765 accipias,
1314 2710 1436 2749 habet
1456 2717 1545 2748 tum
1566 2725 1592 2748 α
1618 2725 1694 2762 qno

963 2772 1193 2824 expeditam
1213 2769 1600 2822 interpretationem.
1618 2767 1695 2805 Sed

965 2845 985 2869 e
1007 2831 1169 2879 Servio,
1202 2829 1270 2880 qui
1289 2841 1307 2865 e
1327 2827 1616 2865 vetustioribus
1635 2826 1695 2863 fa-

964 2891 1079 2928 bulas
1100 2887 1298 2935 servavit,
1329 2885 1516 2937 adparet,
1547 2896 1695 2933 sequu-

967 2956 1029 2990 tos
1053 2960 1135 2985 esse
1158 2944 1279 2984 Italos
1301 2943 1376 2981 hac
1398 2944 1438 2981 in
1460 2956 1503 2980 re
1523 2943 1696 2980 Graecos

1293 3014 1411 3059 30*
