1811 3388
425 211 550 257 AD
623 209 1058 258 LIBRUM
1129 211 1187 258 ΙΙ
1464 219 1564 266 399

180 336 241 375 Ad
279 334 518 375 Pisandrum
557 349 654 375 vero
693 336 998 374 Larandensem
1034 337 1208 388 primum
1247 339 1393 378 Zosimi
1434 340 1567 382 locum

66 394 197 446 paullo
215 400 303 432 ante
323 392 551 441 laudatum,
579 400 670 432 *tum
696 393 783 431 loca
807 393 999 446 Stephani
1022 395 1234 445 Byzantini
1263 398 1393 436 resero
1422 400 1566 449 omnia,

64 453 104 490 in
123 452 264 502 quibus
281 450 462 488 Pisandri
478 451 702 489 testimonio
731 451 881 500 utitur,
911 451 1011 490 nihil
1039 453 1143 490 enim
1173 465 1218 490 ea
1247 452 1418 502 habent,
1458 457 1568 507 quod

64 509 114 547 ad
132 507 361 546 Heracleam
380 508 461 546 ullo
492 508 613 546 modo
632 507 739 546 trahi
759 510 907 560 possit,
938 516 1009 547 aut
1031 510 1060 547 si
1084 509 1257 558 habent,
1293 515 1354 550 uti
1383 513 1494 551 locus
1524 514 1567 552 in

63 579 150 605 voe.
175 560 442 618 Ἀγάθυρσοι,
475 563 674 606 Bomitae<
695 565 795 603 etin
815 561 1025 615 Ἀστακός,
1057 581 1147 605 nam
1174 568 1356 607 Herculis
1384 584 1477 608 sane
1503 584 1567 609 res

61 628 189 673 gestae
211 622 328 660 etiam
350 621 400 660 ad
422 622 626 674 Scythiam
648 629 686 660 et
707 622 934 674 Bithyniam
965 630 1167 675 spectant,
1209 633 1343 664 tamen
1369 627 1566 666 librorum

64 692 252 718 numerus
269 679 448 718 adiectus
467 680 638 729 evincit,
669 680 720 718 ad
740 681 1031 719 Larandensem
1066 696 1109 720 ea
1134 683 1220 720 loca
1245 697 1326 722 esse
1354 686 1565 724 referenda

64 751 142 775 non
162 737 292 775 minus
316 750 361 775 ac
379 738 532 788 reliqua
552 738 593 775 in
616 738 816 790 Οἰνωτρία
831 768 841 787 ,
877 738 1112 787 Ἀπέννιον,
1153 737 1374 790 Λυκόζεια,
1417 741 1565 789 ,Νιφά-

63 811 130 846 της
153 792 249 845 (quo
270 795 358 832 loco
379 796 497 832 etiam
516 808 654 833 versus
684 796 834 846 integer
861 808 880 832 e
910 796 976 836 hb.
1009 797 1077 835 Vll
1105 797 1317 847 laudatur,
1359 801 1430 850 qui
1458 800 1565 838 idem

62 851 169 902 apud
189 852 352 890 Suidanl
373 852 414 889 in
450 849 638 903 Νιφάτης
664 853 827 904 legitur:
865 850 1024 904 Ταύρου
1052 852 1338 907 πρυμνώρειαν
1369 854 1565 898 ἔῦσκόπε-

62 907 128 949 λόν
155 924 194 949 τε
224 906 459 960 Νιφάτην),
501 909 711 962 Κνβὲλεια.
769 911 870 948 Nam
899 913 1103 949 Heraclea
1136 912 1292 951 duobus
1320 914 1432 952 libris
1464 929 1564 953 con—

61 966 212 1015 stabat3
253 973 293 1004 at
320 966 544 1018 Stephanus
571 968 807 1006 Pisandrum
839 968 978 1006 laudat
1002 969 1104 1007 libro
1136 970 1215 1008 VH.
1241 971 1291 1008 X.
1321 972 1425 1010 XIII.
1459 973 1563 1011 XIV.

61 1023 205 1062 XXVI.
265 1025 388 1063 Porro
412 1038 460 1062 ex
480 1024 558 1062 hoe
586 1025 712 1063 altero
740 1026 909 1077 petitum
942 1039 1022 1063 esse
1052 1027 1189 1075 debet,
1230 1029 1338 1078 quod
1373 1031 1564 1080 Evagrius

62 1081 110 1118 H.
146 1082 185 1118 E.
219 1081 257 1126 I,
296 1084 349 1122 20
389 1081 645 1120 Antiochiam
683 1084 819 1134 Syriae
852 1083 929 1120 iam
965 1084 1058 1122 olim
1092 1086 1334 1124 Graecorum
1368 1088 1562 1125 coloniam

62 1138 178 1175 fuisse
198 1138 389 1187 affirmat,
422 1153 522 1190 quae
545 1141 722 1177 narratio
747 1140 874 1190 qualis
891 1142 1034 1189 suerit,
1068 1155 1117 1179 ex
1138 1143 1283 1180 Ioanne
1301 1144 1441 1181 Malela
1468 1146 1561 1182 disci

61 1202 191 1246 potest
210 1195 427 1246 Chronogr.
446 1211 481 1247 p.
507 1200 560 1237 32
583 1212 639 1247 sq.
677 1203 715 1234 et
740 1198 908 1235 Cedreni
938 1199 1154 1250 Compend.
1183 1200 1287 1238 Itist.
1322 1215 1359 1252 p.
1392 1202 1471 1243 134
1506 1217 1561 1253 sq.

62 1254 188 1290 Etiam
218 1254 269 1301 is,
321 1254 386 1303 qui
420 1254 523 1291 inter
553 1255 890 1305 Epigrammatum
920 1262 1101 1293 auctores
1133 1264 1385 1306 recensetur,
1428 1259 1562 1298 iunior

61 1310 127 1347 hic
149 1310 334 1347 Pisander
355 1325 444 1348 cum
466 1311 644 1349 Fabricio
674 1312 833 1350 videtur
858 1325 938 1349 esse
962 1312 1190 1352 habendus:
1232 1329 1304 1352 nec
1340 1315 1443 1353 enim
1475 1318 1562 1368 epi-

59 1381 258 1418 gramma,
290 1370 394 1417 quod
421 1369 492 1405 sub
521 1369 700 1407 l'isandri
723 1369 868 1407 Rhodii
890 1370 1048 1408 nomine
1078 1372 1270 1410 laudatur
1297 1371 1351 1425 (v.
1383 1373 1560 1412 Brunek.

60 1424 174 1462 Anal.
192 1425 234 1462 T.
261 1425 304 1472 ll,
327 1439 362 1476 p.
383 1425 504 1478 294),
537 1427 815 1477 antiquitatem
835 1433 904 1464 aut
933 1428 1224 1480 simplicitatem
1257 1430 1423 1468 redolet.
1481 1432 1560 1469 La—

59 1488 142 1519 tere
166 1482 283 1518 etiam
305 1482 367 1520 ille
385 1482 546 1521 videtur
568 1484 640 1521 sub
669 1485 911 1522 Thess-andra·
928 1486 1086 1524 nomine
1110 1500 1169 1539 ap.
1190 1489 1302 1526 Serv.
1325 1488 1375 1526 ad
1394 1488 1443 1538 II,
1463 1492 1559 1531 211.

60 1540 107 1576 cs.
128 1539 193 1576 ins.
215 1540 380 1577 Excurs.
399 1539 448 1577 ad
469 1540 514 1589 ΙΙ,
536 1543 627 1582 199.

175 1596 287 1643 Quae
320 1596 453 1634 adhuc
485 1599 815 1648 commemoravi,
861 1612 905 1636 ea
935 1612 1022 1649 me,
1069 1601 1137 1650 qui
1165 1601 1276 1639 nullo
1307 1615 1375 1640 seu
1407 1604 1464 1641 rei
1492 1616 1561 1642 seu

61 1653 256 1704 opinionis
276 1654 409 1692 studio
434 1660 589 1703 teneor,
621 1663 807 1704 movent,
833 1663 881 1695 ut
903 1657 964 1705 id,
996 1658 1105 1707 quod
1127 1657 1219 1695 olim
1239 1667 1430 1709 sequutus
1460 1675 1560 1708 sum,

59 1710 517 1760 retinendum·arbitrer:
557 1713 714 1751 diversa
746 1714 863 1751 fuisse
896 1728 1016 1766 opera
1040 1714 1273 1766 Ἡρακλείας
1303 1724 1342 1754 et
1367 1716 1561 1772 ἡρωϊκῶν

58 1770 304 1820 θεογαμιῶν·
365 1783 455 1807 nam
490 1775 538 1808 ut
575 1772 822 1809 contrarium
853 1772 1018 1820 tuearis,
1050 1773 1166 1824 plura
1197 1780 1265 1812 aut
1295 1775 1376 1812 sine
1405 1776 1561 1813 ratione

59 1831 129 1863 aut
147 1825 338 1863 adversus
355 1840 511 1864 omnem
533 1828 728 1865 rationem
753 1830 1025 1880 amplectenda
1050 1836 1154 1868 sunt.
1213 1834 1414 1882 Superest,
1447 1839 1492 1870 ut
1512 1833 1561 1870 de

58 1882 143 1932 ipso
164 1882 365 1921 Macrobio
386 1884 659 1936 dispiciamus,
691 1887 757 1936 qui
779 1890 1014 1924 eversionem
1058 1890 1200 1925 Troiae
1228 1889 1271 1927 V
1270 1891 1507 1939 c'tgilicmam
1534 1906 1560 1928 (ι

59 1938 252 1978 Pisandro
267 1955 396 1990 paene
417 1943 475 1978 acl
490 1942 652 1980 verbum
675 1947 976 1994 trans-scriplum,
996 1950 1179 1983 testatur.
1223 1946 1313 1993 Qua
1344 1948 1382 1984 in
1416 1960 1460 1985 re
1489 1961 1561 1985 ne-

58 2009 161 2034 cesse
181 2003 258 2045 est,
285 2004 354 2035 aut
374 1998 620 2037 Macrobium
639 2001 814 2051 graviter
832 2015 1001 2047 errasse,
1035 2009 1106 2040 aut
1129 2001 1312 2054 ἦρωϊκὰς
1336 2007 1562 2058 θεογαμίας

59 2067 139 2091 non
168 2055 450 2104 Laramlensis,
501 2057 608 2107 quod
644 2058 786 2095 Suidas
822 2066 1066 2108 asseruerat,
1109 2061 1178 2097 sed
1211 2061 1374 2099 alterius
1406 2069 1559 2113 poetae,

59 2111 125 2160 qui
166 2118 257 2148 ante
287 2112 494 2163 Virgilium
529 2114 704 2163 vixerat,
746 2129 846 2166 opus
874 2117 1003 2154 fuisse.
1074 2117 1308 2167 Videamus,
1344 2125 1482 2157 utrum
1509 2121 1560 2157 sit

59 2168 316 2218 probabilius

173 2226 211 2262 Si
234 2224 309 2263 hoc
336 2240 482 2276 ponas,
514 2227 630 2264 fuisse
649 2242 806 2266 carmen
831 2229 929 2267 illud
955 2230 1116 2279 Virgilio
1147 2231 1370 2281 antiquiUS,
1411 2239 1457 2270 ut
1489 2246 1559 2270 nec

61 2287 187 2319 tamen
210 2282 260 2319 ad
281 2283 515 2321 Pisandrum
545 2284 744 2323 Rhodium
765 2286 906 2324 referri
936 2287 1035 2324 illud
1062 2288 1206 2338 possit,
1237 2288 1277 2326 id
1310 2289 1418 2338 quod
1452 2290 1559 2328 vidi-

60 2352 146 2376 mus
177 2339 259 2377 Iieri
295 2354 373 2377 non
403 2354 534 2392 posse3
574 2356 729 2380 sumere
761 2343 910 2394 aliquid
947 2357 1102 2381 necesse
1131 2352 1207 2393 est,
1240 2346 1348 2396 quod
1381 2353 1421 2384 et
1452 2348 1560 2385 omni

59 2397 297 2434 auctoritate
327 2405 459 2446 caret,
502 2405 541 2436 et
571 2413 664 2437 vero
701 2401 818 2438 etiam
853 2401 1153 2451 probabilitate,
1190 2416 1280 2440 nam
1313 2417 1428 2442 nemo
1460 2406 1559 2443 alius

60 2460 129 2490 aut
150 2455 266 2490 talem
301 2455 552 2503 Pisandrum,
592 2463 662 2495 aut
691 2458 767 2496 tale
799 2472 957 2496 carmen
989 2460 1247 2508 memoravit,
1288 2462 1395 2510 quod
1424 2468 1557 2499 tamen

60 2509 104 2546 iis
129 2511 325 2548 aetatibus
353 2513 546 2564 scriptum
577 2527 658 2551 csse
690 2516 870 2564 deberet,
921 2516 969 2553 de
1003 2517 1147 2567 quibus
1176 2519 1269 2555 satis
1293 2519 1418 2556 multa
1447 2520 1560 2557 nobis

61 2567 204 2604 tradita
223 2576 329 2606 sunt.
379 2570 569 2608 Macrobii
597 2579 726 2609 autem
746 2574 1000 2611 Grammatici
1021 2575 1247 2612 auctoritas
1262 2577 1360 2613 tanti
1386 2590 1465 2614 non
1487 2583 1558 2624 est,

60 2628 107 2660 ut
132 2629 210 2661 tam
241 2639 380 2675 parum
411 2628 630 2678 probabilia
661 2631 841 2681 amplecti
868 2632 1012 2669 malim.
1074 2631 1126 2669 At
1160 2633 1328 2670 alterum
1357 2647 1447 2671 cum
1475 2634 1557 2685 ipsa

59 2692 194 2718 rerum
214 2681 289 2718 fide
310 2690 349 2721 et
379 2685 534 2722 ratione
567 2687 824 2725 coniunctum
856 2696 936 2737 est;
978 2703 1069 2727 nam
1098 2689 1173 2727 suit
1203 2690 1343 2740 aliquis
1368 2691 1559 2729 l'isander

61 2735 339 2787 Larandensis3
377 2742 449 2778 suit
477 2743 653 2781 Nestoris
681 2752 841 2795 poetae,
892 2746 959 2795 qui
992 2747 1066 2784 sub
1105 2749 1252 2784 Severo
1283 2748 1376 2798 Imp.
1407 2748 1557 2795 floruit,

62 2792 185 2840 sslius3
217 2801 328 2844 pater
347 2797 505 2836 Iliadem
526 2800 657 2838 denuo
684 2810 941 2852 exaraverat3
972 2803 1074 2841 filius
1095 2817 1249 2841 omnem
1274 2804 1558 2855 mytliologiam

60 2862 140 2887 uno
161 2863 277 2900 opere
304 2855 530 2905 complexus
559 2865 653 2895 erat.
714 2860 1033 2899 Consentaneum
1062 2859 1140 2898 hoc
1173 2867 1231 2898 est
1260 2861 1419 2899 illarum
1449 2868 1557 2898 aeta-

62 2912 147 2944 tum
177 2906 354 2958 ingeni03
393 2917 452 2948 est
479 2919 518 2949 et
551 2914 647 2952 illud
677 2916 871 2966 sollenne,
924 2923 988 2968 ut,
1034 2918 1220 2969 neglectis
1254 2919 1556 2969 antiquioribus,
