1811 3388
357 182 767 239 AENEIDOS
811 180 952 229 LIB.
980 179 1068 240 VI,
1106 180 1396 229 594—602
1529 183 1627 229 939

116 316 411 368 Inmortale
434 313 582 361 iecur
604 307 838 358 tondens
853 347 865 365 ,
902 304 1244 369 fecundaque
1265 303 1453 367 poenis

116 389 353 445 Viscera,
388 384 722 445 rimaturque
749 376 940 443 epulis,
977 375 1285 438 habitatque
1310 371 1406 419 sub
1431 371 1534 419 alto

116 461 369 514 Pectore3
401 469 502 501 nec
523 450 670 499 fibris
693 448 906 514 requies
929 446 1082 495 datur
1101 443 1208 493 ulla
1233 441 1440 491 renatis
1536 446 1636 491 600

121 525 261 589 Quid
302 538 609 572 memorem
645 517 913 584 Lapithas,
951 516 1157 577 Ixiona,
1197 510 1639 574 Pirithoumque?

121 601 269 659 Quos
296 610 458 660 super
485 601 590 640 atra
618 589 745 639 silex
772 589 877 637 iam
907 588 1011 635 iam
1051 584 1284 645 labsura,
1323 579 1640 645 cadentique

214 700 281 735 598
315 699 413 732 iecor
447 696 538 730 Gud.
587 695 745 729 tondens
777 693 869 725 bene
905 697 1023 724 tuetur
1061 689 1182 721 Heins.
1231 686 1288 720 Sic
1325 684 1454 719 Medic.
1496 690 1531 717 et
1570 682 1642 724 alii,

122 758 313 791 omnesque
343 743 517 783 Pieriam,
550 743 654 775 etiam
687 748 760 773 tres
797 739 903 772 Goth.
945 751 1020 771 cum
1051 738 1174 780 fragm.
1204 733 1319 767 Vatic.
1368 732 1436 765 Alii
1463 732 1641 769 turzdens;

123 796 173 836 (in
194 794 321 839 quibus
340 792 451 825 Palat.
482 792 579 833 lVr.)
606 796 643 821 et
664 788 714 821 sic
734 787 812 821 edd.
832 785 935 819 Aldd.
955 785 1105 830 priores.
1153 786 1199 814 At
1217 781 1252 813 in
1273 780 1351 813 Ald.
1380 780 1471 814 1514
1496 780 1642 820 Nauge-

121 842 193 876 rius
224 840 337 873 edidit
375 838 543 872 tondens.
591 836 747 869 Alterum
777 834 937 878 quidem,
969 831 1148 870 tundeNS,
1173 836 1291 860 tuetur
1316 826 1439 872 Cerda.
1487 825 1556 857 Sed
1579 836 1643 856 ex-

122 887 284 932 quisitius
306 886 473 924 alterum,
500 884 603 917 etiam
634 881 777 915 Homeri
804 886 983 922 respectu,
1014 878 1050 910 in
1083 888 1150 921 quo
1184 873 1458 917 Γῦπε-ήπαρ
1487 869 1640 915 ἔκειρον.

122 937 165 970 Et
184 935 234 967 sie
250 945 368 977 saepe.
463 932 532 966 599
559 943 627 976 que
647 930 746 962 deest
769 928 933 960 effl-Ven.
982 924 1101 970 epulis
1130 922 1249 955 Heius.
1282 933 1300 954 e
1329 919 1533 952 melioribus
1566 918 1644 950 ele-

124 982 274 1028 gantius.
324 978 439 1022 Vulgo
472 978 623 1024 epulas,
656 988 722 1008 nec
752 982 869 1007 tamen
897 972 962 1005 nisi
990 972 1024 1003 in
1053 970 1132 1003 edd.
1163 969 1273 1001 minus
1301 967 1504 999 emendatis.
1555 966 1644 997 Nam

125 1041 244 1063 omnes
268 1026 370 1059 Aldd.
402 1025 536 1058 habent
565 1024 694 1071 epulis.
741 1025 860 1067 Itque
882 1020 997 1053 oculis
1024 1017 1160 1050 Nonius
1190 1016 1225 1048 in
1256 1016 1392 1048 rimari.
1488 1013 1558 1047 600
1581 1025 1643 1044 re-

127 1077 229 1122 quies
241 1074 354 1119 fibris
374 1085 425 1115 pr.
447 1072 570 1104 Hamb.
617 1073 789 1112 (renatus
813 1067 936 1100 Medic.
958 1079 977 1098 a
998 1078 1041 1098 m.
1065 1077 1119 1108 pr.
1149 1062 1244 1103 lVr.)
1341 1062 1410 1095 602
1437 1063 1514 1101 Quo
1533 1071 1644 1104 Super

126 1125 227 1156 Rom.
276 1121 361 1153 silis
380 1119 480 1153 Leid.
531 1119 684 1151 cadente
711 1123 783 1148 tres
802 1128 858 1159 ap.
884 1116 995 1146 Burni.
1045 1124 1113 1156 que
1140 1123 1158 1142 a
1187 1108 1304 1141 multis
1330 1107 1512 1147 (Pierianis
1547 1105 1642 1143 ufir.)

127 1170 249 1209 abest,
276 1167 382 1200 etiam
413 1179 432 1199 a
463 1168 562 1198 Rom.
610 1163 720 1200 Male3
757 1162 848 1194 inest
877 1161 966 1193 enirn
995 1158 1045 1191 vis
1079 1158 1123 1190 ad
1152 1155 1366 1189 reddendam
1397 1154 1536 1187 auribus
1567 1152 1645 1184 soni

128 1216 325 1260 imaginem.
377 1215 500 1256 (Recte
528 1218 647 1244 tuetur
675 1209 872 1244 XVeichert.
904 1206 1065 1251 copulam
1099 1204 1133 1236 in
1161 1204 1353 1235 Comment.
1381 1203 1406 1233 I.
1440 1204 1494 1233 De
1527 1201 1645 1231 Versu

128 1266 231 1296 Poet.
254 1263 353 1307 Epic.
373 1262 617 1304 Hypermetro
639 1271 673 1302 p.
697 1259 770 1297 222„
795 1257 870 1288 iure
889 1263 1000 1288 tamen
1021 1257 1224 1296 aspernatus
1246 1248 1373 1292 Heynii
1393 1248 1427 1279 in
1453 1259 1493 1279 ea
1518 1246 1645 1278 defen-

130 1310 244 1342 denda
265 1320 417 1340 acumen.
450 1307 544 1348 IVr.)
593 1305 675 1337 Cum
695 1304 785 1343 hoc,
811 1302 905 1346 quod
926 1300 1105 1344 sequitur,
1132 1297 1304 1330 communi
1324 1294 1523 1327 narratione
1545 1294 1645 1325 Tan-

128 1358 200 1390 talo
220 1355 417 1393 tribuatur,
442 1366 506 1386 nec
529 1352 650 1391 trinis,
677 1350 735 1395 qui
753 1355 1008 1388 memorantur,
1034 1344 1134 1378 simul
1154 1344 1323 1376 tributum
1345 1342 1430 1374 alibi
1457 1342 1522 1372 sit:
1559 1346 1646 1384 pot-

132 1411 185 1437 est
212 1403 322 1435 lectio
357 1404 512 1434 Romana
547 1399 737 1444 praeferri:
776 1409 846 1442 quo
878 1407 1008 1440 super,
1056 1400 1092 1425 ut
1129 1389 1361 1433 interrogatio
1400 1388 1645 1421 continuetur:

131 1451 218 1496 quid
257 1450 592 1488 memorem—Quo
617 1443 947 1492 super—inminet
974 1439 1174 1473 adsimilis?
1222 1438 1296 1469 Etsi
1325 1435 1381 1468 vel
1410 1435 1479 1474 sic,
1517 1434 1545 1465 si
1578 1433 1647 1465 hoe

132 1497 285 1530 scribere
312 1495 481 1527 voluisset
516 1495 634 1533 Maro,
669 1491 861 1536 scripturus
890 1488 1030 1521 suisset:
1063 1489 1132 1525 Ec,
1167 1497 1277 1530 Super
1309 1491 1393 1515 atra
1424 1482 1516 1514 silex
1546 1492 1648 1525 quern

131 1546 203 1578 iam
221 1544 396 1589 lapsura,
422 1542 638 1585 cadentique
658 1540 817 1571 Inminet
837 1534 1042 1569 adsimilis?
1090 1533 1211 1572 Nune,
1246 1542 1321 1563 cum
1351 1528 1457 1562 semel
1486 1527 1552 1560 liue
1582 1527 1648 1558 de-

132 1591 309 1630 venerim,
346 1589 450 1621 video
483 1600 546 1620 nos
575 1593 688 1619 totum
716 1586 829 1618 locum
852 1582 942 1615 male
974 1578 1197 1613 constituisse
1227 1577 1318 1609 mala
1347 1574 1648 1619 interpunctione3

133 1650 209 1671 cum
229 1636 444 1681 pergendum
468 1641 560 1667 esset
578 1633 614 1665 in
633 1630 931 1675 interrogatione,
957 1634 993 1660 et
1010 1626 1232 1660 referendum
1258 1624 1321 1665 ad,
1346 1623 1432 1669 quid
1452 1632 1650 1660 memorem,

133 1684 170 1718 id
199 1684 292 1729 quod
324 1682 501 1727 sequitur,
547 1681 616 1713 hoc
645 1680 769 1712 modo:
803 1676 912 1722 (Quid
945 1685 1053 1719 porro
1079 1683 1267 1705 memorem
1294 1682 1352 1702 eos
1365 1670 1386 1710 ,)
1422 1681 1512 1713 quos
1540 1679 1651 1713 saper

135 1740 220 1764 atra
255 1731 347 1763 silex
383 1731 455 1762 iam
488 1730 559 1761 iam
600 1726 752 1759 labszira
791 1724 1008 1767 cadentique
1037 1721 1196 1754 Inminet
1231 1716 1430 1750 adsimilis?
1478 1716 1652 1747 Memorat

136 1778 257 1822 itaque
277 1788 365 1809 nunc
384 1776 493 1815 alios,
527 1787 591 1806 nec
618 1773 796 1813 nominat,
832 1771 969 1802 diverso
999 1779 1127 1811 genere
1160 1776 1294 1809 poenae
1326 1763 1534 1806 castigatos:
1569 1771 1651 1793 saxo

138 1824 245 1869 capiti
263 1823 462 1856 imminente
483 1822 665 1859 sedentes3
691 1820 772 1852 inde
795 1818 902 1856 alios,
928 1815 1053 1860 quibus
1078 1813 1201 1858 epulae
1222 1812 1336 1844 lautae
1356 1809 1541 1854 appositae
1561 1813 1654 1847 sunt,

137 1872 241 1905 Furia
260 1877 402 1903 vetante
429 1870 525 1902 cibos
547 1868 734 1911 attingere.
785 1864 861 1910 (Uti
884 1862 1059 1906 Heynius,
1095 1860 1143 1892 sic
1169 1857 1379 1902 Pomponius
1406 1856 1553 1889 Sabinus
1586 1866 1654 1886 VSS.

137 1920 207 1954 602
222 1919 354 1952 -6072
381 1917 426 1949 ad
446 1915 631 1949 Tantalum
655 1921 813 1958 spectare
837 1910 1021 1944 existimat.
1069 1906 1208 1940 Servius
1227 1906 1314 1937 haec
1342 1910 1475 1936 tantum
1491 1929 1498 1942 ‚
1533 1903 1656 1934 lucent

137 1964 346 2011 genialibus
366 1977 463 2007 sqq,
499 1963 543 1994 de
571 1961 722 1994 Tantalo
757 1960 851 1992 dicta
879 1957 1024 2000 accipit;
1057 1954 1119 1987 illa
1142 1964 1246 1993 verO,
1285 1954 1383 1993 Quos
1408 1962 1569 1995 super—
1586 1948 1656 1980 ad-

139 2013 289 2053 similis,
316 2010 359 2043 ad
378 2011 531 2043 Ixionem
552 2015 587 2041 et
604 2008 800 2040 Pirithoum
823 2005 947 2044 refert5
974 2014 1017 2035 en
1046 2001 1117 2034 eius
1138 2000 1244 2032 verba
1268 1998 1312 2030 ad
1340 2010 1388 2029 vs.
1417 1997 1516 2031 616:
1552 1998 1656 2036 „Ra-

140 2094 180 2142 4,
218 2108 255 2144 p.
296 2095 378 2134 806
416 2097 568 2131 narrat.
631 2090 786 2127 voltur:
826 2087 870 2124 in
987 2083 1241 2125 601—607.
1274 2081 1360 2117 Duo
1383 2077 1549 2116 Homeri
1570 2077 1657 2113 loca

139 2151 318 2190 Homero
353 2150 432 2188 duo
460 2150 666 2195 vultures,
699 2146 750 2184 ad
783 2152 869 2183 ter—

140 2222 274 2248 rorem
293 2208 493 2245 maiorem.
554 2206 600 2242 In
622 2206 703 2246 598
720 2226 775 2232 --
788 2206 869 2244 600

142 2266 344 2305 laboravit
376 2271 490 2316 poeta
527 2265 661 2310 forte,
700 2267 748 2299 ut
783 2261 872 2298 Ho—

143 2325 338 2363 mei-icum
365 2322 544 2375 Δέρτρον
578 2320 654 2359 ἔσω
682 2315 872 2364 δύνοντες

144 2382 403 2433 ΕΧΡΓῘΠΊΕΓΕῘ.
476 2378 700 2416 illllllorlale
748 2378 869 2423 iec'lll'7

143 2439 309 2479 Hesiodi
372 2438 420 2475 de
473 2434 711 2475 Prometheo
762 2428 873 2485 ’ἧπαρ

146 2494 359 2538 ἀθάνατον
393 2501 452 2532 est
481 2493 626 2543 Theog.
655 2494 750 2534 523.
798 2491 875 2540 Je-

146 2556 280 2593 emula
299 2555 443 2605 poenis
464 2555 633 2597 viscera,
660 2549 875 2600 praeclare,

146 2614 286 2660 iecur,
329 2611 438 2661 quod
465 2609 685 2647 renascitur
720 2606 770 2644 ad
800 2619 877 2643 no·-

148 2685 243 2709 vum
267 2669 524 2721 supplicium,
555 2672 602 2703 ut
622 2666 769 2702 iterum
791 2663 878 2701 erui

149 2728 287 2780 possit.
349 2728 499 2777 epulis,
536 2723 585 2761 ad
613 2722 759 2773 epulas.

149 2794 338 2823 mamm:
371 2784 419 2821 de
449 2781 717 2820 animantibus
748 2780 877 2831 pabu-

148 2844 231 2881 lum
256 2856 275 2880 e
296 2849 404 2879 terra
427 2839 670 2878 eruentibus.
722 2839 785 2876 Sic
806 2852 877 2889 cy-

148 2901 213 2952 gni
232 2902 430 2937 rimamur
440 2907 564 2949 prata
578 2898 720 2947 Georg.
736 2896 763 2946 l,
782 2894 878 2937 384,

819 2723 877 2758 ri-

929 2148 1020 2180 ante
1045 2140 1180 2178 oculos
1206 2137 1370 2185 habuit,
1402 2136 1477 2174 Od.
1509 2139 1543 2183 λ,
1574 2135 1654 2175 581

930 2200 979 2237 de
996 2198 1183 2245 Tantalo,
1218 2202 1258 2232 et
1277 2196 1359 2237 592
1389 2194 1437 2231 de
1465 2190 1658 2242 Sisypho;

929 2257 1106 2295 fabulam
1135 2261 1265 2291 tamen
1307 2252 1421 2290 affert
1451 2266 1471 2287 a
1502 2249 1659 2300 vulgari

931 2314 1163 2353 narratione
1215 2311 1441 2348 diversam:
1482 2308 1660 2345 Ixionem

932 2380 971 2410 et
1020 2370 1246 2409 Pirithoum
1298 2382 1347 2405 ex
1400 2365 1660 2418 Lapitharum

932 2437 1050 2482 gente
1069 2427 1282 2473 oriundos,
1315 2425 1486 2463 assidere
1520 2423 1660 2474 epulis,

934 2502 1031 2525 saxo
1065 2499 1186 2537 supra
1217 2492 1338 2535 caput
1367 2484 1543 2520 minante
1573 2481 1662 2519 rui-

932 2560 1038 2584 nain.
1080 2545 1227 2582 Verum
1249 2543 1288 2579 in
1319 2542 1482 2580 Marone
1507 2537 1663 2576 occurri

935 2611 974 2641 et
1007 2602 1057 2640 ad
1090 2615 1215 2639 unum
1247 2600 1417 2649 aliquem
1455 2599 1576 2636 alium
1619 2610 1665 2633 ac

936 2662 1138 2700 diversum
1170 2672 1232 2697 res
1270 2658 1411 2696 referri
1438 2662 1568 2709 potest
1598 2655 1664 2692 in-

934 2720 1214 2770 terpunctione
1251 2722 1425 2755 mutata:
1471 2730 1508 2752 v.
1542 2713 1588 2750 V.
1622 2713 1663 2749 L.

936 2777 998 2815 Ad
1009 2777 1221 2827 Phlegyan]
1241 2774 1390 2812 Statius
1412 2774 1427 2810 l
1445 2772 1567 2810 Theb.
1582 2772 1664 2810 713

937 2843 977 2873 et
996 2835 1047 2873 ad
1069 2834 1281 2885 Phlegyan]
1303 2839 1343 2869 et
1364 2831 1513 2868 Thesea
1536 2828 1663 2865 valer.

937 2894 996 2932 Fl.
1014 2894 1064 2943 II,
1086 2895 1166 2934 192
1186 2905 1269 2942 sqq.
1295 2889 1372 2927 hoe
1387 2889 1489 2926 idem
1513 2886 1666 2938 suppli-
