1779 3420
157 242 259 291 954
495 241 553 290 P.
597 240 968 290 VIRGILII
1004 239 1380 289 MARONIS

153 368 253 417 Hic
273 383 479 430 mamm,
503 367 575 417 ob
600 367 827 433 patriam
852 365 1147 432 pugnando
1168 364 1393 415 volnera
1416 366 1684 432 passi,660

157 439 372 505 Quique
394 437 699 489 sacerdotes
724 437 870 496 casti,
910 436 1042 485 dum
1065 437 1167 485 vita
1187 436 1457 499 manebat,

156 509 371 576 Quique
399 509 472 574 pii
490 518 663 570 vateS‚
706 515 757 555 et
781 506 1009 556 Phoebo
1037 505 1195 570 digna
1221 506 1402 570 locuti,

153 581 402 630 Inventas
433 588 520 628 aut
541 578 632 645 qui
656 577 818 626 vitam
842 575 1124 625 excoluere
1145 593 1245 641 per
1267 577 1405 640 artis,

153 740 368 774 versantes,
393 730 560 776 pedestre
580 741 656 763 voc.
710 730 843 764 choros
869 729 960 762 coni.
982 729 1118 771 Heins.,
1153 729 1217 763 sed
1238 729 1350 762 choro
1372 728 1534 762 absolute
1553 728 1682 761 dictum

152 791 240 824 pro,
264 779 299 811 in
321 779 445 821 choro,
472 778 616 811 chorum
644 777 817 810 ducendo.
867 777 978 810 clzoro
1003 778 1203 823 paenentis
1230 776 1354 819 fragm.
1376 778 1492 811 VatIc.
1521 788 1541 809 a
1560 788 1606 809 m.
1628 787 1682 820 pr.

150 826 309 859 Maerob.
353 827 418 865 ΙΙΙ,
460 826 505 859 2:
536 836 747 870 „paeantem
787 832 983 864 canentes,
1035 823 1179 868 antiqno
1224 823 1397 856 vocabulo
1442 823 1681 856 vitulantes.“

152 874 223 908 660
243 885 360 919 passa
396 872 524 915 Bigot„
565 883 606 903 ex
642 871 829 916 interpret.
936 872 1003 906 661
1043 880 1207 904 maneret
1233 870 1369 903 Nonius
1399 870 1453 903 bis
1482 877 1517 902 et
1547 868 1681 903 Zulioh.

151 932 172 952 a
191 932 235 952 m.
256 932 310 964 pr.
362 920 403 963 (E
431 918 547 951 verbis
567 918 696 951 Servii:
731 919 835 960 „dum
867 917 903 949 in
924 919 1168 951 communione
1201 918 1295 950 vitae
1338 919 1681 958 versarentur,“

152 966 320 1000 coniiciat
348 966 501 998 sortasse
532 964 679 1009 aliquis,
713 965 805 998 hunc
833 976 973 1010 quoquc
992 965 1120 1009 legisse
1153 973 1329 998 rizaneret.
1359 965 1454 1008 Wr.)

1553 963 1623 998 662
1647 971 1683 996 et

151 1014 260 1046 cedro
285 1014 319 1046 d.
341 1016 438 1047 Serv.
458 1013 502 1045 ad
524 1014 701 1052 V11,·l78.
725 1013 808 1055 (Sed
829 1011 918 1045 male
938 1013 1007 1046 ista
1028 1014 1096 1046 huc
1116 1014 1328 1055 referuntur,
1351 1024 1440 1057 quae
1459 1018 1539 1044 sunt
1562 1012 1681 1043 ePer-

151 1061 215 1094 sio.
238 1060 335 1103 lVr.)

150 1109 164 1140 i
181 1115 309 1141 mutata
333 1115 385 1140 est
405 1107 441 1140 in
460 1120 489 1141 e.
515 1108 610 1152 lVr.)

148 1225 438 1278 Hyperboreos
463 1233 535 1266 aut
564 1227 685 1266 Indos
712 1233 783 1265 aut
799 1227 886 1279 Ny-

148 1299 252 1334 sam3
283 1285 413 1323 multo
440 1287 574 1325 minus
605 1300 655 1324 ex
676 1286 885 1324 nominum

148 1343 431 1394 similitudine,
478 1344 691 1394 Rhodani,
741 1343 884 1392 Rheni,

149 1416 196 1439 ae
230 1402 444 1452 similibus,
493 1403 580 1441 veri
610 1403 762 1453 aliquid
802 1403 886 1454 peti

147 1466 295 1512 potest.
338 1462 545 1499 Eridanus
566 1476 756 1511 superne,
787 1460 828 1499 h.
854 1474 885 1500 e.

148 1532 199 1556 ex
217 1518 387 1557 editiore
407 1519 508 1568 loco,
536 1520 725 1568 volmar,
760 1521 884 1569 venit,

145 1578 374 1628 plurimus;
417 1578 573 1616 dictum
600 1578 802 1629 eleganter
833 1578 886 1616 ad

147 1649 332 1686 magnam
363 1650 560 1686 aquarum
590 1637 746 1688 copiam
779 1636 885 1674 desi-

147 1694 372 1744 gnandam:
407 1702 455 1733 ut
482 1695 499 1732 I
536 1696 605 1732 Ge.
632 1698 712 1735 187
734 1709 826 1732 cum
844 1709 883 1731 se

146 1766 230 1789 max
245 1752 428 1802 plurima
448 1754 563 1790 silvis
577 1753 723 1790 Jmluec
739 1755 780 1790 in
791 1753 882 1802 sto-

146 1824 242 1846 rem.
320 1810 385 1847 Sic
432 1807 576 1857 πολλὸς
627 1824 702 1860 pro
761 1810 884 1862 μέγας

146 1867 333 1918 Apollon.
362 1867 402 1916 I,
447 1871 530 1910 760
566 1874 606 1905 et
635 1868 741 1905 alibi.
792 1868 885 1905 licet

146 1938 239 1976 crgo
264 1925 396 1963 dicere
428 1939 510 1963 esse
529 1927 756 1976 plurimum
776 1925 883 1963 idem

145 1983 257 2034 quod
276 1998 490 2035 inagnum.
537 1985 601 2022 Sic
619 1984 688 2022 inf.
711 1983 792 2031 VH,
827 1987 880 2026 53

144 2042 326 2079 Albunea
373 2057 477 2094 (state
511 2045 697 2080 maxima
747 2051 876 2080 sonat.

144 2100 267 2152 Apud
298 2101 484 2138 Servium
522 2115 609 2151 sup.
640 2100 691 2138 ad
722 2114 757 2138 v.
798 2103 880 2141 603

145 2159 341 2197 Tantalus
367 2161 410 2195 in
444 2159 627 2196 Eridano
651 2158 880 2209 lnserornm

143 2226 249 2255 stare
284 2223 500 2267 narratur3
532 2230 611 2267 quo
636 2216 789 2267 liquere
814 2217 878 2254 vi-

145 2275 265 2313 detur
296 2275 414 2313 etiam
441 2276 489 2313 ab
518 2276 604 2312 aliis
634 2275 763 2327 poetis
787 2275 877 2312 Eri-

145 2333 295 2370 danum
336 2334 451 2371 simili
490 2334 648 2371 ratione
679 2334 798 2371 fuisse
835 2334 877 2370 in

142 2392 279 2429 inseris
316 2392 576 2429 celebratum.
638 2390 724 2440 An,
767 2391 877 2441 quod

142 2449 343 2487 Eridanus
385 2450 549 2488 alterius
595 2448 879 2500 hemisphaerii

142 2507 252 2544 sidus
286 2513 368 2556 est,
419 2514 557 2559 poetas
591 2508 641 2545 ad
684 2507 791 2545 lianc
817 2507 877 2545 rei

142 2566 414 2602 narrationem
434 2566 540 2603 sorte
559 2566 760 2604 adduxit?
820 2564 876 2603 At

142 2622 229 2675 pari
249 2623 335 2660 iure
359 2636 378 2659 e
405 2623 585 2673 mythico
608 2624 773 2661 Eridani
798 2637 874 2661 usu

143 2694 287 2719 nomen
316 2681 365 2717 ad
398 2681 508 2718 sidus
540 2682 780 2719 translatum
804 2688 874 2729 est,

142 2746 182 2777 et
204 2738 283 2777 hoc
310 2738 438 2777 multo
477 2739 742 2789 probabilius,
784 2741 876 2788 quia

142 2798 302 2835 nomina
331 2796 508 2834 siderum
539 2809 558 2833 e
593 2796 736 2834 sabulis
769 2797 876 2833 anti—

142 2856 229 2906 quis
272 2856 450 2906 prosecta
491 2860 606 2904 sunt3
655 2868 705 2891 an
741 2853 874 2892 locuni

141 2914 331 2963 figmento
350 2913 441 2951 fecit
468 2911 568 2960 hoc,
600 2911 709 2962 quod
732 2912 875 2949 Erida—

141 2985 238 3009 num
259 2971 504 3021 antiquiores
525 2970 565 3008 in
584 2983 630 3008 ex
640 2976 767 3008 tremo
791 2970 874 3008 Eu—

432 1061 500 1096 663
525 1061 674 1094 coluere
693 1073 762 1094 sec.
780 1062 911 1093 Moret.
939 1060 1055 1104 (artes
1072 1061 1198 1105 fragm.
1217 1061 1312 1102 Vat„
1338 1061 1431 1093 artis
1451 1059 1594 1100 Medic.‚
1619 1057 1682 1091 sed

945 1240 1068 1278 ropae
1099 1227 1307 1265 occidente
1340 1225 1465 1263 fluere
1494 1223 1679 1262 credide-

945 1298 988 1323 re
1000 1286 1018 1323 ’Β
1059 1285 1128 1322 Sin
1155 1285 1233 1322 hac
1259 1284 1482 1322 subtilitate
1516 1283 1679 1320 omnino

942 1343 1005 1382 vis
1027 1357 1174 1393 carere,
1199 1342 1448 1394 sequendum
1469 1348 1541 1391 est,
1570 1340 1680 1391 quod

945 1402 1052 1439 inter
1095 1402 1288 1440 Serviana
1324 1401 1524 1439 occurrit:
1573 1398 1678 1448 „Alii

944 1460 1167 1498 Eridanum
1196 1474 1270 1512 pro
1300 1471 1542 1510 quocunque
1571 1458 1679 1495 acci«

949 1518 1088 1570 piunt,
1139 1525 1178 1556 et
1219 1519 1363 1556 dicunt
1400 1512 1494 1557 κατ’
1537 1512 1680 1567 ἐξοχήν

945 1577 1120 1624 dietum,
1151 1590 1245 1615 narn
1271 1577 1437 1628 legimus
1464 1575 1482 1612 l
1505 1575 1574 1612 Ge.
1593 1575 1678 1615 482

944 1636 1185 1673 lr'luvtormn
1214 1637 1306 1673 Rex
1340 1634 1562 1672 Eridanus.
1627 1632 1679 1670 Et

944 1689 1082 1731 amant
1118 1700 1259 1745 poetae
1293 1707 1366 1744 pro
1410 1690 1677 1743 appellatione

942 1765 1093 1803 ponere
1112 1765 1275 1803 magnae
1299 1752 1356 1802 (et
1374 1751 1414 1787 in
1439 1763 1510 1787 suo
1535 1761 1677 1799 genere

942 1810 1190 1860 praeclarae)
1214 1810 1271 1848 rei
1294 1808 1597 1860 proprietatem,
1630 1813 1676 1844 ut

945 1867 957 1904 l
994 1868 1135 1917 Georg.
1169 1870 1215 1908 9:
1250 1869 1405 1917 pocula
1435 1866 1675 1903 Acheloiaf‘

942 1925 1070 1963 Etiam
1090 1924 1354 1962 Callimachus
1371 1925 1510 1975 fragm.
1530 1937 1567 1974 p.
1591 1925 1674 1964 473

943 1996 961 2020 e
982 1984 1115 2022 Strab.
1145 1984 1214 2031 IX,
1248 1986 1332 2025 608
1364 1983 1585 2021 Eridanum
1620 1980 1675 2017 ita

941 2042 1103 2079 dixerat
1114 2056 1188 2093 pro
1206 2041 1372 2079 flumine
1390 2042 1565 2079 omnino.
1587 2038 1673 2076 No-

940 2100 1124 2138 bilitatur
1153 2113 1216 2138 res
1252 2099 1429 2151 vulgaris
1462 2096 1673 2150 splendido

939 2159 1114 2197 nomine.
1159 2158 1255 2209 (Sed
1274 2159 1315 2196 in
1341 2157 1439 2196 certi
1462 2156 1673 2194 cuiusdam

938 2217 1014 2254 loci
1051 2217 1320 2268 descriptione
1363 2216 1552 2266 quodque
1595 2227 1673 2251 no-

937 2288 1027 2313 men
1062 2275 1225 2327 proprie
1251 2274 1551 2325 accipiendum3
1588 2271 1671 2311 vid.

936 2333 982 2373 V.
996 2334 1036 2370 L.
1050 2333 1101 2370 ad
1120 2334 1188 2371 Ge.
1208 2334 1272 2381 IV,
1286 2336 1380 2374 291.
1425 2333 1612 2369 Ceterum
1632 2343 1670 2369 v.

937 2391 1096 2443 copiose
1132 2391 1181 2429 de
1209 2391 1385 2429 Eridano
1421 2390 1671 2441 disputantes

937 2449 1047 2487 Voss.
1079 2450 1129 2487 ad
1162 2450 1303 2500 Georg.
1338 2463 1424 2501 pag.
1461 2450 1552 2489 195.
1586 2459 1670 2496 sqq.

936 2514 976 2544 et
996 2508 1248 2546 Wernsdorf.
1272 2507 1322 2545 ad
1343 2508 1453 2545 Poet.
1472 2506 1555 2542 Lat.
1574 2504 1668 2541 Min.

935 2566 978 2604 Τ.
1003 2565 1047 2603 V.
1083 2566 1212 2605 11111.
1242 2580 1280 2618 p.
1309 2564 1433 2607 1440.
1464 2576 1548 2614 sqq.
1576 2562 1667 2600 Not.

940 2622 1053 2674 lVr.)

993 2679 1252 2722 660-665.
1292 2679 1420 2716 Locus
1441 2677 1489 2714 de
1508 2677 1666 2728 piorum

936 2740 1056 2776 turba
1081 2751 1101 2774 e
1123 2737 1409 2785 nobilioribus,
1449 2742 1508 2784 et,
1549 2748 1667 2785 quem

936 2810 957 2832 a
997 2795 1248 2845 generosiore
1289 2795 1420 2832 animo
1459 2794 1531 2832 vix
1567 2799 1666 2844 puto

934 2854 1007 2903 legi
1050 2867 1186 2904 posse,
1238 2852 1334 2902 quin
1378 2852 1595 2891 incalescat
1628 2856 1667 2888 et

934 2925 1098 2961 magnac
1139 2911 1303 2949 virtutis
1333 2910 1467 2949 studio
1504 2909 1665 2946 inssani-

934 2975 1085 3008 inetur:
1132 2969 1357 3007 imitatione
1395 2981 1604 3020 expressus
1644 2980 1665 3003 a
