1779 3420
167 227 269 275 414
553 211 1304 266 EXCURSUSVI

167 353 273 393 mine
293 349 534 401 inscriptum
560 347 786 386 debeamus.
846 342 892 379 In
922 340 1216 380 Holdsworthii
1247 348 1288 380 et
1311 340 1471 392 Spencii
1498 341 1692 378 Annotat.

169 418 211 449 et
233 410 347 448 Obss.
365 407 416 445 ad
439 406 480 444 h.
501 407 526 444 l.
549 406 668 443 etiam
689 400 884 441 nonnulla
905 413 1036 451 nuper
1055 400 1220 452 legimus
1236 429 1246 449 ‚
1278 400 1347 438 sed
1385 398 1563 449 vulgaria
1599 399 1694 448 fere,

169 469 318 522 partim
340 472 381 505 et
403 464 512 504 falsa.

567 683 1142 744 EXCURSUS
1222 685 1316 740 VI

409 800 959 847 Laocoontis
1028 800 1459 842 clamores.

292 924 339 970 II,
371 924 468 964 222.
509 920 714 958 Clamores
738 918 863 956 simul
879 917 1093 956 horrendos
1116 917 1176 956 acl
1205 917 1339 954 sidera
1371 917 1473 954 tollit
1501 915 1697 953 Laocoon.

177 987 291 1032 Quae
316 980 426 1019 docti
455 979 531 1017 viri
562 984 764 1017 nostrates
795 990 926 1028 nuper
961 989 1081 1026 super
1111 974 1150 1014 h.
1179 975 1204 1013 l.
1234 975 1506 1027 disputarint,
1547 973 1700 1012 recenti

176 1046 337 1081 tenetur
363 1037 567 1076 memoria.
627 1035 725 1074 Mihi
756 1035 919 1086 quidem
936 1064 947 1083 ,
990 1033 1088 1084 quid
1113 1034 1156 1072 in
1184 1040 1305 1085 poeta
1333 1033 1608 1071 excusandum
1636 1031 1701 1070 vel

178 1097 475 1138 defendendum
497 1095 627 1134 videri
649 1095 818 1142 debeat,
850 1092 1033 1131 nondum
1063 1093 1157 1130 satis
1189 1091 1329 1142 liquet.
1390 1092 1507 1129 Certe
1536 1104 1585 1128 ne
1617 1091 1700 1128 cla—

177 1170 307 1196 mores
325 1160 587 1202 memoraret,
619 1152 721 1191 1111111
738 1165 828 1189 011111
858 1151 1062 1188 deterrere
1083 1151 1232 1202 potuit.
1291 1150 1392 1187 Nam
1412 1151 1454 1188 in
1476 1150 1701 1187 Laocoonte

179 1229 252 1255 1100
282 1214 415 1252 herois
447 1218 519 1250 aut
548 1212 679 1263 magni
716 1211 791 1250 viri
830 1208 1031 1247 10111111άο
1067 1217 1107 1245 et
1138 1209 1386 1258 constantia,
1428 1221 1502 1245 nec
1529 1207 1702 1245 Romani

179 1273 351 1327 pectoris
382 1270 628 1323 gladiatoriis
657 1268 894 1321 spectaculis
923 1266 1075 1305 efferati
1102 1267 1332 1305 immanitas
1368 1266 1532 1304 omnino
1573 1266 1702 1303 ullum

179 1332 326 1370 habere
368 1334 500 1382 potest
541 1329 687 1366 locum.
758 1326 969 1377 Agendum
1000 1331 1089 1363 erat
1118 1331 1261 1376 poetae
1291 1324 1475 1376 inprimis
1501 1324 1601 1373 hoc,
1656 1329 1703 1361 ut

180 1395 416 1443 portentum
455 1388 621 1424 terroris
662 1392 702 1423 et
740 1384 922 1423 horroris
951 1384 1116 1435 plenum
1143 1382 1378 1432 offerretur,
1428 1396 1509 1433 quo
1540 1382 1704 1420 Troiani

181 1446 449 1499 obstupefacti
469 1446 737 1497 suspicionem
758 1443 914 1481 fraudis
950 1442 1084 1479 animo
1115 1441 1366 1480 dimitterent
1396 1447 1436 1479 et.
1464 1442 1624 1492 Equum
1661 1440 1704 1478 in

180 1507 323 1545 urbem
344 1506 577 1556 reciperent.
640 1503 683 1540 In
708 1502 776 1540 tali
805 1501 969 1539 consilio
1000 1501 1190 1538 clamoris
1220 1500 1325 1538 ratio
1364 1498 1503 1537 haberi
1535 1513 1557 1536 a
1584 1504 1705 1551 poeta

182 1570 344 1617 poterat
363 1562 582 1611 hactenus,
615 1560 724 1612 quod
745 1560 797 1598 ad
820 1565 1018 1597 terrorem
1048 1558 1274 1609 augendum
1300 1558 1493 1596 clamores
1512 1557 1704 1609 ingentes,

184 1637 285 1674 quos
306 1621 392 1660 tolli
415 1620 575 1669 audias,
608 1621 737 1657 facere
770 1623 941 1671 possunt
969 1622 1009 1654 et
1039 1617 1133 1668 ipsi,
1171 1616 1212 1654 111
1241 1623 1323 1654 tam
1351 1616 1478 1655 atroci
1510 1629 1624 1663 casu,
1662 1615 1705 1652 in

185 1695 265 1732 quo
288 1686 458 1717 naturae
476 1679 672 1730 impulsus
689 1677 747 1715 ita
770 1678 870 1724 sert,
902 1682 950 1713 ut
971 1675 1188 1712 clamorem
1215 1676 1343 1714 tollas.
1404 1675 1540 1725 Neque
1569 1687 1613 1710 ea
1641 1686 1706 1710 res

186 1738 394 1777 fastidium
437 1743 506 1775 aut
545 1735 896 1788 reprehensionem
924 1733 1073 1771 habere
1104 1738 1248 1784 potest.
1308 1732 1524 1771 Enimvero
1555 1731 1706 1769 doloris

187 1797 304 1844 victi,
338 1802 581 1846 questusque
602 1793 772 1847 repressi
787 1794 852 1831 vel
869 1791 1104 1844 temperati,
1136 1791 1222 1829 laus
1241 1792 1404 1829 omnino
1427 1791 1563 1828 suisset
1582 1790 1705 1828 nulla.

188 1856 276 1893 Non
303 1855 406 1892 enim
429 1854 477 1891 de
495 1867 628 1905 pugna
650 1853 897 1902 vulnereque
921 1856 1086 1900 accepto
1112 1849 1254 1899 agitur.
1313 1847 1420 1886 Nihil
1448 1848 1515 1886 1110
1543 1848 1592 1886 de
1621 1847 1705 1886 vir-

187 1920 277 1952 tute
295 1912 482 1962 militari,
517 1910 620 1949 nihil
652 1911 701 1948 de
727 1909 968 1948 fortitudine
997 1907 1197 1959 sapientis.
1258 1907 1536 1945 Constantiam
1564 1920 1609 1944 ac
1640 1912 1708 1943 to-

188 1971 400 2009 lerantiam
422 1970 462 2008 in
482 1969 662 2021 prodigio
681 1969 844 2019 eiusque
875 1966 1049 2006 horrore
1075 1966 1318 2004 declarando
1350 1979 1466 2004 nemo
1495 1965 1707 2003 desiderat.

190 2029 319 2067 Aliter
337 2042 399 2067 res
421 2041 461 2065 se
480 2027 646 2065 haberet
672 2027 715 2064 in
746 2027 970 2064 Laocoonte
1003 2025 1045 2063 in
1081 2037 1240 2061 scenam
1272 2025 1499 2076 producto,
1544 2022 1709 2073 quando

190 2101 321 2125 mores
341 2087 425 2124 eius
445 2086 561 2124 simul
580 2091 677 2123 sunt
703 2083 970 2136 exprimendi.
1033 2082 1217 2133 Virgilius
1247 2096 1343 2121 vero
1381 2083 1512 2120 omnia
1545 2082 1595 2119 ad
1624 2087 1710 2118 ter—

189 2159 322 2184 rorem
349 2145 488 2183 ess'eire
512 2150 552 2181 et
584 2144 723 2181 debuit
753 2149 793 2180 et
826 2142 970 2181 voluit.
1041 2141 1222 2189 Scilicet,
1260 2141 1371 2192 quod
1402 2141 1481 2179 iam
1516 2140 1592 2178 alio
1621 2140 1710 2176 loco

192 2203 426 2256 (Antiquar.
458 2202 790 2252 Abhandlzmgesz
828 2201 861 2237 ΙΙ
892 2203 949 2238 st.
980 2198 1057 2252 pr.)
1105 2212 1127 2235 a
1163 2212 1226 2236 me
1263 2199 1458 2237 monitum
1494 2205 1576 2246 est,
1619 2210 1711 2234 cuin

192 2263 320 2299 multa
351 2261 551 2299 subtiliter
583 2267 622 2298 et
649 2265 763 2297 acute
795 2271 915 2309 super
942 2259 1169 2294 Laocoonte
1201 2257 1404 2309 disputata
1433 2258 1535 2305 sint,
1580 2255 1712 2306 inpri—

193 2320 266 2357 mis
302 2333 421 2370 super
461 2318 761 2370 comparatione
801 2316 990 2354 carminis
1019 2321 1060 2352 et
1098 2315 1414 2367 symplegmatis,
1454 2321 1551 2353 sunt
1579 2320 1713 2352 tamen

194 2378 383 2429 pleraque
415 2391 434 2413 a
462 2390 506 2414 re
540 2384 580 2415 et
610 2391 630 2413 a
661 2381 778 2428 poeta
811 2375 952 2412 aliena.
1012 2373 1144 2410 Inanis
1186 2380 1273 2411 erat
1309 2374 1528 2424 disputatio
1572 2371 1712 2419 omnis,

195 2441 332 2474 utrum
363 2435 507 2472 artifex
536 2440 717 2486 poetam,
759 2447 809 2470 an
848 2432 915 2469 hic
941 2431 1155 2479 artificem,
1198 2437 1288 2468 ante
1329 2432 1465 2468 oculos
1504 2429 1714 2476 habueri13

194 2499 318 2530 restat
359 2493 463 2530 enini
503 2492 690 2539 tertium,
743 2490 853 2540 quod
889 2502 1032 2527 verum
1066 2494 1145 2536 cst,
1186 2488 1370 2526 habuisse
1402 2495 1619 2538 utrumque
1649 2486 1714 2523 di—

196 2563 333 2588 versos
361 2556 545 2587 auctores
575 2563 674 2599 quos
706 2554 961 2597 sequeretur,
1009 2546 1129 2583 fuisse
1169 2560 1328 2595 quoqne
1366 2547 1576 2596 utriusque
1617 2559 1716 2582 con—

198 2608 328 2645 silium
361 2608 475 2659 plane
512 2608 735 2644 dixersum:
778 2605 880 2641 alter
909 2604 1014 2640 0111111
1052 2603 1130 2639 1100
1158 2604 1314 2641 efficere
1352 2604 1504 2651 voluit,
1557 2609 1603 2641 ut
1640 2603 1717 2639 nii-

198 2666 436 2704 serationem
475 2670 675 2712 moveret,
725 2663 825 2699 alter
863 2668 1018 2707 autem,
1068 2660 1180 2697 Maro
1219 2668 1377 2710 noster,
1430 2668 1475 2699 ut
1509 2667 1716 2699 terrorem.

197 2723 307 2761 Haec
330 2724 361 2760 si
383 2721 734 2766 animadverteris,
768 2726 814 2756 ut
832 2732 945 2770 saepe
971 2718 1035 2766 fit,
1068 2731 1185 2756 omne
1207 2734 1372 2757 acumen
1395 2719 1590 2758 concidit:
1621 2719 1719 2757 red-

198 2781 229 2819 it
249 2795 311 2819 res
330 2780 381 2818 ad
407 2794 603 2819 suminam
627 2778 934 2830 simplicitatem.
