1779 3420
154 202 256 249 600

479 198 533 246 Ρ.
571 196 936 247 VIRGILII
972 195 1343 245 MARONIS

154 323 526 389 Ductoresque
554 321 663 385 alii,
702 338 838 388 quos
863 319 1037 371 Africa
1056 329 1196 370 terra
1217 319 1504 386 triumphis

155 394 314 444 Dives
337 392 445 443 alit:
483 392 750 458 placitone
781 392 939 441 etiam
960 391 1220 457 pugnabis
1246 392 1451 440 amori?

156 466 269 514 Nec
287 463 432 511 venit
453 463 507 511 in
526 471 770 511 mentem
784 503 797 526 ,
837 478 1071 528 quorum
1094 460 1400 510 consederis
1423 459 1555 508 arvis
1569 465 1592 509 Ρ

157 534 295 583 Hinc
315 532 566 582 Gaetulae
582 531 761 594 urbes,
798 546 967 594 genus
990 530 1350 597 insuperabile
1370 529 1537 592 bello,

1609 536 1676 580 40

158 606 227 654 Et
243 601 508 653 Numidae
528 600 725 650 infreni
753 602 998 666 cingunt,
1046 609 1098 649 et
1123 600 1391 665 inhospita
1417 599 1606 663 Syrtis;

159 673 297 722 Hinc
319 672 528 722 deserta
549 672 630 720 siti
654 671 802 735 regio
818 711 830 734 ‚
867 670 1080 736 lateque
1104 668 1350 719 furentes

255 825 301 860 37
326 824 420 858 alios
440 823 610 857 Rottend.
633 835 703 857 sec.
738 820 880 867 Affrica
899 819 1017 861 multi3
1043 819 1125 854 hine
1144 822 1271 854 Attica
1291 821 1418 854 Moret.
1443 832 1512 853 sec.
1547 820 1680 852 trium-

164 872 258 917 phos
278 873 390 912 Rom„
415 871 516 904 male.
566 870 744 917 triumphi
763 870 866 902 dives
893 868 1047 901 malebat
1069 874 1104 900 et
1134 868 1192 901 hic
1213 869 1388 901 Heinsius.

1482 868 1528 901 38
1555 867 1682 899 Placi-

163 919 259 951 done
279 925 426 962 quatuor
444 918 538 961 apud
558 919 673 950 Burm.
703 928 778 950 cum
797 915 874 948 aliis
905 915 998 960 apud
1018 914 1168 948 Pieriam
1181 941 1190 956 ,
1229 922 1264 948 et
1286 914 1456 948 Rufinian.
1484 914 1528 946 de
1550 914 1680 946 schem.

163 964 231 997 lex.
248 978 283 1010 p.
306 966 386 1005 251,
412 965 473 997 sed
494 971 529 997 et
549 965 577 997 is
599 970 696 997 recte
717 963 876 1009 praefert
894 963 1052 1007 placito,
1090 962 1183 1006 quod
1206 969 1241 995 et
1270 964 1384 995 Burm.
1418 974 1459 993 ex
1479 973 1511 994 v.
1538 962 1584 995 22
1603 960 1682 992 vin-

165 1011 271 1044 dicat.
320 1011 549 1058 oppugnabis
565 1023 633 1044 sec.
651 1012 781 1043 Moret.
829 1011 867 1042 In
886 1009 993 1042 Goth.
1017 1015 1101 1041 tert.
1132 1008 1189 1042 hic
1216 1021 1334 1042 versus
1366 1014 1450 1054 post
1474 1020 1505 1040 v.
1535 1008 1578 1041 41
1608 1014 1682 1039 erat

164 1058 325 1091 reiectus.

165 1105 264 1138 alias.

420 1059 465 1092 39
491 1071 565 1091 non
591 1059 693 1091 venit
716 1057 877 1090 Parrhas.
894 1063 929 1089 et
953 1056 1061 1089 Goth.
1081 1067 1136 1100 pr.
1184 1057 1386 1089 considetis
1408 1055 1525 1095 multi,
1551 1060 1588 1086 ut
1607 1055 1683 1086 fere

359 1106 405 1139 40
428 1105 584 1137 Getalae
611 1105 647 1137 in
688 1104 865 1149 plerisque.
894 1103 1070 1136 scribitur.
1106 1115 1139 1136 ν.
1170 1104 1272 1145 Picr.,
1307 1104 1370 1135 sed
1390 1104 1449 1135 Gr.
1468 1101 1683 1135 Γαιτοῦλοι.

164 1163 283 1199 genus
298 1151 533 1185 intractabile
549 1150 643 1185 bello
663 1152 851 1191 Romanus,
875 1150 969 1183 forte
992 1162 1033 1182 ex
1050 1149 1114 1182 lib.
1134 1151 1160 1192 I,
1184 1151 1266 1185 339.
1315 1148 1563 1195 insuperabile
1573 1147 1683 1193 Jerro

166 1209 252 1231 unus
272 1198 436 1231 Leidens.

507 1198 550 1233 41
578 1202 634 1231 En
653 1198 701 1231 N.
722 1198 812 1230 alter
833 1197 957 1230 Hamb.
991 1198 1089 1230 Hinc
1107 1197 1154 1230 N
1178 1200 1275 1230 Serv.
1298 1197 1342 1229 ad
1367 1197 1415 1236 X,
1441 1197 1520 1231 750.
1555 1195 1686 1239 effreni

166 1246 290 1278 Hamb.
309 1257 363 1289 pr.
388 1256 454 1289 pro
476 1257 547 1278 var.
569 1245 651 1278 lect.
700 1243 842 1291 inferni
862 1243 1009 1277 Vratisl.
1058 1243 1219 1288 Respicit
1238 1255 1372 1277 versum
1392 1242 1563 1275 Ausonius
1585 1243 1682 1274 Grat.

167 1298 235 1326 act.
254 1293 300 1325 ad
319 1292 476 1325 Gratiam.
495 1293 557 1325 sub
578 1293 603 1325 f.
621 1291 845 1324 mirabamur
860 1299 1018 1338 poetam,
1051 1292 1114 1336 qui
1131 1289 1299 1336 infrenos
1324 1291 1470 1323 dixerat
1493 1289 1685 1323 Numidas.

168 1339 273 1380 Quod
299 1339 385 1372 Silio
414 1341 451 1381 I,
476 1340 545 1374 215
576 1339 775 1380 Nomades,
803 1351 896 1384 gens
924 1339 1041 1371 inscia
1066 1336 1183 1384 steni.
1224 1338 1282 1370 ubi
1311 1350 1342 1370 v.
1376 1339 1492 1381 Intpp.
1540 1338 1687 1388 (Syrtes

166 1385 294 1419 Medic.
319 1389 374 1421 W
369 1385 412 1430 r.)

483 1386 530 1421 42
552 1387 626 1419 sita
647 1385 759 1420 Wall.
781 1392 816 1418 et
840 1385 963 1418 Hamb.
986 1396 1038 1430 pr.
1057 1397 1077 1417 a
1094 1397 1138 1418 m.
1159 1396 1228 1417 sec.

1268 1384 1438 1430 furentis
1459 1391 1529 1415 tres
1553 1384 1686 1421 Heius„

168 1439 208 1466 ut
225 1432 405 1478 iungatur,
438 1432 584 1478 lateque
596 1431 766 1478 furentis
786 1433 943 1465 Barcaei
961 1432 1049 1478 quid
1068 1430 1184 1473 bella,
1219 1431 1282 1464 sed
1304 1431 1415 1463 minus
1436 1430 1538 1462 bene.
1587 1430 1684 1462 late—

170 1492 239 1526 que
260 1488 441 1526 vagantes
463 1485 613 1526 quatuor
639 1481 823 1513 Burmann.
856 1485 892 1512 et
923 1478 973 1512 sic
1000 1478 1120 1512 laudat
1146 1478 1400 1523 Hieronymus:
1433 1490 1481 1510 sc.
1506 1488 1548 1510 ex
1574 1476 1688 1509 inter—

169 1527 382 1571 pretatione.

170 1644 317 1682 ribus
348 1644 552 1683 Clausus.“
583 1644 666 1683 vid.
689 1645 826 1683 Burm.
846 1643 899 1682 ad

173 1702 238 1750 ΙΙΙ,
256 1703 353 1743 503.
383 1702 536 1754 plenius
556 1702 603 1751 V,
636 1705 720 1744 61.:
752 1702 900 1751 „Troia

172 1766 453 1811 generatus
485 1761 697 1809 Acestes;“
730 1760 898 1808 addeX,

178 1817 289 1859 141.:
311 1818 519 1866 „Maeonia
539 1830 791 1869 generose
823 1817 901 1855 do·-

173 1878 287 1915 m0.“
332 1875 450 1928 er.)
482 1896 539 1905 —-·
582 1876 636 1912 De
667 1889 711 1913 re
745 1877 794 1915 cf.
832 1875 900 1913 inf.

175 1936 272 1975 321·
314 1931 463 1986 Wclz.)
532 1936 599 1974 37.
630 1933 755 1971 Multa
782 1933 903 1984 igitur

174 1991 278 2029 bella
297 1991 344 2028 ab
366 1991 469 2029 Afris
496 1991 663 2029 feliciter
682 1998 791 2042 gesta
812 1991 903 2029 fue-

175 2062 232 2087 re.
291 2050 477 2088 Declarat
498 2049 729 2100 simpliciter
747 2055 904 2100 gentem

176 2107 415 2145 bellicosam.
487 2105 676 2159 (Videtur
710 2120 754 2144 ea
795 2113 905 2145 terra

178 2165 350 2216 antiquis
378 2165 646 2216 temporibus,
686 2171 734 2203 ut
761 2164 907 2203 hodie-

179 2236 276 2274 que,
306 2223 417 2261 bellis
437 2223 544 2260 inter
567 2223 717 2261 incolas
750 2222 908 2261 assidue

180 2281 336 2331 agitatis
384 2281 572 2319 infestata
615 2286 909 2333 proptereaque

182 2339 291 2376 dives
309 2338 524 2390 triumphis
546 2338 652 2376 dicta
673 2352 765 2376 esse.
790 2338 908 2390 Wr.)

181 2404 283 2433 terra
314 2396 460 2447 Africa
489 2396 670 2446 antique,
709 2403 757 2435 ut
796 2409 910 2448 saepe

182 2454 354 2502 Ennius,
395 2454 513 2502 Cato,
553 2454 629 2491 alii.
681 2452 780 2506 (vid.
804 2455 906 2492 Enn.

183 2524 269 2562 pag.
296 2513 388 2552 188.
420 2511 480 2549 ed.
504 2511 651 2548 Hessel.
674 2512 808 2562 ibique
829 2513 910 2549 Co-

184 2569 310 2606 lumn.
348 2568 466 2620 Wr.)
521 2567 722 2610 40—44.
753 2571 910 2607 Gaetu-

185 2627 249 2664 lae
269 2625 393 2673 arbes,
415 2625 465 2662 ad
486 2631 682 2663 terrorem
703 2627 814 2663 urbes
834 2640 909 2677 po-

186 2684 286 2732 suit,
318 2697 409 2721 nam
434 2683 475 2720 in
500 2683 721 2734 mapalibus
750 2683 910 2721 habita-

185 2742 296 2779 bant.
356 2741 416 2778 Ita
454 2742 565 2778 Serv.
606 2741 707 2778 cons.
749 2742 909 2779 Sallust.

187 2799 229 2837 B.
261 2799 289 2837 Ι.
320 2801 386 2841 21.
442 2797 581 2836 Melius
617 2798 722 2835 dices
752 2805 911 2850 poetam

189 2869 398 2895 commune
430 2855 549 2904 illud,
590 2861 631 2893 et
657 2856 734 2893 iam
760 2857 912 2894 Home-

189 2915 336 2962 ricum,
363 2910 502 2961 πόλεις
524 2915 772 2965 expressisse,
803 2915 913 2966 quod

957 1643 1191 1696 simpliciter
1226 1642 1360 1681 sedem
1403 1648 1442 1680 et
1465 1642 1689 1680 habitatio-

958 1716 1050 1740 nem
1085 1702 1279 1752 designat.
1337 1701 1598 1739 Homericum
1631 1706 1690 1737 est

959 1773 1120 1811 quoque
1172 1759 1273 1797 illud
1326 1759 1439 1796 urbes
1463 1781 1509 1786 -
1529 1773 1658 1809 genn-s
1672 1773 1686 1805 ,-

958 1832 1053 1856 nam
1091 1818 1143 1867 is,
1178 1823 1217 1854 et
1258 1817 1340 1854 eius
1387 1817 1569 1868 exemplo
1613 1816 1689 1865 alii,

960 1888 1077 1926 saepe
1095 1872 1233 1922 πόλεις
1266 1889 1339 1927 pro
1360 1874 1501 1912 incolis
1525 1874 1591 1913 vel
1614 1888 1690 1926 po-

961 1933 1065 1986 pulis
1079 1962 1089 1982 ,
1120 1940 1159 1971 et
1181 1933 1267 1971 vice
1288 1946 1404 1971 versa
1428 1933 1597 1984 populos
1617 1946 1690 1984 pro

961 1991 1114 2039 insula,
1167 1991 1232 2028 vel
1270 1997 1378 2028 terra
1418 1997 1458 2028 et
1487 1991 1598 2028 urbe.
1645 1990 1691 2027 cf.

962 2063 1051 2101 sup.
1070 2049 1138 2087 lib.
1164 2049 1193 2098 I,
1215 2050 1412 2096 339fitzes
1431 2048 1589 2099 Libyci,
1615 2062 1692 2098 ge-

962 2122 1037 2145 nas
1060 2113 1132 2145 etc.
1163 2108 1377 2145 Numidae
1396 2107 1553 2158 infreni,
1582 2105 1693 2156 equis

965 2165 1048 2203 sine
1069 2164 1216 2214 frenis3
1247 2178 1310 2203 res
1333 2171 1452 2202 nota:
1485 2164 1532 2201 de
1553 2177 1630 2215 qua
1645 2164 1692 2204 cf.

966 2223 1106 2261 cerda.
1139 2224 1264 2273 Syrtis
1286 2223 1357 2260 int.
1379 2221 1495 2260 Afros
1513 2222 1694 2274 Syrtium

967 2282 1132 2319 accolas.
1172 2294 1258 2333 sup.
1291 2281 1319 2331 1,
1352 2281 1447 2322 539.
1481 2280 1564 2322 540
1584 2279 1695 2327 fines

967 2339 1124 2391 Libyci,
1152 2352 1282 2389 genas
1304 2337 1556 2376 intractabile
1578 2337 1691 2375 bello.

970 2396 1154 2448 (cingunt
1207 2410 1260 2434 se.
1309 2396 1522 2447 imperium
1566 2401 1694 2433 tuum.

968 2455 1052 2492 Liv.
1073 2453 1183 2502 XXI,
1216 2454 1302 2494 43:
1343 2455 1533 2502 „Dextra
1551 2454 1695 2490 laeva-

968 2526 1043 2563 que
1065 2512 1143 2549 cluo
1167 2513 1297 2548 maria
1317 2511 1524 2549 claudum.
1543 2512 1612 2549 JV
1607 2509 1694 2562 elz.)

968 2570 1121 2606 deserta
1148 2570 1234 2617 sili,
1281 2567 1551 2605 inhabitabilis
1588 2568 1696 2605 rari-

969 2632 1053 2663 tate
1074 2638 1211 2675 aquae.
1239 2628 1350 2663 Serv.
1397 2625 1599 2675 Significat
1622 2639 1697 2663 au-

968 2690 1048 2720 tem
1079 2685 1205 2731 Anna,
1247 2697 1268 2720 a
1301 2684 1407 2721 nulla
1439 2689 1553 2734 parte
1581 2684 1696 2734 quic—

970 2755 1090 2791 quam
1112 2741 1250 2778 auxilii
1279 2756 1325 2780 ac
1346 2741 1535 2793 praesidii
1557 2741 1697 2780 Poenis

970 2812 1083 2850 posse
1109 2798 1272 2850 sperari.
1316 2799 1395 2852 (vel
1420 2799 1575 2850 potius:
1615 2814 1697 2838 un—

972 2857 1090 2907 dique
1110 2857 1211 2894 bella
1226 2858 1370 2895 minari
1390 2858 1570 2895 nationes
1582 2858 1699 2895 belli-

972 2915 1190 2953 cosissimas
1211 2922 1251 2954 et
1271 2915 1545 2954 ferocissimas.
1571 2915 1696 2956 Mle-ll.
