1779 3420
148 246 249 292 990

472 243 524 291 P.
566 241 917 292 VIRGILII
957 241 1332 291 MARONIS

146 368 245 418 Ille
278 367 601 433 triumphata
626 368 886 433 Capitolia
913 368 978 417 ad
1009 367 1105 416 alta
1131 367 1394 418 Corintho

147 440 330 491 Victor
352 446 469 502 aget
492 455 706 487 currum
725 479 736 499 ‚
777 439 937 487 caesis
958 439 1173 502 insignis
1199 438 1422 489 Achivis,

146 513 313 560 Eruet
332 508 420 557 ille
442 511 635 573 Arg05‚
674 510 1234 574 Agamemnoniasque
1252 513 1516 573 Mycenas,

240 639 309 675 838
334 649 469 671 currus
492 636 593 669 multi
617 648 674 680 ap.
700 635 819 670 Heins.
847 644 883 670 et
907 639 1043 677 Burm.,
1080 638 1190 682 (quod.
1216 644 1335 670 tuetur
1359 639 1452 671 Cort.
1479 637 1523 671 ad
1547 637 1678 670 Lucan.

148 688 191 728 ΙΙ,
226 687 306 722 299.
346 683 442 724 lVr.)
479 684 590 716 minus
624 683 726 717 bene.
776 697 923 717 currum
960 685 1086 717 Medic.
1121 697 1261 729 quoque
1293 686 1472 727 agnoscit,
1507 696 1571 717 nec
1608 695 1678 716 uon

148 735 250 767 Rom.
275 745 350 765 cum
375 730 546 764 Arusiano
569 731 701 765 Messe.
736 731 840 776 (adde
865 732 898 767 3.
923 731 956 765 6.
983 733 1016 767 8.
1045 733 1098 768 11.
1128 734 1182 767 12.
1213 739 1247 765 et
1273 731 1342 768 vid.
1368 734 1412 774 Q.
1438 733 1483 766 V,
1506 733 1616 773 VIIII,
1643 732 1678 773 3,

148 782 213 814 ix.
243 779 339 823 Wr.)

153 885 339 940 Μηκέτι,
385 885 505 925 παῖδε
543 885 677 935 φίλω,
716 886 884 938 πολεμί-

151 948 244 995 ζετε,
265 941 366 997 μηδὲ
389 941 609 996 μάχεσθον.
670 944 766 985 834.
788 944 886 981 [mi-

149 1004 251 1043 tatio
271 1002 418 1041 Lucani
440 1007 500 1039 est
526 1002 556 1050 I,
592 1001 718 1053 princ.
746 1018 886 1053 popa—

150 1064 312 1114 lumque
331 1068 533 1112 polentem
554 1061 604 1098 ltz
626 1075 703 1097 sua
732 1062 889 1098 vic—(rici

150 1134 381 1158 conversum
415 1120 569 1156 viscera
593 1119 722 1169 ferro.
788 1119 884 1161 835.

150 1178 303 1217 Statius
342 1176 439 1215 hinc
478 1176 597 1228 petiit
642 1176 766 1215 Theb.
820 1177 887 1226 Ill,

152 1240 235 1279 239
267 1251 362 1285 νας,
398 1250 419 1272 0
440 1237 577 1286 superi
596 1265 605 1282 ‚
639 1250 751 1273 meus
776 1237 887 1273 ordi-

151 1309 200 1333 ne
226 1296 420 1345 sanguis,
457 1295 527 1331 Ne
555 1302 743 1344 pugnate
765 1294 882 1331 odiis.

151 1354 301 1391 Notata
339 1352 427 1390 loca
471 1366 492 1388 a
541 1352 680 1390 Cerda.
740 1352 888 1391 Versus

153 1412 249 1455 835.
278 1413 360 1452 836
386 1409 437 1447 ad
467 1410 718 1448 clementiam
744 1411 888 1448 Caesa—

152 1469 208 1508 ris
247 1470 491 1507 reseruntur.
563 1469 644 1506 Cur
681 1470 889 1507 Caesarem

152 1528 404 1581 potissimum
435 1526 629 1579 appellet,
661 1541 798 1566 caussa
831 1528 891 1565 al-

153 1587 236 1625 lata
256 1591 313 1623 est
339 1586 381 1623 in
410 1584 489 1623 hoc
519 1585 627 1637 ipso:
661 1600 792 1637 genus·
821 1587 893 1638 qui

155 1646 269 1683 ducis
290 1644 478 1695 Olympo,
503 1657 555 1682 se.
578 1656 650 1696 per
671 1644 801 1682 Iulum
823 1657 893 1682 seu

157 1702 386 1744 Ascanium,

214 1758 475 1802 837—841.
508 1760 596 1797 Duo
625 1773 765 1798 versus
796 1762 891 1802 837.

157 1820 241 1861 838
272 1817 325 1855 ad
353 1819 404 1855 L.
445 1820 699 1855 M'ummiam
727 1818 890 1855 Achai-

157 1891 249 1914 cum
269 1875 492 1928 pertinere,
525 1875 703 1913 dubitari
731 1876 873 1926 nequit
883 1891 893 1925 3

157 1946 287 1984 neque
315 1933 479 1986 probari
509 1947 623 1986 posse
654 1941 753 1985 puto
784 1934 893 1972 Har-

159 1992 344 2031 duiniad
374 1992 549 2030 Plinium
579 1993 622 2030 Τ.
654 1992 702 2042 11,
736 2006 774 2044 p.
809 1991 892 2033 646

157 2051 419 2099 sententiam,
452 2051 520 2101 qui
542 2056 677 2088 totum
699 2050 833 2088 locum
855 2063 896 2089 v.

159 2111 308 2150 837-
327 2110 408 2150 841
440 2108 489 2146 ad
525 2109 732 2146 Caesarem
760 2114 894 2146 retra-

158 2166 293 2205 hebat.
353 2167 567 2219 Repugnat
600 2168 692 2216 ille,
726 2169 818 2215 ille,
854 2172 894 2205 et

161 2224 416 2276 triumphata
451 2225 686 2273 Corinthus,
729 2231 769 2263 et
797 2226 894 2264 reli—

160 2297 251 2334 qua.
310 2283 475 2320 Poetam
518 2284 701 2321 ordinem
732 2290 894 2336 tempo—

160 2355 253 2379 rum
301 2340 541 2379 historicum
592 2342 728 2380 studio
781 2348 892 2380 certo

159 2398 273 2437 haud
303 2401 444 2450 sequi,
483 2400 560 2437 iam
589 2400 726 2438 multis
756 2413 894 2438 exem-

160 2457 237 2509 plis
265 2457 453 2496 vidimus.
512 2458 714 2507 Liberius,
756 2459 895 2510 prouti

162 2515 325 2553 adstant
365 2517 517 2553 animae
538 2546 548 2565 ‚
612 2530 677 2553 eas
731 2517 894 2555 excitat.

162 2572 400 2611 Mummium
464 2580 598 2612 autem
644 2575 897 2626 potissimum

164 2636 450 2668 commemorat
467 2646 550 2670 non
570 2641 655 2670 tam
682 2633 897 2684 insigniore

164 2688 298 2739 aliquo
318 2689 423 2727 inter
440 2696 592 2728 ceteros
611 2704 773 2742 magnos
788 2692 897 2729 viros

164 2747 310 2785 merito
332 2776 342 2796 ,
399 2760 520 2796 quam
557 2748 668 2797 quod
697 2749 892 2797 Achivos,

166 2806 353 2854 Graecos,
380 2804 484 2843 bello
502 2804 678 2842 Achaico
702 2807 896 2853 consecto,

164 2863 409 2915 profligavit,
428 2876 472 2901 re
494 2863 546 2901 ad.
562 2862 736 2901 hominis
755 2864 898 2902 Troia-

167 2921 209 2959 ni
249 2934 410 2959 sensum
450 2927 577 2972 grata.
636 2921 690 2958 At
721 2921 789 2972 qui
819 2935 897 2960 VSS.

165 2985 413 3030 sequuntur,
446 2979 498 3018 ad
527 2992 645 3031 quem
671 2992 722 3018 ex
746 2980 898 3018 Roma-

946 885 1006 923 nis
1031 885 1200 923 ducibus
1226 885 1429 924 referendi
1461 885 1564 934 sint,
1605 885 1679 923 ob-

945 957 1109 982 scurum
1152 944 1328 983 videtur.
1400 944 1463 982 Ad
1508 943 1680 982 eundem

945 1002 1185 1040 Mummium
1229 1017 1279 1041 ne
1320 1003 1491 1051 reseras,
1531 1002 1598 1041 vel
1638 999 1681 1043 τὸ

945 1062 1022 1099 Ille
1052 1062 1297 1109 intercedit,
1329 1061 1439 1112 quod
1474 1061 1681 1099 diversum

949 1119 1121 1170 aliquem
1155 1120 1351 1171 designat.r
1396 1119 1557 1158 Veteres
1577 1119 1681 1170 Pyr—

947 1176 1073 1216 rhum
1102 1178 1210 1230 Epiri
1238 1179 1286 1217 R.
1320 1178 1464 1229 respici
1495 1177 1681 1215 credide-

946 1242 1069 1285 runt,
1112 1250 1134 1273 a
1163 1237 1283 1275 Curio
1326 1242 1366 1274 et
1398 1236 1582 1274 Fabricio
1616 1235 1680 1274 vi-

948 1300 1077 1341 ctum,
1110 1295 1179 1345 qui
1205 1295 1247 1333 in
1282 1301 1379 1332 noto
1412 1295 1530 1333 Ennii
1562 1306 1682 1332 versu

946 1353 1147 1391 Aeac-icles
1171 1352 1325 1402 dictus,
1357 1366 1449 1391 nam
1469 1366 1592 1405 genus
1617 1352 1682 1389 ille

948 1411 996 1449 ab
1044 1411 1198 1449 Achille
1245 1418 1284 1449 et
1314 1411 1444 1449 Aeaco
1485 1410 1682 1461 ducebat3

947 1469 1017 1507 sed
1036 1469 1190 1521 reliqua
1218 1470 1260 1508 in
1291 1469 1352 1507 his
1378 1483 1500 1509 verss.
1529 1482 1683 1508 memo-

949 1534 1037 1566 rata
1054 1528 1095 1565 in
1129 1541 1219 1566 eum
1250 1543 1332 1567 non
1371 1528 1542 1578 cadunt3
1574 1527 1683 1566 unde

949 1600 1056 1624 vana
1090 1586 1247 1638 Virgilii
1284 1586 1544 1638 reprehensio
1587 1593 1682 1624 nata

951 1644 1061 1697 apud
1083 1645 1181 1683 Gell.
1206 1646 1258 1693 X,
1294 1648 1358 1687 16.
1418 1644 1599 1696 Iniquior
1628 1649 1684 1681 est

953 1703 1322 1741 Grammaticorum
1354 1704 1547 1741 strictura
1576 1702 1684 1754 apud

950 1763 1146 1813 Pompon.
1169 1761 1259 1800 Sab.
1289 1763 1385 1799 Hoc
1414 1776 1575 1799 carmen
1599 1776 1683 1810 pu-
1749 1794 1751 1797 .

951 1828 1039 1857 tant
1058 1834 1077 1856 e
1095 1828 1205 1857 textu
1225 1820 1437 1856 delendam
1459 1833 1540 1857 esse
1553 1835 1564 1856 :
1586 1833 1685 1856 nam

955 1876 1158 1927 Virgilius
1173 1878 1323 1927 procul
1341 1877 1460 1914 dubio
1489 1879 1527 1914 si
1555 1891 1685 1914 corre-

951 1937 1099 1983 xisset,
1133 1935 1288 1986 ficisset
1313 1943 1563 1981 exemturus;
1605 1936 1686 1971 nisi

951 1993 1115 2044 aliquid
1148 1994 1378 2043 adspexerit
1411 1993 1526 2030 nobis·
1571 1994 1684 2029 inc-o-

950 2053 1128 2102 gnilum.
1201 2050 1386 2089 Minimae
1429 2050 1686 2089 difficultates

953 2115 1069 2158 sunt,
1101 2108 1133 2147 si
1162 2123 1253 2147 cum
1286 2109 1384 2147 viris
1420 2109 1546 2147 doctis
1576 2108 1685 2161 apud

954 2167 1124 2205 Cerdam
1147 2175 1187 2205 et
1211 2167 1263 2205 ad
1283 2168 1382 2206 Gell.
1401 2167 1426 2206 l.
1456 2181 1487 2208 e.
1519 2168 1574 2204 L.
1598 2167 1684 2204 Ae—

953 2227 1113 2263 milium
1143 2226 1348 2264 Paullum,
1384 2225 1513 2263 Persei
1549 2225 1685 2263 victo-

953 2298 1040 2322 rem
1071 2284 1226 2322 Aeneae
1255 2284 1304 2321 ab
1336 2282 1506 2321 Anchise
1531 2283 1686 2321 ostendi

952 2349 1080 2394 putes.
1142 2342 1408 2393 Cogitandum
1427 2348 1583 2391 autem,
1614 2355 1686 2378 nos

953 2401 994 2438 in
1013 2401 1204 2439 vaticinio
1227 2400 1402 2450 versari5
1419 2412 1549 2450 neque
1573 2399 1686 2445 adeo,

954 2459 1064 2509 quod
1092 2459 1133 2496 in
1161 2459 1282 2496 sacris
1309 2459 1551 2496 Iudaeorum
1578 2457 1688 2495 vati—

952 2517 1027 2555 bus
1044 2518 1124 2555 sere
1142 2516 1380 2567 interpretes
1399 2516 1501 2553 male
1522 2516 1687 2564 faciunt,

957 2575 1009 2612 ad
1034 2575 1323 2627 proprietatem
1349 2573 1539 2612 orationis
1561 2579 1602 2610 et
1621 2572 1688 2610 111-

956 2633 1100 2671 storiae
1123 2633 1325 2670 subtiliter
1351 2633 1480 2670 onmia
1511 2644 1593 2668 esse
1619 2643 1687 2668 re-

956 2691 1152 2730 vocanda.
1199 2690 1309 2743 Quin
1334 2696 1453 2741 poeta
1472 2688 1687 2727 vaticinio-

955 2763 1049 2786 rum
1072 2745 1369 2798 ambiguitatem
1390 2754 1430 2785 et
1461 2746 1687 2785 obscurita-

955 2812 1037 2842 tem
1059 2805 1193 2843 studio
1223 2805 1424 2843 affectasse
1453 2805 1585 2844 videri
1615 2804 1688 2842 de-

956 2864 1036 2901 bet.
1098 2863 1285 2901 Graeciae
1332 2877 1425 2916 opes
1472 2863 1551 2900 iam
1597 2867 1688 2900 ante

958 2920 1197 2960 Corinthum
1220 2921 1392 2960 excisam
1409 2923 1577 2970 fractas,
1599 2920 1688 2958 Ma-

958 2979 1124 3018 cedonia
1181 2979 1340 3020 devicta
1362 3010 1374 3030 ‚
1424 2979 1687 3026 indicaturus,
