1827 3436
421 202 840 254 AENEIDOS
881 202 1027 253 LIB.
1066 204 1133 264 ΙΙ,
1171 210 1469 257 260-274
1613 216 1714 262 307

255 333 493 396 Tempus
520 338 654 392 erat,
695 346 804 395 quo
827 329 1000 395 prima
1023 330 1174 395 quies
1209 330 1526 381 mortalibus
1549 336 1714 398 aegris

182 400 396 466 Incipit,
437 408 490 448 et
512 398 661 448 dono
688 400 870 449 divom
899 399 1192 464 gratissima
1219 401 1397 466 serpit.

181 472 243 519 In
276 470 503 533 somnis,
559 486 710 533 ecee,
781 479 903 520 ante
948 469 1133 519 oculos
1175 471 1558 520 maestissimus
1605 476 1713 522 He-

973 549 1090 589 ctor
1610 550 1713 596 270

181 609 334 661 Visus
357 608 539 658 adesse
560 608 720 673 mihi,
760 609 1045 677 largosque
1071 607 1359 660 effundere
1384 609 1561 674 fletus,

180 681 437 744 Raptatus
458 678 590 744 bigis
615 689 674 729 ut
694 680 998 746 quondam,
1038 689 1260 747 aterque
1285 690 1509 731 cruento

180 748 407 798 Pulvere
423 790 435 811 ,
473 766 682 817 perque
705 750 873 816 pedes
897 751 1146 800 traiectus
1168 750 1281 800 lora
1300 752 1569 803 tumentis,

178 819 278 868 Hei
298 818 453 883 mihi,
498 820 665 886 qualis
692 826 826 872 erat!
866 829 1128 888 quantum
1153 829 1387 871 mutatus
1409 821 1472 871 ab
1498 821 1590 871 illo

273 938 342 973 268
368 945 470 978 erat,
496 950 575 971 cum
602 939 700 971 fuere
731 938 790 984 qui
820 938 981 983 legerent
1009 945 1104 972 teste
1135 939 1296 979 Guellio3
1333 940 1396 972 sed
1425 946 1610 985 utrumque
1640 940 1711 974 dici

178 997 252 1019 mos
277 992 343 1018 est.
440 986 510 1020 270
535 987 723 1019 Insomnis
743 998 810 1018 una
829 997 936 1026 voce,
962 985 1063 1018 multi
1085 999 1140 1031 ap.
1161 987 1282 1020 Heins.
1332 988 1519 1020 insomnes
1536 988 1709 1021 Montalb.

177 1034 379 1079 insompnis
398 1032 498 1065 Leid.
523 1044 601 1073 un.;
642 1033 704 1065 sed
725 1044 796 1066 non
815 1033 1010 1066 insomnem
1036 1033 1145 1066 fuisse
1174 1037 1328 1067 Aeneam
1364 1040 1463 1079 patet
1492 1047 1532 1066 ex
1563 1047 1591 1068 v.
1625 1035 1706 1076 302,

179 1080 238 1112 ubi
258 1081 444 1113 excutitur
466 1092 613 1120 sonm03
652 1080 747 1124 quod
768 1080 836 1113 iam
858 1081 975 1114 Burm.
1003 1080 1149 1114 monuit.
1199 1082 1237 1114 in
1267 1083 1404 1114 somnis
1437 1081 1573 1114 divisim
1602 1081 1708 1115 etiam

177 1128 301 1172 fragm.
318 1126 433 1159 Vatic.
532 1128 599 1162 271
626 1126 964 1173 reficndereMedic.
976 1127 1093 1161 Pierii.
1134 1128 1281 1173 flaccus
1301 1128 1436 1172 aliquot
1453 1128 1544 1162 Pier.
1587 1130 1710 1174 fletus

176 1174 368 1218 Hamburg.
390 1173 498 1214 alter,
533 1186 564 1207 v.
594 1174 657 1207 inf.
686 1176 766 1210 298.
860 1176 933 1210 272
971 1173 1107 1221 biiugis
1133 1175 1303 1208 Rottend.
1326 1182 1429 1218 tert.,
1464 1176 1559 1220 quod
1587 1176 1707 1209 Heius.

177 1221 413 1266 praeferebat.
461 1220 592 1254 Sustuli
614 1221 851 1266 importunam
873 1221 1194 1267 interpunctionem
1216 1228 1298 1267 post
1318 1221 1421 1268 bigis.
1459 1224 1510 1267 (et
1532 1223 1610 1256 tolli
1632 1235 1707 1256 eam

177 1268 394 1302 Wakefield.
418 1267 592 1307 iusserat3
629 1281 669 1301 ac
688 1268 795 1301 nolim
818 1280 950 1302 comma
972 1281 990 1301 a
1009 1269 1131 1302 Iahnio
1154 1270 1348 1314 repositum
1364 1282 1457 1310 esse;
1483 1282 1596 1314 neque
1616 1269 1707 1303 enim

176 1315 246 1349 hoc
264 1315 350 1349 dicit
369 1321 495 1359 poeta:
521 1314 638 1356 „visus
663 1322 716 1348 est
735 1316 860 1348 adesse
882 1322 1040 1361 raptatus
1064 1323 1099 1348 et
1122 1317 1334 1355 traiectus;“
1361 1316 1424 1348 sed
1446 1317 1569 1359 „talis‚
1594 1317 1706 1362 qualis

176 1369 277 1403 erat,
310 1374 413 1407 quum
436 1369 591 1407 raptatus
626 1365 755 1395 esset.“
805 1364 930 1407 Neque
958 1374 1042 1395 vero
1071 1363 1265 1407 periculum
1297 1370 1372 1405 est,
1406 1376 1449 1396 ne
1479 1364 1576 1408 quis,
1610 1364 1707 1409 quod

176 1409 316 1442 Iahnius
334 1414 495 1452 veretur,
521 1409 609 1442 haec
630 1409 679 1442 ita
698 1409 893 1454 intelligat:
929 1416 989 1451 „ut
1012 1410 1186 1454 quondam
1216 1409 1381 1451 flevit,
1416 1423 1519 1455 quum
1544 1418 1704 1456 raptatus

177 1460 306 1490 esset.“
336 1455 432 1499 Wr.)
529 1456 599 1492 274
623 1458 672 1489 Ei
688 1457 818 1490 Medic.
839 1457 962 1500 fragm.
982 1457 1096 1490 Vatic.
1111 1457 1278 1490 Rottend.
1293 1470 1345 1501 pr.
1374 1458 1449 1501 (hei
1466 1457 1576 1491 Palat.
1606 1458 1703 1502 lVr.)

174 1504 246 1537 heu
270 1503 342 1536 alii.
392 1504 450 1548 (At
472 1503 542 1536 heu
566 1516 648 1544 me,
675 1515 744 1537 non
766 1505 801 1536 lz.
828 1517 861 1536 m
873 1505 944 1537 ilzi
962 1503 1128 1537 dicebant
1146 1505 1316 1543 Romani,
1342 1512 1463 1538 contra
1492 1505 1553 1538 lzei
1578 1506 1704 1546 milri,

175 1563 246 1583 non
269 1552 329 1584 lzei
347 1563 428 1589 me3
456 1550 526 1583 vid.
548 1551 705 1585 Huschk.
727 1551 771 1583 ad
791 1550 924 1584 Tibull.
948 1553 990 1592 11,
1011 1552 1044 1591 6,
1067 1553 1130 1590 283
1167 1551 1224 1596 qni
1247 1552 1420 1595 integram
1438 1552 1596 1585 Santenii
1622 1554 1704 1585 No-

174 1604 248 1630 tam
271 1598 315 1631 ad
335 1597 432 1630 Balb.
454 1609 534 1642 pag.
557 1599 634 1633 138.
659 1598 864 1638 transtulit3
899 1598 960 1631 cfr.
982 1598 1089 1631 etiam
1115 1598 1207 1631 infra
1226 1599 1290 1640 XI,
1311 1598 1368 1633 57.
1392 1599 1471 1640 XII,
1494 1601 1574 1634 6⁶20.
1606 1600 1702 1643 lVr.)

175 1645 337 1678 Ceterum
352 1646 507 1678 Gronov.
529 1644 688 1678 Diatribe
709 1648 794 1678 Stat.
815 1658 843 1678 c.
864 1646 921 1686 22,
944 1658 977 1690 p.
1002 1645 1079 1687 124,
1112 1646 1271 1678 ordinem
1302 1646 1488 1678 verborum
1520 1645 1568 1679 ita
1598 1645 1703 1679 insti-

173 1692 341 1725 tuendum
361 1691 489 1724 edicit:
527 1700 568 1724 αι
591 1692 773 1737 quondam
795 1701 969 1738 raptatus
992 1700 1026 1724 et
1057 1694 1284 1725 traiectus—
1303 1693 1386 1736 (lzeu
1406 1694 1516 1726 mihi!
1541 1694 1701 1739 qualis?)

174 1747 265 1772 erat.
292 1738 738 1784 quanimn—Durissime.
765 1739 848 1783 (vid.
868 1739 973 1772 etiam
998 1740 1110 1772 Hand.
1131 1740 1175 1772 ad
1196 1740 1219 1772 l.
1241 1739 1264 1773 l.
1297 1740 1392 1783 Wr.)

173 1833 275 1871 tei.“
300 1835 363 1873 ΠΧ
365 1850 397 1872 r.
432 1858 488 1864 —-
506 1838 590 1879 267
622 1836 794 1886 agmina
815 1837 909 1873 izm-

170 1900 297 1943 gunt,
331 1891 372 1930 h.
395 1906 425 1931 e.
451 1893 672 1944 agminibus
702 1907 742 1931 se
774 1893 906 1931 admi—

172 1956 295 1988 scent.
319 1951 368 1988 cf.
383 1951 474 1989 Not.
487 1951 539 1989 ad
550 1952 615 2001 IV,
632 1950 724 1992 142.
753 1948 905 2004 chlz.)

228 2009 312 2050 268
333 2022 416 2060 sqq.
447 2010 575 2047 Locus
590 2040 600 2058 ,
633 2009 697 2047 cui
718 2009 863 2047 similes
886 2022 906 2046 e

171 2065 354 2117 pluribus
387 2067 518 2118 poetis
546 2066 713 2105 excitari
737 2067 904 2118 possint,

172 2123 327 2174 quoties
346 2138 419 2176 per
437 2139 622 2164 somnum
634 2125 780 2176 species
800 2125 904 2163 obii—

172 2181 300 2230 citur,
352 2182 615 2221 adumbratus
653 2182 818 2221 videtur
853 2196 904 2221 ex

171 2239 283 2279 Iliad.
317 2249 373 2290 ψ,
417 2244 471 2282 62
509 2255 586 2292 sq.,
628 2240 698 2279 ubi
729 2241 903 2279 Patrocli

170 2296 321 2335 Umbra
352 2297 496 2337 Achilli
532 2304 710 2351 apparet.
772 2298 904 2350 Virgi-

170 2354 268 2393 lium
307 2356 425 2407 plane
465 2356 660 2409 expressit
692 2357 841 2394 Statius
872 2356 905 2396 V

171 2411 294 2451 Theb.
324 2415 406 2457 265
440 2429 497 2465 sq.
520 2421 561 2453 et
596 2420 726 2452 totum
755 2415 902 2464 locum,

172 2470 239 2520 qui
287 2472 498 2523 sequitur,
556 2475 705 2510 Seneca
753 2472 901 2511 Troad.

171 2527 254 2569 438
277 2542 333 2580 sq.
353 2530 588 2568 mortalibus
617 2532 775 2581 aegris,
807 2544 902 2568 sane

173 2591 217 2623 ut
235 2586 329 2624 alias
347 2589 521 2636 miseris,
554 2588 751 2640 οἰζυροῐς,
780 2591 902 2629 πολυ-

171 2638 334 2694 πόνοις,
364 2647 527 2698 proprie
557 2653 693 2684 tamen
718 2646 900 2685 infirmis.

172 2699 424 2742 Burmannus
461 2705 583 2742 fessos
616 2703 899 2755 laboribusque

172 2763 212 2795 et
234 2760 337 2798 curis
368 2761 522 2800 diurnis
556 2761 739 2812 fatigatos
771 2762 901 2800 inter-

172 2822 363 2865 pretatur.
394 2822 538 2871 serpit,
584 2819 746 2870 quando
766 2820 901 2858 laten-

171 2877 233 2910 ter
260 2876 445 2915 membris
488 2877 728 2916 infunditur.
791 2879 899 2915 Serv.

171 2935 217 2967 ut
237 2929 382 2984 ἕρπειν.
443 2937 539 2976 271.
577 2937 622 2973 V
621 2937 703 2973 isus
739 2936 895 2983 adesse,

970 1835 1130 1873 adstare
1160 1836 1236 1884 sic,
1274 1844 1317 1873 ut
1353 1835 1559 1886 quondam
1594 1835 1701 1873 visus

969 1899 1053 1932 erat
1071 1902 1278 1944 rapacum,
1320 1906 1411 1931 cum
1440 1892 1699 1944 raptabatur:

967 1949 1141 2004 (potiusz
1162 1957 1404 2003 raptatus
1428 1957 1562 1999 erat,
1590 1951 1700 2001 quod

963 2010 1086 2048 etiam
1112 2009 1325 2049 Wunderl.
1357 2009 1472 2047 vidit.
1505 2008 1619 2061 er.)
1660 2023 1697 2047 v.

964 2082 1050 2120 sup.
1070 2068 1100 2118 Ι,
1129 2066 1225 2109 483.
1244 2066 1395 2105 laniato
1426 2080 1517 2114 ore,
1560 2066 1698 2104 foeda-

964 2132 1027 2165 tus
1047 2125 1215 2178 pulvere
1229 2131 1269 2163 et
1284 2124 1453 2177 pedibus
1471 2124 1558 2162 loro
1577 2124 1698 2161 traie-

962 2184 1048 2222 ctis.
1107 2192 1195 2221 aler
1219 2183 1310 2236 plus
1336 2196 1454 2233 quam
1481 2194 1695 2233 respersus,

961 2241 1208 2292 inquinatus,
1241 2239 1392 2292 (atram
1422 2254 1571 2291 agmen
1591 2240 1696 2278 infra

963 2299 1051 2348 XII,
1072 2300 1181 2346 450„
1202 2298 1223 2336 i.
1238 2298 1450 2350 e.pulvere
1467 2297 1696 2347 sordidum,

963 2357 1032 2395 sed
1061 2356 1293 2396 foeditatem
1328 2356 1541 2408 adspectus
1575 2357 1695 2407 magis

961 2414 1095 2453 notari
1112 2414 1269 2452 adiecto
1284 2423 1457 2462 cruenl0‚
1481 2427 1599 2464 quam
1618 2427 1693 2451 vo-

960 2473 1102 2511 cabulo
1132 2481 1242 2520 aler,
1277 2472 1466 2509 admonet
1483 2471 1693 2510 WVunderl.

965 2530 1082 2584 lVr.)
1115 2531 1164 2569 cf.
1186 2543 1326 2569 versus
1338 2530 1572 2568 Homericos
1583 2530 1692 2568 Iliad.

958 2605 993 2640 χ,
1025 2589 1105 2630 401
1131 2602 1215 2639 sqq.
1236 2597 1454 2627 tumentes:
1483 2588 1604 2643 οἰδᾷν
1637 2588 1692 2625 si-

957 2647 1105 2686 militer
1124 2646 1166 2684 in
1186 2646 1318 2684 sabula
1335 2645 1564 2697 Oedipodis.

1014 2704 1098 2747 274
1111 2707 1273 2746 -279.
1303 2704 1463 2742 Nobiles
1483 2716 1622 2742 versus
1640 2715 1690 2741 ex

957 2775 1003 2800 eo
1025 2762 1114 2801 loco
1136 2762 1266 2810 ducti,
1298 2762 1366 2812 qui
1398 2775 1559 2812 magnos
1576 2760 1689 2797 adse—

959 2827 1048 2859 ctus
1065 2819 1212 2858 habere
1239 2820 1358 2867 solet,
1389 2820 1575 2857 fortunae
1601 2819 1688 2868 pri-

958 2879 1084 2916 stinae
1129 2884 1168 2915 et
1209 2878 1428 2929 praesentis
1479 2889 1687 2926 compara-

958 2936 1081 2975 tione,
1141 2936 1310 2974 Versum
1338 2933 1424 2975 274
1453 2934 1569 2971 Ennii
1605 2944 1686 2969 esse

1293 3002 1409 3047 20*
