1827 3436
321 190 410 238 DE
453 184 764 235 CARMINE
806 181 1016 230 EPICO
1056 182 1305 231 VIRGIL.
1524 187 1583 231 13

68 321 235 368 ricum
265 329 421 379 posse
457 309 645 377 perfici
685 318 736 357 et
780 308 981 366 ornari3
1047 314 1162 354 tum
1206 305 1316 353 eius
1346 306 1426 352 vix
1471 321 1583 353 esse

68 402 223 455 posse
263 390 638 446 argumentum
677 378 963 436 idoneum,
1012 375 1107 423 nisi
1143 392 1203 423 ex
1236 374 1421 423 ultima
1454 375 1586 421 anti-

71 456 269 522 quitate
301 462 353 501 et
384 459 553 500 aetate
576 449 808 497 heroum
843 447 1085 512 petitum.
1157 447 1249 493 Est
1281 444 1425 491 enim
1448 460 1474 492 a
1495 460 1586 491 na-

68 536 182 574 tura
222 539 306 571 res
352 522 418 569 ita
464 527 794 584 comparata,
844 526 903 565 ut
950 516 1249 581 priscorum
1284 512 1585 571 hominum,

67 593 238 643 multo
282 591 447 654 magis
481 590 739 647 heroum,
778 589 888 651 ipsa
925 585 1171 643 nomina,
1210 600 1294 631 res
1321 591 1502 646 gestae
1537 590 1589 630 et

70 662 173 712 fata
207 662 366 711 etiam
392 676 489 726 per
514 676 569 708 se
595 674 705 707 non
737 656 873 705 adeo
902 653 1299 713 memorabilia,
1348 653 1587 700 animum

70 734 369 781 humanum
409 737 628 777 teneant
676 735 727 775 et
769 725 1122 775 admiratione
1168 721 1412 772 afficiant.
1498 723 1590 769 Est

70 818 233 868 porro
252 800 333 849 illa
357 807 525 848 aetate
546 813 763 846 morum
787 812 843 844 ac
863 795 1000 843 vitae
1023 792 1329 857 simplicitas
1354 808 1428 852 ea,
1454 807 1587 855 quae

69 872 343 938 poeticum
379 877 629 918 ornatum
664 865 1028 930 sublimesque
1071 879 1255 911 rerum
1292 860 1494 909 formas
1539 869 1591 907 et

71 941 457 990 sententiarum
503 937 813 1001 gravitatem
849 934 1021 982 multo
1063 932 1228 996 magis
1266 930 1589 996 suppeditet,

73 1028 232 1077 quam
253 1010 355 1058 vita
375 1009 665 1056 hominum
686 1005 1002 1068 elegantior3
1043 1001 1260 1068 quando
1297 1017 1590 1066 corporum

71 1081 236 1143 magis
267 1079 464 1127 viribus
511 1086 563 1126 et
599 1077 902 1124 animorum
950 1074 1158 1139 impetu
1191 1088 1248 1120 ac
1280 1071 1471 1119 virtute
1505 1085 1590 1117 res

72 1149 417 1215 gerebantur,
472 1164 631 1212 quam
666 1144 1010 1194 consiliorum
1041 1142 1340 1206 sagacitate,
1391 1148 1443 1189 et
1471 1139 1590 1188 artis

72 1220 157 1270 vel
186 1219 382 1283 ingenii
418 1216 716 1266 subtilitate.
789 1213 1035 1263 Tandem
1071 1211 1320 1275 gerendis
1349 1218 1465 1258 tum
1505 1226 1590 1257 re-

72 1290 173 1339 bus
214 1289 311 1354 ipsi
354 1287 425 1336 dii
465 1284 767 1334 interfuisse
806 1283 1174 1332 credebantur.
1244 1283 1320 1329 lta
1361 1279 1591 1327 deorum

73 1359 377 1408 ministeriis
411 1374 496 1405 res
529 1355 787 1420 explicare
821 1362 873 1402 et
911 1369 971 1401 ex
1010 1360 1125 1399 toto
1165 1350 1308 1413 cyclo
1339 1348 1591 1412 mythico,

77 1446 213 1495 quae
256 1427 441 1489 vellet,
503 1425 828 1490 depromere
872 1430 1095 1488 poterat.
1177 1420 1366 1469 Italicis
1413 1427 1592 1467 autem

77 1497 273 1562 mythis
298 1498 350 1545 in
382 1511 596 1544 carmen
628 1493 868 1543 admissis
903 1507 1105 1539 novam
1137 1499 1188 1539 et
1209 1489 1420 1538 Graecis
1444 1488 1593 1535 inco-

76 1568 275 1632 gnitam
309 1567 619 1615 suavitatem
658 1563 916 1625 adiecit*).
991 1564 1133 1609 Tum
1166 1576 1293 1608 vero
1320 1557 1592 1624 praeclaro

76 1637 272 1687 iudicio
312 1643 688 1699 argumentum
725 1650 785 1682 ex
815 1640 997 1680 vetere
1022 1629 1164 1694 cyclo
1201 1630 1352 1694 epico
1384 1627 1593 1690 delegit,

78 1706 312 1756 necdum
335 1713 614 1754 tractatum
646 1720 673 1752 a
701 1702 840 1752 claro
863 1701 1039 1766 aliquo
1067 1708 1251 1764 poeta,
1289 1714 1389 1746 nec
1413 1706 1591 1745 tamen

77 1777 236 1843 plane
270 1777 551 1837 intactum,
604 1782 656 1822 et
688 1771 978 1821 Homerico
1022 1769 1240 1835 aliisque
1275 1767 1595 1816 carminibus

80 1846 227 1912 quasi
265 1846 573 1908 contiguum
609 1859 666 1891 ac
703 1841 994 1890 finitimum
1014 1846 1099 1903 **).
1177 1841 1253 1887 Ita
1288 1838 1432 1887 enim
1467 1853 1596 1885 con-

79 1924 335 1981 sequutus
363 1923 440 1963 est
472 1914 605 1976 hoc,
645 1922 706 1961 ut
736 1911 1014 1959 materiam
1046 1908 1271 1957 haberet
1307 1908 1596 1973 copiosam,

79 2003 179 2035 nec
199 1985 409 2046 rudem,
448 1983 542 2032 sed
563 1983 770 2048 poetica
788 1980 1100 2029 tractatione
1121 1977 1185 2026 ab
1214 1978 1322 2026 aliis
1344 1978 1447 2025 iam
1472 1976 1596 2024 sub—

81 2065 249 2105 actam
290 2063 342 2103 et
369 2052 434 2102 ad
474 2053 680 2118 epicam
713 2051 1024 2115 dignitatem
1056 2065 1113 2097 ac
1146 2048 1255 2095 vim
1290 2062 1597 2095 accommo-

83 2125 272 2175 datam.
344 2127 606 2172 Personas
650 2130 702 2170 et
742 2121 1095 2182 characteres,
1151 2133 1331 2166 mores
1366 2134 1422 2165 ac
1462 2115 1596 2163 facta

83 2195 187 2242 iam
227 2193 441 2242 aliunde
474 2201 627 2250 nota,
667 2188 1068 2250 commendata,
1107 2187 1387 2236 constituta
1419 2203 1475 2235 ac
1502 2184 1597 2233 de-

83 2264 255 2326 finita,
294 2263 553 2328 optaverit
577 2261 674 2310 sibi
705 2269 865 2326 poeta
896 2258 1388 2323 umlsquisque***).
1458 2253 1598 2303 Illud

83 2350 209 2382 vero
230 2333 295 2381 ad
322 2331 729 2395 intelllgendum
757 2329 991 2395 proclive
1016 2336 1119 2388 est,
1163 2342 1324 2392 quam
1357 2324 1598 2390 expedita

85 2420 142 2452 ac
163 2401 326 2451 facilis
351 2419 463 2450 esse
492 2401 686 2449 debeat
710 2399 859 2464 copia
885 2405 1330 2446 ornamentorum
1352 2404 1403 2443 et
1425 2395 1599 2459 episo-

86 2473 300 2521 diorum
322 2473 376 2520 in
411 2471 497 2520 tali
520 2478 835 2534 argumento
862 2477 970 2516 tam
995 2466 1097 2515 late
1129 2464 1249 2514 fuso
1281 2474 1333 2514 et
1357 2472 1598 2530 patente;

201 2613 239 2666 ’ἢ
273 2615 325 2651 De
345 2613 421 2651 boc
442 2612 519 2651 vid.
544 2613 710 2650 Excurs.
734 2611 798 2649 IV.
830 2610 875 2648 V.
895 2609 976 2648 VII.
1002 2608 1089 2647 VIII
1114 2607 1165 2644 ad
1193 2606 1260 2645 lib.
1284 2606 1371 2655 VII,
1399 2612 1486 2643 tum
1507 2606 1601 2656 plu-

85 2685 148 2710 res
170 2672 267 2709 alios
285 2672 333 2708 ad
351 2671 473 2708 libros
496 2684 601 2721 seqq.

203 2729 257 2782 **)
291 2729 379 2767 Vid.
403 2743 497 2766 mox
517 2728 681 2778 Disquis‘.
706 2726 750 2773 ll,
774 2731 813 2761 et
832 2725 998 2761 Excurs.
1020 2723 1036 2759 Ι
1059 2722 1109 2759 ad
1130 2722 1196 2759 lib.
1218 2721 1263 2769 Il,
1300 2720 1465 2758 Excurs.
1490 2719 1598 2757 XVI}

89 2786 140 2823 ad
156 2799 187 2824 e.
209 2787 233 2824 l.
253 2793 293 2824 et
310 2787 358 2824 al.
378 2787 451 2824 loc.

205 2842 279 2896 *¹‘*)
312 2845 368 2881 Eo
402 2849 584 2895 spectant
614 2854 753 2879 versus
781 2838 993 2876 Ilm-atiani
1015 2838 1057 2874 in
1086 2837 1157 2888 Ep.
1188 2836 1238 2873 ad
1262 2835 1389 2872 Pison.
1418 2836 1489 2874 131
1518 2847 1598 2883 sqq.

97 2901 252 2938 Rectius
281 2903 457 2940 Iliacum
478 2916 514 2938 c.
