1811 3388
3 0 26 132 m

534 239 944 289 AENEIDOS
981 241 1120 292 LIB.
1155 244 1216 305 v,
1261 247 1402 294 1—5
1622 254 1723 301 725

212 398 435 482 Interea
459 431 701 481 medium
724 436 929 482 Aeneas
950 435 1052 483 iam
1079 435 1239 486 classe
1267 438 1486 487 tenebat

215 503 402 551 Certus
425 502 546 563 iter,
584 500 883 569 fluctusque
911 512 1050 553 atros
1075 506 1323 572 aquilone
1344 508 1568 573 secabat,

206 572 416 619 Moenia
440 572 749 636 respiciens,
788 589 921 639 quae
947 574 1050 622 iam
1072 574 1294 625 infelicis
1314 577 1509 627 Elissae

207 639 506 689 Conlucent
525 639 765 693 flammis,
805 645 954 705 Quae
975 652 1179 694 tantum
1197 646 1506 696 adcenderit
1521 649 1714 713 ignem,

206 711 396 759 Caussa
426 709 579 773 latet3
615 711 731 760 duri
754 728 948 777 magno
971 713 1066 763 sed
1090 731 1274 766 amore
1303 717 1520 767 dolores
1679 723 1712 772 5

297 838 314 871 1
341 839 488 869 Aeneas
511 838 665 871 medium
688 846 774 872 vett.
800 840 894 885 apud
918 841 1008 875 Pier.
1035 849 1069 875 et
1094 843 1242 876 Dorvill.
1323 846 1347 880 2
1371 847 1511 878 Laetus
1532 846 1604 878 iter
1622 846 1712 879 alter

202 883 305 915 Voss.
333 884 560 916 Burmannum
586 885 721 919 mireris
754 887 848 919 ferre
882 887 997 929 nolle,
1031 889 1179 923 tenebat
1213 893 1301 931 iter,
1336 898 1369 924 et
1394 892 1554 935 iungere:
1582 895 1712 927 Certus

199 930 281 961 iter.
331 930 382 962 Ad
409 939 531 963 certus
556 931 763 965 eliciendum
790 940 843 966 est
867 936 1021 968 itineris.
1049 936 1132 978 (vid.
1157 938 1242 970 Not.
1272 938 1368 981 Hsr.)
1448 939 1469 972 3
1494 940 1566 971 iam
1582 938 1711 985 felicis

198 975 334 1019 aliquot
359 976 461 1016 Pier.‚
493 978 593 1010 male.
621 980 759 1022 (Elisae
783 980 911 1020 Palat.;
938 981 1005 1014 vid.
1031 984 1074 1016 V.
1098 983 1136 1016 L.
1158 984 1202 1016 ad
1224 985 1284 1025 IV,
1308 985 1388 1019 335.
1420 985 1514 1028 Wr.)
1596 988 1618 1020 4
1644 999 1708 1019 ac-

197 1023 371 1055 cenderat
402 1024 502 1057 Leid.
551 1027 756 1059 incendent
790 1028 876 1060 alius
910 1028 1010 1061 Leid.
1113 1031 1134 1064 5
1161 1031 1235 1063 diri
1264 1032 1436 1065 Montalb.
1485 1031 1552 1065 sub
1585 1045 1709 1066 amore

196 1069 305 1100 Wall.
341 1077 374 1102 et
398 1071 530 1104 Zulich.
566 1071 683 1105 deleta
709 1074 827 1117 priore
852 1074 1045 1118 scriptura:
1089 1075 1261 1122 imperite.
1309 1078 1448 1112 doloris
1471 1078 1599 1113 Medic.
1648 1080 1707 1124 (At

195 1115 290 1159 apud
314 1116 460 1161 Foggin.
486 1117 616 1162 legitur
641 1119 798 1154 dolores.
827 1122 924 1165 lVr.)

254 1223 273 1261 1
291 1221 392 1262 —4.
441 1223 611 1261 Interea.
653 1238 691 1263 v.
734 1239 820 1278 sup.
851 1226 916 1276 IV,

195 1279 277 1318 584
303 1292 385 1329 sqq.
415 1280 594 1318 Servius:
615 1284 722 1320 circa
739 1285 917 1333 primum

193 1343 319 1372 ortum
365 1337 466 1373 lueis
507 1341 723 1387 navigavit
743 1362 798 1369 ——
821 1356 915 1391 ergo

191 1400 273 1429 lota
298 1394 372 1441 die,
397 1398 491 1431 <llam
515 1410 553 1431 se
576 1398 686 1433 Dido
708 1400 910 1448 interimit,

190 1450 285 1486 (lam
294 1452 435 1500 fletur,
451 1454 686 1502 paullulum
706 1456 911 1505 proseclzcs

188 1515 244 1543 est
259 1536 268 1553 ,
319 1509 459 1545 leniter
485 1512 730 1559 spiranliblzs·
760 1517 909 1552 ventis:

187 1570 227 1600 et
258 1564 436 1602 flammas
464 1567 547 1618 rogi
582 1568 684 1605 circa
705 1583 910 1622 vesperam

186 1620 311 1670 vidit,
353 1638 429 1673 quo
451 1632 620 1674 tempore
643 1635 764 1676 etper
786 1638 911 1666 nala-

183 1692 273 1715 ram
297 1681 432 1729 ignem
454 1682 583 1719 videre
596 1686 730 1733 poluit
741 1714 752 1733 ,
786 1694 822 1723 et
838 1701 914 1736 per

175 1737 395 1785 pristinum
410 1752 557 1776 morem
570 1769 580 1788 ,
613 1756 690 1791 quo
708 1756 783 1791 per
803 1744 908 1781 diem

181 1793 383 1831 cadavera
440 1810 519 1832 non
578 1799 900 1838 incendebantur.

180 1850 314 1888 Noctis
342 1852 424 1889 sere
454 1859 610 1905 tempus
639 1856 779 1894 datum
807 1871 904 1910 rogo

178 1907 257 1958 igni
276 1911 557 1959 consumendo,
585 1919 625 1950 et
646 1914 768 1952 altero
788 1929 903 1953 mane

178 1965 279 2002 lecta
311 1980 408 2005 ossa.
467 1969 531 2005 Sic
554 1969 595 2006 in
629 1971 800 2009 Patrocli
837 1974 900 2011 fu-

178 2035 271 2060 nere
300 2024 409 2062 Iliad.
436 2035 483 2074 ψ,
514 2029 610 2067 226.
654 2031 754 2067 Stat.
777 2029 900 2069 Theb.

177 2080 242 2127 Vl,
274 2083 355 2122 236
377 2088 416 2118 et
439 2082 486 2119 al.
538 2086 713 2123 medium
737 2085 790 2138 (v.
813 2102 897 2139 sup,

178 2137 252 2185 III,
286 2137 384 2190 664)
415 2140 488 2175 iter
519 2138 582 2191 (ut
609 2155 791 2192 cursum,
832 2146 900 2182 fu-

175 2193 296 2247 gam),
326 2196 527 2245 vulgarius
549 2205 669 2248 esset,
701 2215 810 2238 mare
832 2203 899 2239 al-

174 2260 273 2288 tum.
318 2250 509 2303 (medium
531 2254 608 2292 dici
634 2257 756 2305 solet,
788 2259 896 2308 quod

173 2308 249 2345 iam
281 2309 354 2346 rite
388 2312 576 2360 aggressi,
628 2314 669 2351 in
701 2328 779 2364 qno
810 2317 895 2367 ipso

173 2369 352 2417 occupati
377 2381 533 2416 sumus,
568 2383 670 2420 non,
706 2378 751 2409 ut
778 2380 895 2424 putat

170 2421 209 2461 h.
239 2424 263 2461 l.
294 2425 442 2473 Bur1n.,
475 2426 586 2464 cuius
615 2429 774 2466 dimidia
801 2445 894 2482 pars

169 2487 256 2518 acta
292 2489 368 2530 est5
409 2483 455 2520 cs.
480 2484 548 2521 Ge.
578 2484 649 2535 HI,
680 2487 775 2528 486.
796 2490 891 2529 519.

167 2538 261 2579 Aen.
294 2539 358 2588 IV,
390 2543 485 2581 277.
509 2548 547 2579 et
577 2544 624 2582 al.
655 2543 772 2597 lVr.)
838 2546 891 2584 At

167 2604 317 2643 ceum,-
361 2604 468 2635 recte
497 2600 607 2638 Serv.
649 2601 802 2639 itineris
829 2604 889 2641 sui

167 2659 311 2702 certus,
328 2655 538 2705 persistens
551 2657 591 2694 in
606 2659 769 2697 consilio
791 2674 889 2711 pro-

166 2709 361 2748 ficiscendi
387 2712 426 2749 in
449 2713 611 2753 ltaliam.
645 2714 748 2768 (Non
771 2717 887 2756 vide-

165 2771 233 2803 tur
255 2768 330 2804 tale
343 2769 439 2818 quid
455 2773 747 2821 assumendum,
770 2776 885 2825 quale

163 2828 280 2873 putat
316 2826 495 2876 Servius3
536 2838 661 2867 cerms
699 2830 763 2868 hic
801 2847 882 2871 non

162 2880 275 2918 aliter
308 2881 476 2932 dicitur,
515 2899 559 2922 ac
602 2896 706 2925 certa
743 2889 877 2939 hasta,

974 1227 1108 1266 locum
1137 1228 1326 1280 tendens5
1360 1229 1495 1281 itaque
1527 1237 1703 1270 certus

975 1285 1124 1324 dicitur
1152 1287 1325 1335 Aeneas,
1356 1295 1488 1337 recto,
1528 1303 1609 1326 non
1635 1302 1701 1327 er-

972 1344 1109 1391 ratico,
1132 1343 1276 1382 itinere
1297 1358 1457 1383 cursum
1477 1346 1699 1385 intendens.

973 1401 1163 1439 Similiter
1186 1410 1291 1439 certa
1313 1417 1472 1453 pompa
1493 1404 1601 1455 apud
1624 1405 1696 1442 Ti-

971 1459 1168 1507 bull.1[[‚
1216 1464 1258 1508 1,
1290 1462 1327 1501 3.
1389 1460 1451 1498 Ad
1490 1462 1696 1500 consilium

969 1530 1050 1554 non
1076 1523 1207 1567 potest
1240 1519 1449 1555 commode
1477 1528 1602 1556 certus
1631 1518 1698 1557 hic

968 1574 1126 1622 referri,
1159 1587 1281 1624 quum
1308 1575 1387 1612 iam
1419 1576 1457 1613 in
1483 1577 1614 1614 medio
1646 1577 1697 1615 sit

967 1631 1112 1669 itinere
1138 1631 1300 1669 Aeneas.
1329 1633 1445 1685 lVr.)
1507 1635 1695 1685 aquilone

970 1688 1122 1726 dictum
1153 1689 1355 1737 absolute,
1396 1697 1435 1728 et
1459 1691 1586 1742 simpl.
1618 1706 1693 1743 pro

967 1752 1118 1795 vent03
1149 1753 1196 1784 ut
1218 1760 1305 1798 sup.
1326 1747 1392 1796 IV,
1424 1751 1519 1789 310.
1551 1757 1587 1786 et
1607 1764 1693 1786 me-

963 1804 1042 1841 diis
1057 1818 1248 1855 properas
1267 1805 1522 1856 aquilonibus
1545 1809 1599 1843 ire
1618 1821 1693 1857 per

962 1862 1112 1910 allum,
1154 1867 1192 1899 et
1227 1875 1285 1900 vs.
1325 1864 1409 1904 562
1441 1864 1529 1914 pari
1568 1864 1689 1902 modo

963 1919 1164 1969 Zephyros
1176 1919 1371 1957 secundos
1386 1920 1556 1959 dixerat.
1589 1922 1688 1959 Car—

960 1975 1118 2026 thagine
1134 1977 1176 2014 in
1196 1977 1351 2014 Italiam
1367 1978 1534 2016 tendens
1548 1986 1686 2017 austro

958 2038 1046 2071 tum
1065 2034 1126 2071 uti
1149 2033 1297 2072 debuit.

1014 2091 1154 2131 5—7.
1196 2091 1268 2128 sed
1289 2091 1381 2128 (luri
1411 2092 1562 2129 dolores
1591 2106 1683 2130 ma-

953 2160 1037 2197 gno
1070 2162 1204 2184 amore
1215 2149 1374 2198 polluto
1389 2177 1399 2196 ,
1441 2149 1549 2198 quod
1575 2150 1682 2200 cogi-

958 2209 1069 2252 tant,
1110 2218 1189 2254 quo
1218 2218 1425 2255 erumpere
1457 2206 1581 2256 possit
1617 2206 1681 2244 vel

955 2261 1079 2298 soleat
1111 2261 1226 2299 dolor
1268 2262 1388 2299 animi
1420 2261 1679 2302 intolerabilis

953 2332 1096 2370 magno
1129 2332 1261 2357 amore
1283 2320 1406 2368 laeso,
1446 2329 1674 2372 notumque,

953 2382 1015 2424 et,
1056 2377 1163 2426 quod
1186 2391 1266 2414 non
1291 2377 1497 2427 ignorant,
1530 2378 1678 2429 fizrens

951 2434 1220 2483 qzzicljbmina
1236 2437 1379 2484 possit,
1409 2434 1508 2472 haee
1526 2436 1676 2474 clueant

950 2491 1136 2539 Teucros,
1156 2494 1391 2529 Teucrorum
1399 2501 1580 2543 pectora,
1599 2508 1677 2544 per

949 2550 1166 2598 augurium
1188 2551 1295 2586 triste
1309 2579 1320 2598 ,
1356 2548 1395 2587 h.
1416 2563 1447 2587 e.
1468 2551 1580 2587 facile
1599 2551 1672 2588 ad-

948 2604 1102 2643 ducunt
1129 2619 1194 2644 eos
1227 2606 1276 2644 ad
1308 2608 1586 2658 augurandum
1627 2623 1672 2646 ac

945 2663 1240 2714 suspicandum,
1260 2664 1300 2702 id
1323 2665 1431 2715 quod
1450 2672 1545 2714 erat,
1578 2666 1669 2703 mali

946 2720 1042 2770 quid
1081 2720 1268 2759 evenisse.
1344 2737 1494 2773 magno
1535 2738 1669 2760 amore.

935 2779 1094 2827 polluto
1109 2794 1120 2815 .·
1178 2778 1342 2830 exposui
1390 2794 1480 2817 eum
1527 2781 1666 2817 Servio

941 2834 1045 2873 laeso
1068 2849 1119 2873 sc.
1146 2835 1193 2872 ab
1218 2835 1367 2884 Aenea,
1400 2837 1547 2875 violata
1575 2837 1664 2874 fide.

940 2891 1018 2928 Vix
1053 2898 1207 2941 tamen,
1253 2893 1405 2943 inquis,
1455 2907 1500 2931 eo
1545 2894 1663 2932 modo

159 2946 264 2974 ceria
294 2941 472 2989 sagitta,
516 2942 539 2980 i.
569 2955 600 2980 e.
644 2945 695 2982 ad
724 2953 879 2985 eertum
929 2950 1064 2999 pollui
1081 2964 1194 2987 amor
1214 2950 1381 2999 dicitur,
1407 2952 1539 3001 potius
1560 2951 1662 2988 Dido
