1779 3420
177 223 279 271 840
380 220 436 268 Ρ.
472 217 656 268 VIRG.
691 215 855 264 MAR.
891 210 1239 262 AENEIDOS
1276 210 1399 260 LIB.
1437 211 1483 259 V

179 347 378 382 henduntur
397 343 522 378 similia
540 342 633 386 apud
653 343 842 374 Homerum
862 338 1005 373 exordia
1017 364 1025 379 ‚
1055 343 1093 371 ut
1109 337 1148 370 Il.
1165 335 1248 369 libri
1265 337 1340 371 VII.
1356 347 1363 368 :
1387 330 1457 375 ‘¹523
1478 332 1596 369 εἰπὼν
1617 344 1692 368 πυ-

182 392 277 430 λέων
301 390 472 436 ἐξέσσυτο
494 389 674 434 φαίδιμος
689 383 874 431 ’Έκτωρέί
900 386 990 419 adde
1011 385 1136 430 Odyss.
1155 384 1178 417 1.
1197 385 1260 416 IX.
1284 389 1319 416 et
1335 384 1428 415 XIII.
1456 384 1501 414 At
1517 381 1546 414 si
1567 382 1609 414 ab
1630 381 1693 414 illo

182 453 284 475 versu
318 440 523 473 Obvertunt
546 437 682 484 pelago
707 446 845 481 prora-s·
874 445 1001 466 novum
1025 432 1152 464 librum
1172 430 1369 471 ordiemur,
1407 435 1478 461 tum
1500 440 1583 460 sane
1603 428 1695 460 liber

184 489 326 534 quintus
352 487 388 519 iu
415 484 530 518 media
556 481 730 516 sententia
758 481 874 513 finitus
903 478 1016 512 videri
1043 478 1189 522 poterit.
1236 477 1360 521 Frigus
1384 487 1467 508 vero
1493 475 1601 516 illud,
1626 486 1694 519 quo

184 535 341 580 Heynius
362 545 400 566 se
419 543 536 564 versus
561 530 630 562 duo
651 534 824 561 extremos
842 527 1019 570 legentem
1039 525 1131 558 affici
1159 524 1227 566 ait,
1250 525 1365 556 fateor
1382 534 1438 555 me
1462 533 1533 554 non
1553 522 1696 554 sentire.

185 582 256 616 Sed
283 592 385 626 quum
403 579 498 623 ipse,
525 576 626 621 quale
645 575 681 607 id
702 573 767 616 sit,
804 572 960 606 noluerit
988 583 1185 615 exponere,
1216 571 1371 603 libenter
1390 569 1603 614 supersedeo
1632 568 1697 600 hac

187 627 440 674 disputatione,
464 624 551 657 illud
578 622 745 655 lectorem
769 621 958 653 admonere
976 625 1174 651 contentus:
1200 617 1238 650 hi
1257 628 1376 650 versus
1397 616 1426 648 si
1445 622 1528 661 post
1547 627 1596 648 vs.
1617 616 1697 650 861.

187 677 412 719 legerentur,
436 671 523 704 nihil
545 669 587 702 iis
608 681 684 701 esse
702 667 896 706 inficetius;
922 677 1029 706 nunc,
1055 677 1158 709 quum
1177 666 1315 696 Aeneae
1329 689 1338 705 ‚
1375 661 1655 695 insidiarum
1680 673 1699 693 a

188 727 212 757 S
224 734 244 756 ο
257 734 288 754 m
300 733 321 753 n
334 732 353 753 o
379 732 394 752 s
406 726 472 752 tru
484 723 522 750 et
533 728 552 749 a
565 728 582 748 r
593 727 612 747 u
624 727 656 747 m
681 715 725 758 ig
738 726 758 746 n
769 726 787 746 a
798 726 814 746 r
825 724 845 746 ο
860 739 869 754 ,
893 712 1092 745 tribuantur
1103 737 1113 754 ,
1138 710 1279 743 eosdem
1298 721 1373 742 esse
1404 715 1439 741 et
1463 707 1701 752 gravissimos,

191 776 227 802 et
244 769 324 801 loco
347 767 416 799 hoc
434 762 667 808 dignissimos.
717 761 872 794 Verbum
893 765 1009 792 autem
1035 759 1108 800 ait,
1133 757 1188 790 vel
1206 758 1334 802 inquit,
1363 754 1393 788 si
1412 756 1487 800 quis
1509 767 1612 798 aegre
1634 754 1700 786 de-

191 816 333 855 sideret,
360 813 388 845 is
420 812 525 844 adeat
547 810 590 842 V.
610 809 649 842 L.
670 808 715 841 ad
738 809 796 848 111,
821 807 895 846 84.;
934 813 968 839 et
993 805 1052 850 qui
1085 804 1202 849 paullo
1231 811 1284 836 est
1303 802 1458 844 acutior,
1490 802 1609 834 statim
1635 799 1703 833 sibi

190 858 430 908 persuadebit,
455 869 524 890 non
541 855 697 900 potuisse
719 854 806 887 illud
825 853 858 886 in
880 853 941 885 tali
962 851 1122 885 oratione
1136 858 1230 884 recte
1247 848 1436 894 interponi.
1457 868 1500 873 ——
1526 851 1577 881 Ut
1593 848 1703 881 verbo

192 917 330 952 tangam
351 919 411 947 ea,
438 916 525 949 quae
543 904 576 935 in
601 908 757 935 extrema
778 913 839 934 sua
861 899 1099 944 disputatione
1112 896 1251 942 scripsit
1269 896 1440 941 Heynius,
1463 896 1550 928 haec
1569 895 1598 928 si
1616 906 1705 940 pro-

193 958 278 990 bare
295 953 462 987 voluisset
482 950 697 994 legentibus,
732 947 927 981 docendum
958 953 1051 985 erat,
1086 945 1191 978 etiam
1210 943 1294 977 alibi
1325 944 1361 976 in
1388 942 1542 975 Aeneide
1574 942 1706 986 depre-

194 1000 305 1036 hendi
334 999 494 1034 similiter
515 996 658 1030 hiantia.
684 1016 728 1021 —
762 995 922 1028 Ceterum
943 994 983 1027 L.
1005 991 1149 1026 varium
1182 991 1226 1024 de
1255 991 1325 1024 vita
1351 997 1385 1023 et
1406 989 1528 1022 studiis
1552 987 1707 1032 Virgilii,

195 1048 298 1083 amici
316 1047 386 1087 sui,
412 1044 580 1091 quaedam
600 1042 729 1088 scripto
754 1042 957 1082 mandasse,
982 1039 1178 1084 probabilis
1202 1044 1255 1071 est
1286 1037 1484 1071 coniectura
1512 1035 1708 1080 Spaldingii

196 1096 242 1130 ad
265 1093 412 1136 Quintil.
442 1094 523 1127 Inst.
538 1092 586 1131 X,
612 1091 645 1132 3,
671 1091 704 1124 8.
723 1096 758 1121 et
777 1087 978 1123 Weicherti
994 1086 1029 1119 iu
1051 1086 1243 1119 Comment.
1261 1086 1302 1117 ΙΙ.
1325 1087 1380 1117 De
1399 1085 1443 1116 L.
1466 1085 1579 1116 Vario
1594 1084 1710 1115 Poeta

198 1155 278 1188 pag.
296 1141 353 1177 35.
401 1139 492 1172 Hine
515 1143 602 1183 puto
621 1136 713 1182 apud
730 1134 958 1180 Pomponium
981 1134 1023 1167 ab
1050 1132 1190 1176 Heynio
1217 1131 1397 1164 laudatum
1421 1129 1607 1173 legendum
1633 1140 1709 1161 esse

203 1192 344 1223 Tuccae
371 1195 407 1220 et
445 1185 586 1220 Varii
619 1183 923 1229 Virgilianis
965 1179 1252 1219 commentarii-5⁸5
1301 1177 1372 1211 vid.
1405 1176 1509 1210 etiam
1537 1179 1635 1210 Serv.
1665 1176 1709 1209 ab

199 1237 312 1281 Heyn.
337 1233 432 1268 laud.
460 1231 557 1276 Wr.)

249 1333 345 1372 870.
366 1330 462 1370 871.
491 1325 647 1364 Aeneae
676 1324 798 1364 verba
819 1329 926 1362 sunt.
985 1322 1062 1360 nisi
1097 1334 1147 1359 ex
1180 1325 1275 1358 nota
1304 1319 1433 1358 forma
1456 1317 1714 1370 interpretari

203 1403 244 1428 v.
261 1388 329 1427 lib.
348 1387 413 1436 VI,
440 1399 480 1424 v.
506 1388 541 1433 1,
572 1389 611 1421 et
639 1384 687 1422 cs.
708 1382 800 1421 Var.
825 1382 932 1419 Lect.
993 1380 1103 1429 velis,
1134 1384 1180 1417 ut
1204 1378 1278 1415 sit:
1308 1377 1419 1415 caelo
1444 1389 1577 1413 sereno
1592 1376 1714 1426 pela-

204 1459 381 1484 serenum
407 1443 448 1482 h.
481 1443 508 1483 l.
539 1442 656 1480 etiam
685 1440 736 1479 de
768 1440 928 1493 pelag03
983 1451 1117 1491 goque
1131 1435 1315 1488 placido.
1350 1434 1455 1473 conf.
1475 1434 1611 1472 Burm.
