1779 3420
165 220 268 268 430
477 213 1403 264 EXCURSUSXI.XII

165 342 379 397 procedit.)
439 343 541 382 Vide
569 343 708 395 Eurip.
732 342 880 382 Troad.
912 341 1008 383 482.
1040 342 1136 384 483.
1159 341 1325 378 Pausan.
1349 340 1414 389 IV,
1448 342 1513 388 17,
1532 353 1570 392 p.
1591 342 1687 382 321·

166 404 219 452 X,
254 404 321 445 25.
352 416 391 453 p.
424 402 520 450 865,
553 401 656 439 adde
687 400 734 451 II,
766 404 821 442 24
855 399 940 452 (ubi
973 405 1134 448 narrat,
1175 399 1281 436 [ovis
1312 398 1432 436 huius
1459 397 1603 435 Hercei
1631 398 1688 435 si-

165 474 288 512 gnum
318 459 434 497 trinis
473 459 598 497 oculis
638 458 779 508 fuisse,
825 463 1146 509 transportatum
1191 455 1319 507 Argos
1351 470 1373 493 a
1404 454 1617 505 Sthenelo5
1656 455 1689 493 is

167 518 273 556 enim
303 517 404 555 illud
444 517 486 554 in
519 516 689 568 praedae
720 521 833 567 parte
868 520 1099 566 acceperat:
1151 514 1216 552 lib.
1249 514 1360 562 VIII,
1402 513 1470 561 46,
1502 527 1540 564 p.
1574 511 1688 566 694).

167 577 369 624 Quintum
400 575 481 612 Cal.
511 574 615 623 XIII,
648 576 744 623 222,
783 573 853 611 ubi
883 578 968 610 not.
1000 571 1223 622 Trypliiod.
1256 574 1352 620 622,
1393 572 1538 609 Tzetza
1570 571 1689 608 Post-

167 633 276 672 hom.
304 635 401 682 733,
431 631 502 670 ubi
533 632 583 670 cf.
614 631 704 669 Not.
764 631 845 668 Nec
877 630 992 667 aliter
1020 626 1119 674 Διός
1141 626 1278 681 βωμός
1293 628 1475 678 Ἑρκείου
1505 629 1547 666 iu
1568 629 1690 679 Ulys-

169 692 220 730 sis
252 692 390 729 domo:
433 695 520 728 erat
562 689 602 726 iu
636 689 745 726 aula:
788 688 931 739 Odyss.
963 702 998 738 χ,
1038 687 1134 727 335.
1167 689 1262 727 376.
1292 688 1388 727 379.
1450 686 1529 723 Sed
1560 686 1690 737 primo

169 750 257 788 loco
289 748 494 786 nominare
524 747 617 784 licet
646 745 859 783 Arctinum
888 745 914 782 1.
946 744 985 792 1.,
1029 757 1049 780 e
1080 756 1160 793 quo
1193 743 1378 781 Proclus:
1413 743 1482 783 καὶ
1515 741 1690 784 Νεοπτό-

169 811 288 860 λεμος
314 805 386 858 μὲν
406 802 634 845 εἷποκτείνει
658 805 845 856 Πρίαμον
866 801 931 843 ἐπὶ
954 798 1021 842 τὸν
1038 804 1112 841 τοῦ
1132 798 1233 848 Διὸς
1252 803 1327 841 τοῦ
1350 799 1531 854 Ἑρκείου
1554 798 1692 854 βωμὸν

169 860 468 916 καταφυγόντα.
527 861 715 912 Virgilius
755 874 806 899 ex
836 866 951 912 parte
988 858 1062 896 hos
1098 864 1282 897 auctores
1322 865 1415 897 ante
1447 860 1584 897 oculos
1614 858 1691 896 ha-

171 923 279 971 buit,
312 934 363 958 ex
401 920 502 958 atrio
533 925 667 957 tamen
700 919 741 957 in
772 919 1016 969 impluvium
1044 929 1131 954 rem
1161 916 1368 965 traduxit,
1411 923 1451 955 et
1480 931 1555 969 pro
1587 917 1692 955 Iovis

172 994 240 1018 ara
276 982 452 1017 Penates
482 984 699 1014 memorat:
742 975 920 1015 Aedibus
951 977 993 1012 in>
1023 976 1192 1023 mediis,
1235 975 1420 1026 nudoque
1450 975 1521 1012 sul>
1551 975 1691 1012 aethe—

171 1040 225 1075 ris
255 1052 331 1075 axe
361 1038 512 1086 Ingens
543 1049 619 1072 ara
637 1034 750 1086 fuit,
791 1036 983 1085 iuxtaque
1023 1034 1231 1070 veterrima
1271 1033 1414 1069 laurus
1454 1032 1693 1070 lnczcmbens

172 1110 288 1143 arcte,
328 1102 448 1145 alque
485 1092 626 1130 umbra
666 1093 878 1142 complexa
919 1093 1111 1128 Penales.
1175 1090 1249 1127 Per
1289 1090 1444 1127 medias
1474 1092 1616 1139 (cedes,
1659 1091 1692 1128 si

173 1153 225 1190 ad
268 1158 500 1190 nostrarum
540 1150 699 1189 aedium
739 1156 892 1187 morem
932 1148 1102 1196 referas,
1155 1147 1287 1185 videri
1327 1154 1482 1200 potest,
1534 1148 1692 1186 intimas

174 1210 334 1248 aedium
365 1215 499 1261 partes
530 1209 604 1246 sub
637 1208 703 1246 dio
734 1213 917 1259 patentes
950 1206 1175 1254 declarare,
1224 1218 1322 1255 quas
1358 1206 1432 1243 sub
1472 1220 1571 1244 voce
1601 1205 1704 1257 llos

172 1268 448 1319 intelligimus,
481 1273 521 1304 et
551 1279 622 1318 per
654 1266 897 1316 impluvium
926 1263 1153 1312 reddimus3
1179 1276 1322 1301 verum
1352 1263 1394 1301 in
1419 1264 1694 1302 Romanorum

174 1326 337 1364 aedibus
366 1324 609 1377 impluvium
648 1338 738 1361 cum
770 1337 869 1361 cavo
902 1321 1073 1369 aedium,
1104 1320 1216 1372 quod
1249 1321 1375 1359 Varro
1409 1321 1457 1359 de
1488 1323 1529 1360 L.
1553 1323 1594 1360 L.
1626 1322 1693 1373 IV,

175 1384 382 1432 disertius,
413 1396 534 1433 quam
565 1382 793 1431 Vitruvius,
829 1380 970 1429 docet,
1004 1385 1091 1417 erat
1120 1380 1161 1416 in
1192 1379 1277 1431 ipso
1310 1381 1434 1428 atrio3
1465 1380 1506 1417 in
1528 1381 1695 1419 interio-

177 1442 287 1480 ribus
320 1441 477 1479 aedium
512 1440 787 1492 peristylium,
825 1438 1036 1488 mediaque
1067 1437 1149 1474 eius
1180 1450 1270 1474 area
1300 1437 1505 1476 interdum
1536 1439 1695 1477 arbori-

173 1501 249 1538 bus
280 1500 446 1537 consita.
504 1498 641 1536 Potuit
670 1504 790 1549 poeta
820 1496 898 1534 hoc
935 1495 1185 1547 peristylium
1224 1500 1314 1533 ante
1358 1496 1495 1534 oculos
1535 1495 1695 1547 habere,

175 1558 365 1608 quoniam
394 1558 555 1594 laurum
585 1561 804 1604 memorat3
834 1554 877 1592 in
907 1566 1050 1604 eoque,
1083 1558 1285 1603 tamquam
1317 1552 1459 1592 domus
1488 1555 1695 1605 penetrali,

178 1616 395 1654 Penatibus
430 1628 540 1652 aram
572 1614 779 1652 collocare.
839 1612 960 1650 Forte
1002 1611 1109 1648 dicas
1140 1611 1253 1648 illum
1285 1617 1356 1649 aut
1397 1611 1494 1664 (quo
1533 1613 1697 1651 Servius

178 1673 305 1726 ducit)
337 1674 470 1711 Iovem
500 1685 570 1723 per
600 1673 767 1710 Penates
807 1683 889 1707 esse
919 1670 1231 1720 interpretatum
1264 1666 1352 1721 (etsi
1380 1670 1498 1722 plura
1531 1671 1697 1708 simula-

178 1745 270 1779 cra,
323 1745 404 1768 non
435 1743 564 1768 unum
595 1730 699 1768 Iovis
731 1729 906 1780 signum,
947 1726 1114 1765 videtur
1156 1740 1366 1777 agnoscere
1397 1741 1436 1765 v.
1468 1729 1563 1769 517.
1593 1729 1696 1767 cons.

178 1789 299 1828 Ovid.
331 1789 425 1826 Met.
457 1788 563 1836 XIII,
595 1791 690 1828 412.
725 1785 840 1839 413),
873 1791 944 1823 aut
974 1785 1139 1822 Penates
1173 1798 1246 1835 pro
1269 1785 1353 1836 ipsa
1385 1785 1504 1823 domo
1538 1786 1696 1836 dixisse,

179 1861 300 1897 quam
331 1845 589 1884 inumbrabat
621 1846 780 1893 laurus,
829 1850 876 1881 ut
919 1843 1046 1880 Cerda
1078 1848 1296 1894 acceperat.
1357 1844 1434 1880 Sed
1466 1843 1564 1881 haee
1595 1844 1698 1882 dura

179 1911 294 1954 sunt,
325 1910 364 1942 et
394 1903 637 1941 manendum
669 1903 788 1940 estin
819 1901 917 1940 hoc:
949 1900 1157 1951 Virgilium
1184 1901 1411 1938 Romanum
1442 1915 1594 1940 morem
1617 1915 1699 1940 esse

179 1969 418 2013 sequutum,
459 1961 690 2013 posthabito
722 1973 833 1997 more
865 1960 1129 1996 Graecorum:
1178 1971 1296 2008 quem
1329 1959 1483 2010 Tragici
1511 1967 1698 2010 servant,

182 2027 227 2058 ut
258 2020 474 2072 Sophocles
505 2020 627 2057 Elect.
662 2021 767 2060 1391
805 2016 887 2067 (Br.
923 2018 1061 2065 1374.)
1092 2020 1236 2069 χωρεῖν
1268 2015 1356 2065 ἔσω,
1387 2021 1551 2073 πατρῷα
1579 2034 1700 2070 προς-

179 2074 361 2118 κύσανθ’
393 2077 462 2129 ἕδη
498 2081 633 2125 θεῶν,
692 2073 857 2128 ὅσοιπερ
890 2070 1081 2128 πρόπυλα
1126 2074 1313 2114 ναίουσιν
1345 2070 1453 2114 τάδε.
1513 2077 1699 2113 Ceterum

180 2136 210 2173 si
243 2136 326 2184 alii,
357 2142 401 2173 ut
432 2136 611 2183 Quintus
643 2135 723 2172 Cal.
756 2133 818 2182 VI,
854 2133 947 2175 147.
978 2132 1082 2180 XIII,
1115 2133 1220 2179 436,
1266 2146 1376 2170 aram
1415 2133 1518 2171 Iovis
1557 2134 1700 2172 Hercei

180 2193 220 2231 in
262 2207 351 2232 arce
391 2199 570 2245 ponunt,
611 2199 720 2231 reete
765 2191 904 2242 utique
940 2189 1019 2228 hoc
1062 2189 1235 2239 saciunt5
1275 2204 1366 2229 nam
1406 2191 1513 2243 regia
1554 2192 1700 2230 Priami

181 2258 268 2290 erat
300 2252 339 2289 in
372 2264 472 2290 arce.

553 2534 1120 2592 EXCURSUS
1188 2534 1330 2588 XII

413 2647 521 2690 De
609 2647 974 2690 Helena
1063 2655 1477 2704 recepta.

300 2764 345 2811 II,
379 2765 462 2805 557
487 2778 570 2813 sqq.
632 2764 803 2800 Helenae
828 2763 1174 2813 recuperationem
1195 2763 1305 2801 varie
1329 2778 1348 2799 a
1373 2763 1578 2801 veteribus
1603 2774 1702 2813 poe-

186 2821 234 2859 tis
268 2822 383 2858 fuisse
416 2823 667 2872 expositam,
712 2821 772 2858 vel
807 2834 855 2857 ex
890 2821 954 2857 lib.
989 2822 1052 2868 VI,
1085 2822 1180 2869 525,
1226 2822 1290 2859 ubi
1330 2821 1392 2858 illa
1425 2827 1465 2858 et
1497 2821 1636 2858 urbem
1666 2824 1704 2855 et

184 2880 373 2918 maritum
415 2879 664 2930 Deiphobum
706 2878 869 2916 Achivis
911 2879 1066 2928 prodit,
1108 2885 1148 2916 et
1187 2893 1238 2916 ex
1269 2879 1562 2926 imitatoribus,
1604 2890 1704 2927 quos

184 2937 398 2987 habemus,
433 2943 618 2990 apparet:
649 2951 688 2976 v.
720 2936 863 2985 Quint.
895 2936 974 2974 Cal.
1006 2936 1110 2985 XIII,
1143 2938 1226 2979 354
1257 2951 1340 2988 sqq.
1373 2936 1456 2979 385
1487 2949 1571 2986 sqq.
1605 2933 1703 2986 (ubi,
