1779 3420
116 179 220 226 232
482 172 1281 222 EXCURSUSVII

116 303 157 341 lt
195 315 305 339 mare
328 310 597 354 proruptum,
656 311 692 340 et
716 303 872 354 pelago
895 304 1047 355 premit
1083 318 1185 341 αννα
1221 306 1397 341 sonanti.
1462 303 1646 343 Primum

115 372 256 399 versus
281 359 346 410 hi,
377 360 472 399 licet
502 360 755 413 pulcerrimi,
799 375 891 399 cum
926 368 1062 400 tamen
1090 375 1174 399 non
1202 367 1323 414 poeta
1364 361 1465 400 haec
1493 369 1644 413 narret,

116 419 180 457 cui
208 424 399 457 ornatum
420 419 565 457 sectari
591 419 708 469 licet,
739 432 884 457 verum
908 433 959 457 ex
988 419 1153 458 Veneris
1177 433 1350 471 persona
1380 420 1466 459 Iovi
1487 422 1645 473 suppli-—

116 477 243 515 cantis
263 478 604 530 pronuntientur,
637 477 766 515 alieno
796 478 886 515 loco
908 477 1066 516 Timavi
1098 477 1409 530 descriptionem
1435 479 1645 518 intrudere

115 534 246 575 videri
266 535 434 586 debent,
464 535 576 587 quod
602 536 682 573 iam
702 535 872 573 Ursinus
904 541 1015 574 recte
1043 535 1170 585 vidit,
1203 536 1273 587 qui
1297 537 1414 575 simili
1444 538 1534 576 loco
1553 538 1645 577 Ho-

114 593 216 632 meri
239 593 383 647 Odyss.
405 595 442 643 δ,
472 596 557 636 708
576 606 771 632 excusare
793 606 879 632 rem
900 593 1002 632 velle
1024 592 1202 632 videtur.
1262 594 1327 632 Fit
1358 609 1453 634 sane
1479 597 1644 635 omnino

113 651 193 691 hoc
213 653 544 704 gravissimorum
570 658 782 704 poetarum
802 665 914 690 more
937 658 978 690 et
997 652 1203 704 exemplo,
1235 658 1283 690 ut
1305 653 1447 703 etiam,
1479 655 1644 706 quando

114 724 166 749 ex
187 711 314 749 aliena
333 724 505 763 persona
539 711 668 748 oratio
699 709 770 759 fit,
803 717 974 749 ornatus
996 710 1132 748 idonei
1162 711 1356 760 materia,
1388 726 1467 763 qua
1493 714 1645 752 variari

115 769 246 807 oratio
274 775 315 807 et
343 767 534 807 delectari
559 767 726 819 legentis
760 768 917 807 animus
947 768 1092 821 possit,
1133 782 1217 806 non
1250 769 1484 809 dimittatur
1510 772 1644 810 mani—

114 828 211 878 bus;
242 841 335 866 cum
360 826 637 865 delectationis
658 826 787 864 maior
809 827 861 865 sit
887 827 994 866 ratio
1016 826 1219 876 habenda,
1250 841 1372 878 quam
1397 829 1537 867 iudicii
1556 830 1645 868 ani-

113 899 271 924 morum
295 884 437 924 sedati.
497 885 634 924 Potuit
650 884 751 923 adeo
775 885 927 924 fluvius
947 886 1035 935 ille,
1067 886 1186 923 etiam
1202 885 1244 923 in
1263 886 1430 925 Veneris
1448 889 1643 939 oratione,

114 944 248 983 verbis
268 943 426 993 ornari,
457 943 640 995 inprimis
663 958 755 981 cum
777 944 861 982 eius
883 951 1051 994 natura,
1082 944 1135 982 ad
1159 943 1270 982 hunc
1299 945 1466 984 modum
1488 947 1643 985 descri—

113 1008 200 1055 pta.-
236 1003 341 1040 uncle
366 1016 445 1053 per
466 1017 538 1040 ora
558 1004 827 1042 novem—It
846 1017 958 1041 mare
978 1010 1241 1054 proruptum,
1277 1003 1329 1041 ad
1361 1005 1645 1057 amplificatio-

114 1073 205 1098 nem
224 1060 523 1112 periculorum,
555 1073 659 1112 quae
677 1066 811 1099 tamen
840 1061 890 1099 ab
914 1060 1122 1100 Antenore
1145 1068 1335 1113 superata
1362 1071 1479 1113 sunt,
1513 1064 1645 1103 facere

112 1119 280 1171 possint.
310 1119 488 1157 Tametsi
506 1119 611 1158 forte
630 1117 743 1158 hunc
762 1119 806 1158 in
828 1119 997 1158 modum
1020 1119 1205 1159 excusari
1226 1133 1369 1159 versus
1388 1121 1473 1164 245
1497 1128 1538 1160 et
1558 1122 1644 1164 246

112 1183 305 1229 possunt,
335 1177 449 1216 nullo
468 1183 606 1216 tamen
621 1177 744 1217 modo
763 1178 937 1231 probare
959 1191 1000 1216 se
1018 1184 1192 1231 possunt
1211 1178 1360 1218 iudicio
1378 1180 1515 1231 paullo
1544 1195 1643 1220 acu—

113 1235 228 1286 tiori,
259 1242 300 1274 et
321 1242 438 1274 erant
450 1235 507 1274 illi
528 1235 640 1274 haud
664 1235 786 1275 dubie
803 1237 910 1275 inter
926 1250 1006 1288 eos,
1023 1250 1124 1288 quos
1145 1236 1325 1276 sublatos
1338 1237 1525 1290 Virgilius
1541 1240 1644 1277 mal-

111 1294 181 1332 let.
241 1293 530 1346 Improbarunt
550 1294 626 1333 hos
658 1307 799 1334 versus
829 1301 870 1334 et
895 1294 980 1345 alii,
1012 1301 1051 1333 et
1068 1295 1145 1334 Iac.
1170 1295 1336 1348 Bryant.
1357 1295 1405 1335 V.
1433 1297 1476 1337 C.
1537 1297 1644 1346 Qui-

111 1351 187 1390 bus
216 1359 352 1391 autem
376 1353 417 1391 in
447 1353 566 1391 terris
596 1353 749 1392 fluvius
775 1353 843 1392 ille
866 1353 1123 1405 quaerendus
1152 1354 1226 1403 sit,
1270 1368 1414 1406 magna
1438 1355 1516 1394 fuit
1536 1356 1644 1395 inter

111 1411 223 1449 viros
250 1410 392 1450 doctos
419 1411 709 1450 controversia.
770 1413 812 1450 Si
840 1412 948 1451 enim
976 1419 1100 1451 notus
1125 1412 1191 1450 ille
1220 1412 1363 1452 Istriae
1392 1413 1542 1452 fluvius
1571 1421 1643 1465 est,

112 1469 212 1520 quid
228 1469 294 1507 ille
316 1483 408 1508 cum
430 1470 598 1510 Patavio
618 1483 832 1509 commune
852 1470 1002 1510 habere
1015 1476 1163 1524 potest,
1184 1477 1230 1510 ut
1252 1485 1290 1511 v.
1304 1470 1389 1513 247
1402 1474 1490 1510 Hic
1509 1481 1645 1511 tamen

111 1528 179 1565 ille
201 1527 337 1566 arbem
353 1530 516 1567 Patavi
540 1552 595 1559 —
617 1529 801 1568 locavit?
843 1528 932 1583 (sed
952 1544 990 1569 v.
1022 1529 1075 1568 ad
1105 1542 1138 1568 e.
1167 1527 1239 1583 v.).
1299 1529 1478 1568 Maluere
1508 1531 1644 1583 itaque

112 1585 180 1623 alii
204 1587 354 1624 referre
372 1586 424 1625 ad
444 1586 685 1626 Meduacum
715 1601 744 1626 s.
772 1587 984 1638 Brentani,
1028 1587 1215 1626 nonnulli
1250 1587 1350 1626 adeo
1384 1588 1437 1626 ad
1466 1589 1643 1640 Padum3

112 1658 214 1695 quos
240 1645 327 1696 ipsa
359 1658 423 1683 res
451 1645 598 1684 refellit
624 1652 665 1684 et
701 1646 863 1684 Paullus
895 1646 1054 1685 Pincius
1084 1660 1176 1685 cum
1208 1647 1295 1684 aliis
1326 1646 1454 1685 doctis
1485 1648 1583 1686 viris
1620 1662 1642 1686 a

110 1702 344 1741 Burmanno
371 1704 498 1756 praef.
518 1705 550 1743 T
554 1719 631 1743 om.
656 1704 722 1743 VI.
742 1704 859 1743 Thes.
880 1705 967 1743 [tal.
989 1704 1220 1743 nominatis.
1280 1705 1322 1743 Si
1346 1711 1482 1744 tamen
1503 1706 1642 1744 Tima-

109 1774 188 1799 vus
205 1760 347 1800 Istriae
366 1761 517 1801 fluvius
539 1768 618 1812 est,
652 1762 911 1802 difficultates
939 1769 1081 1802 contra
1109 1762 1183 1802 hos
1203 1775 1345 1802 versus
1365 1764 1431 1803 vel
1449 1764 1526 1813 sic,
1560 1779 1642 1803 non

110 1819 306 1859 Catroeus
339 1820 516 1873 primm,
563 1820 634 1859 sed
669 1822 789 1860 multi
824 1828 919 1860 ante
951 1834 1043 1861 eum
1080 1822 1159 1860 viri
1189 1821 1297 1860 docti
1341 1820 1396 1876 (v.
1430 1837 1462 1861 c.
1493 1823 1640 1877 Cei-da)

109 1883 348 1927 moverunt,
408 1879 477 1930 qui
511 1879 727 1918 Timavum
766 1887 836 1918 aut
864 1880 983 1933 plane
1015 1879 1194 1929 nullum,
1239 1886 1308 1919 aut
1338 1880 1480 1930 huius,
1522 1895 1643 1933 quem

109 1942 231 1988 poeta
259 1943 422 1986 narrat,
455 1936 678 1976 admodum
709 1952 819 1976 nunc
850 1939 1014 1990 quidem
1044 1938 1278 1977 dissimilem
1305 1952 1388 1977 esse
1418 1940 1641 1978 contende-

108 2000 213 2034 rent.
273 1995 353 2034 Sed
376 1996 552 2046 frustra,
581 2010 675 2034 nam
704 1997 917 2035 Strabonis
942 1997 1013 2036 lib.
1038 1996 1086 2046 V,
1117 2011 1155 2050 p.
1184 1996 1282 2038 214.
1311 1998 1416 2047 215,
1449 2004 1490 2037 et
1516 1998 1642 2036 Melae

109 2053 330 2092 auctoritas
353 2061 515 2106 poetam
541 2053 746 2103 defendit,
787 2061 835 2094 ut
858 2055 1014 2094 Timavi
1041 2055 1135 2093 olim
1157 2056 1276 2093 istam
1303 2062 1495 2095 naturam
1521 2057 1642 2096 fuisse

109 2111 289 2150 dubitari
306 2119 493 2164 nequeat.
555 2113 716 2152 Scilicet
733 2113 839 2152 inter
860 2112 1084 2166 Aquileiam
1118 2119 1158 2152 et
1177 2114 1386 2166 Tergeste,
1417 2115 1459 2153 in
1484 2116 1641 2154 Carno—

107 2184 200 2209 rum
227 2170 396 2221 finibus,
429 2170 539 2224 apud
561 2171 696 2211 vicum
722 2173 760 2210 S.
792 2172 973 2222 Ioannis,
1016 2186 1097 2210 non
1122 2173 1238 2224 longe
1268 2187 1290 2210 a
1317 2174 1480 2212 castello
1509 2174 1641 2213 Duino

109 2226 327 2282 (Tywec'n),
360 2230 427 2280 qui
452 2236 564 2268 totus
592 2236 750 2268 nactus
778 2244 922 2269 saxeus
944 2237 984 2269 et
1012 2231 1248 2282 scopulosus
1284 2237 1344 2270 est
1365 2229 1479 2285 (sunt
1505 2238 1641 2271 autem

107 2292 266 2325 montes
283 2287 442 2326 calcarit
455 2286 526 2341 *))‚
541 2288 770 2342 complures
788 2289 1050 2341 ingentesque
1071 2290 1179 2327 inter
1197 2290 1362 2342 rupium
1384 2297 1500 2330 antra
1515 2305 1642 2342 aqua-

106 2356 200 2383 rum
223 2345 356 2383 fontes
385 2360 434 2398 pl
439 2346 627 2385 osiliunt:
666 2361 842 2398 quorum
874 2347 1113 2400 praecipuos
1139 2361 1210 2386 sex
1228 2349 1470 2387 numerabat
1492 2350 1640 2388 Cluve-

106 2402 219 2452 vius,
251 2403 320 2454 qui
342 2402 443 2441 haec
463 2404 552 2442 loca
578 2405 680 2444 adiit
701 2412 741 2443 et
765 2406 922 2458 singula
949 2412 1138 2444 accurate
1168 2407 1399 2459 exploravit
1434 2406 1489 2461 (v.
1512 2409 1641 2446 ltalia

107 2469 193 2498 ant.
220 2474 258 2512 p.
287 2460 398 2515 192),
431 2475 507 2500 nec
529 2463 664 2515 plures
700 2465 745 2502 V
740 2465 925 2514 alvczsor,
958 2477 1078 2515 quem
1103 2478 1196 2502 cum
1231 2477 1277 2503 eo
1305 2466 1641 2518 comparavimus,

106 2518 150 2556 in
177 2518 344 2556 Crainia
363 2519 407 2558 T.
426 2520 455 2569 Ι,
487 2534 526 2572 p.
547 2524 632 2564 272
654 2535 739 2572 sqq.
761 2525 846 2564 612
864 2535 949 2573 sqq.
1009 2522 1169 2561 Scilicet
1190 2537 1266 2575 pro
1286 2524 1381 2562 anni
1403 2530 1642 2576 tempestate

108 2577 244 2629 plures
264 2577 528 2629 paucioresve
556 2584 671 2626 sunt,
703 2580 759 2617 ita
789 2586 836 2618 ut
865 2579 986 2618 modo
1017 2587 1169 2632 septem
1199 2581 1321 2620 modo
1343 2596 1487 2621 novem
1510 2584 1642 2621 fontes

108 2641 376 2674 numerentur
421 2634 540 2688 (teste
584 2637 780 2674 Linlzarto
821 2638 990 2675 historia
1030 2639 1219 2676 Crainiae
1251 2653 1290 2691 p.
1324 2643 1391 2681 66.
1414 2639 1472 2692 **)
1488 2639 1514 2693 ).
1589 2640 1639 2678 Hi

204 2795 230 2839 ⁸)
265 2797 309 2829 V.
343 2797 479 2830 Franc.
520 2797 699 2830 Griselini
733 2799 885 2830 Lettera
921 2798 985 2831 nel
1024 2799 1204 2832 Giornale
1253 2800 1431 2833 d'Italia.
1472 2801 1540 2833 To.
1576 2800 1641 2837 XI.

127 2860 146 2877 ι.
200 2845 253 2878 18.

114 2859 122 2889 1
176 2846 242 2933 1““)
272 2892 369 2924 Unus
393 2903 434 2923 ex
454 2890 509 2924 his
535 2889 693 2923 fontibus
719 2892 782 2923 sub
805 2891 950 2925 castello
980 2892 1090 2925 Duino
1114 2892 1291 2936 insignior
1321 2900 1373 2926 est
1403 2893 1544 2927 ceteris.
1571 2894 1640 2926 vid.

108 2938 252 2973 Graber
275 2937 396 2984 Briese
414 2936 503 2971 iiber
524 2939 651 2981 Krairz,
671 2936 827 2972 Vindob.
851 2939 951 2975 1781.
979 2951 1011 2985 p.
1032 2940 1109 2975 156.
1133 2954 1160 2973 c.
1189 2940 1260 2973 tab.
