1811 3388
340 277 754 330 AENEIDOS
797 277 936 326 LIB.
975 275 1065 336 ΙΙΙ,
1103 280 1397 326 607-620
1537 280 1638 326 555

113 411 328 457 Nomen
350 403 772 465 AchemenideS,
812 401 1046 461 Troiam,
1085 404 1328 465 genitore
1351 400 1636 450 Adamasto

114 480 357 541 Paupere
374 514 387 537 ,
446 474 860 539 (mansissetque
910 472 1119 520 utinam
1167 475 1460 535 Fortunal)
1510 486 1637 536 pro-

901 539 1088 593 fectus
1536 544 1636 593 615

114 614 212 663 Hic
236 629 352 674 me,
395 610 526 661 dum
552 611 746 677 trepidi
769 610 1005 660 crudelia
1027 611 1209 660 limina
1232 610 1498 676 linquunt,

113 686 454 734 Inmemores
482 683 606 731 socii
631 691 776 730 vasto
807 681 1050 747 Cyclopis
1076 683 1129 730 in
1151 689 1303 729 antro

110 756 427 805 Deseruere.
499 754 708 801 Domus
736 752 881 800 sanie
908 751 1242 817 dapibusque
1264 748 1511 811 cruentiS,

113 826 264 873 Intus
297 838 486 888 opaca,
535 823 736 886 ingens
808 824 929 887 Ipse
957 821 1181 884 arduus,
1232 820 1441 886 altaque
1464 818 1638 885 pulsat

116 891 327 955 Sidera,
366 892 479 955 (Di,
513 891 674 941 talem
701 892 854 941 terris
889 891 1106 941 avertite
1127 895 1392 958 pestem!)
1536 895 1637 941 620

212 1031 283 1068 614
309 1032 463 1071 Nomen,
490 1039 574 1075 post
599 1033 662 1065 Ge.
690 1031 826 1064 Fabi-ic.
853 1030 1095 1076 Pieriumque,
1128 1030 1305 1064 revocavit
1330 1029 1451 1062 Heius.
1483 1041 1502 1061 e
1532 1028 1636 1062 codd.

114 1081 157 1113 cs.
184 1079 280 1112 Toll.
308 1079 350 1112 ad
375 1081 505 1111 Auson.
532 1091 566 1123 p.
592 1080 672 1114 297.
724 1079 839 1122 Vulgo
866 1079 1040 1119 Nomine,
1075 1078 1169 1123 quod
1194 1078 1349 1122 vulgare.
1382 1076 1553 1121 (IVomine
1577 1080 1636 1108 ta-

112 1138 193 1161 men
219 1126 326 1159 etiam
353 1124 478 1158 Medic.
505 1137 580 1158 cum
605 1127 639 1160 3.
667 1128 741 1163 12¹.;
769 1126 831 1158 sed
858 1125 925 1158 vid.
952 1127 995 1160 V.
1022 1126 1061 1159 L.
1089 1126 1133 1158 ad
1158 1126 1240 1167 XII,
1264 1125 1343 1159 515.
1374 1123 1469 1167 Wr.)
1525 1123 1636 1155 Porro

113 1173 376 1208 Aclzemenides
401 1172 586 1217 scriptum,
630 1185 704 1205 cum
732 1172 862 1204 Medic.
900 1171 971 1216 (bic
997 1181 1034 1205 et
1058 1172 1148 1204 infra
1173 1184 1221 1205 vs.
1249 1173 1328 1206 691.
1361 1171 1457 1213 lVr.)
1489 1169 1637 1213 aliisque

113 1220 451 1266 praestantioribus,
497 1220 599 1252 etiam
635 1220 728 1263 apud
755 1220 932 1259 Ovidium,
970 1227 1005 1252 ut
1038 1220 1084 1252 sit
1117 1213 1162 1254 ὃν
1188 1216 1236 1252 τὰ
1263 1214 1334 1262 ἄχη
1359 1214 1471 1261 μένει.
1519 1215 1635 1260 Vulgo

114 1268 422 1308 Achaemenides,
459 1266 552 1310 quod
586 1278 711 1299 nomeu
746 1266 888 1298 aliunde
926 1266 1043 1299 notius
1081 1279 1156 1299 esse
1180 1272 1337 1311 poterat.
1382 1264 1639 1298 Achimenides

114 1314 195 1355 alii,
220 1320 257 1346 ut
282 1325 402 1346 omnes
429 1312 596 1347 Gotliani.
643 1314 892 1358 Agamem'des
915 1315 1039 1346 Franc.
1064 1321 1099 1345 et
1124 1313 1174 1345 sic
1199 1311 1368 1345 Nunnius.
1408 1324 1437 1344 v.
1463 1312 1577 1343 Burm.
1600 1316 1636 1342 at

115 1373 274 1406 graecum
307 1367 360 1393 est
385 1356 625 1403 Ἆχῆμενίὸης.
676 1360 831 1392 Tandem
858 1361 1074 1401 Adamasto,
1100 1372 1141 1392 ex
1164 1356 1398 1402 Ἀδάμαστος,
1431 1357 1526 1390 varie
1552 1368 1635 1389 cor-

114 1415 276 1451 ruptum:
318 1407 522 1441 Adamusco
558 1420 615 1450 ap.
641 1408 731 1439 Pier.
768 1414 803 1439 et
829 1407 885 1447 al„
920 1411 1118 1447 Damasco,
1164 1409 1362 1446 Humano,
1401 1405 1634 1438 Adamastro.

114 1455 184 1489 616
210 1454 394 1500 trepidum
415 1457 533 1498 Sprot.
570 1454 685 1500 tepidi
705 1455 792 1487 Ven,
830 1454 969 1487 lumina
990 1454 1079 1486 alter
1095 1453 1217 1486 Hamb.
1240 1459 1276 1486 et
1297 1452 1404 1485 Goth.
1477 1452 1636 1485 613)Βο-

114 1513 191 1535 mos
216 1501 344 1534 Medic.
374 1502 416 1543 (a
442 1513 485 1533 m.
511 1501 586 1544 pr.)
622 1508 702 1534 tert.
745 1501 909 1533 Rottend.
966 1504 1056 1533 Saue
1092 1505 1231 1534 Domus
1273 1501 1377 1532 sanie
1411 1497 1638 1543 dapibusque

115 1549 278 1581 cruentis
303 1547 485 1580 durissima
511 1548 667 1580 iunctura
692 1547 835 1588 dictum,
860 1559 925 1592 pro
951 1548 1103 1581 saniosa.
1153 1549 1364 1579 Burmannus
1391 1545 1529 1577 videtur
1548 1555 1635 1588 pro—

114 1596 217 1628 basse
239 1595 280 1626 H.
304 1593 476 1639 Stephani
494 1593 842 1638 interpretationem:
870 1607 984 1640 opaca
1007 1595 1111 1627 sanie
1130 1602 1166 1626 et
1187 1592 1362 1639 dapibus3
1397 1592 1491 1636 quod
1511 1598 1547 1623 et
1565 1591 1634 1622 du—

113 1654 192 1675 rum
215 1649 250 1673 et
267 1641 418 1673 ieiunum
443 1648 506 1673 est.
534 1641 645 1674 Obvia
659 1649 711 1673 est
732 1641 950 1674 emendatio:
975 1644 1114 1674 Domus
1133 1642 1238 1674 sanie
1257 1638 1484 1685 dapibusque
1501 1650 1635 1670 cruen-

115 1698 173 1728 ta3
198 1687 319 1732 sicque
342 1688 554 1721 Wittianum
578 1688 708 1721 habere
730 1688 857 1728 video3
881 1688 986 1721 modo
1010 1687 1224 1730 distinguas:
1251 1687 1380 1719 domus
1398 1686 1503 1718 sanie
1527 1685 1636 1730 dapi—

114 1734 253 1780 busque
272 1741 426 1767 cn'centa
438 1737 558 1775 Intus,
587 1747 712 1780 opaca,
738 1736 881 1780 ingens.
917 1738 1030 1780 Saepe
1046 1735 1204 1778 epitheta
1216 1732 1351 1766 librarii
1374 1730 1638 1765 accommodant

113 1782 273 1827 proximo
296 1781 478 1814 vocabulo.

537 1785 662 1828 Dapes
691 1788 806 1814 autem
835 1782 934 1826 ipsae
965 1788 1063 1814 erant
1085 1790 1279 1820 eruentae,
1314 1780 1393 1812 hine
1425 1779 1499 1811 sine
1529 1777 1635 1810 dubio

114 1835 331 1862 cruentatum
351 1836 499 1861 antrum.
550 1829 725 1873 Exemplis
748 1841 804 1861 res
825 1841 896 1862 non
915 1829 1064 1873 indiget.
1111 1828 1176 1862 Ins.
1198 1828 1289 1865 VIII,
1307 1828 1375 1861 297
1395 1827 1534 1859 l'am'cor
1555 1826 1639 1857 Orci

115 1879 209 1909 Ossa
228 1888 338 1921 super
358 1874 539 1909 recubans
559 1884 668 1909 antro
702 1888 842 1908 semesa
863 1885 1028 1909 cruento.

1078 1875 1195 1919 (bene
1227 1873 1337 1906 habet
1357 1873 1539 1911 cruenti-53
1565 1872 1634 1903 vid.

113 1924 200 1956 Not.
222 1923 267 1955 ad
286 1922 308 1955 l.
330 1923 390 1961 IV,
416 1922 495 1956 517.
531 1922 698 1955 Similiter
717 1935 822 1968 supra
843 1924 868 1963 J,
885 1923 986 1958 639.:
1014 1925 1121 1964 „Arte
1138 1921 1320 1954 laboratae
1342 1927 1454 1952 vestes
1481 1925 1636 1951 ostro—

114 1982 197 2014 que
222 1969 470 2013 superbo.“
502 1970 596 2009 Ian

694 1971 762 2005 619
786 1971 920 2015 ingens
943 1971 1021 2016 ipse
1045 1968 1157 2013 iungit
1191 1967 1403 2001 XVaddelius
1431 1979 1486 2011 ap.
1509 1968 1635 2005 Banu„

115 2016 173 2062 qui
198 2025 292 2049 recte
314 2015 439 2049 reiicit.
491 2017 653 2061 (—620.
675 2025 801 2063 pestes
825 2017 952 2050 Medic.
973 2030 993 2050 a
1013 2029 1057 2049 m.
1081 2028 1136 2061 pr.
1165 2015 1260 2058 Wr.)

115 2141 254 2186 poetas
269 2134 554 2184 reprehendas
588 2132 668 2186 (lth
677 2149 846 2183 (ccupa-

116 2193 193 2228 [νέα
234 2191 403 2241 dicitur,
456 2199 502 2229 ut
533 2191 630 2229 Aen.
662 2191 719 2240 Il,
754 2194 848 2233 180.

110 2250 273 2300 patrias
304 2251 519 2300 Ill-scena&
568 2247 712 2301 [Vt-h.)
769 2264 848 2299 ge—

116 2308 238 2343 nitore
252 2321 461 2357 paupere:
507 2321 598 2344 culn
626 2307 846 2356 genitorem

115 2376 331 2416 pauperem
354 2363 554 2402 haberem.
597 2377 684 2414 sup.
712 2364 759 2411 Il,
793 2368 848 2405 87

116 2424 286 2471 Pauper
320 2424 362 2459 iu
405 2437 521 2459 arma
552 2431 671 2472 paler
702 2422 847 2473 pn'ms

115 2479 194 2516 lzuc·
216 2482 324 2516 misit
345 2479 397 2517 ab
419 2482 552 2517 (mnis.
617 2479 757 2517 Nescio
780 2486 845 2516 ta-

116 2551 227 2585 men,
280 2551 416 2575 annon
454 2544 568 2589 poeta
607 2552 678 2575 sua
714 2538 846 2589 potius

116 2601 321 2645 tempora,
375 2596 519 2645 quibus
559 2595 703 2633 militia
742 2595 848 2633 iuter

117 2652 224 2690 vitae
246 2667 387 2703 genera
412 2660 650 2704 quaestuosa
672 2660 759 2691 erat
790 2651 845 2705 (V.

119 2709 168 2746 ad
191 2710 334 2748 Tibult.
355 2711 383 2758 l,
408 2715 424 2751 1
442 2711 537 2763 pn),
560 2725 677 2762 quam
696 2711 845 2748 Home-

119 2767 201 2803 rica
212 2770 455 2818 respexerit,
470 2784 559 2806 nam
573 2769 706 2807 addit:
727 2784 843 2806 man-

119 2826 308 2876 sissetque
337 2829 492 2864 utinam
522 2829 728 2865 Forluna!
771 2828 847 2864 Ce-

120 2887 252 2918 terum
276 2882 354 2919 hoc
378 2884 530 2922 (lictum
552 2891 611 2922 est
631 2885 849 2934 elegantius

121 2952 258 2987 quam:
288 2939 443 2979 utinam
464 2956 639 2994 pauper,
671 2942 849 2993 adeoque

121 2995 227 3034 domi
243 3026 253 3044 ,
285 3010 444 3037 manere
465 3000 707 3038 maluissem!

965 2138 1061 2177 616.
1112 2134 1210 2171 Cum
1244 2132 1393 2184 Ulyssis
1427 2131 1543 2178 socii,
1587 2144 1635 2168 ne

908 2191 1176 2244 Polyphemus
1197 2191 1386 2228 iniuriam
1421 2189 1635 2227 ulciscere-

906 2256 994 2298 tur,
1026 2250 1117 2300 fuga
1136 2262 1175 2285 se
1196 2249 1472 2300 proriperent,
1503 2245 1635 2283 Ache-

906 2307 1083 2344 menides
1104 2308 1207 2344 sorte
1229 2306 1433 2344 remansit.
1479 2304 1635 2354 trepidi,

906 2365 1007 2402 bene
1031 2365 1254 2412 adiectum,
1293 2376 1389 2415 prae
1408 2360 1635 2399 festinatio-

909 2437 969 2460 ne.
1018 2426 1113 2464 618.
1145 2423 1286 2459 <lomus
1304 2423 1439 2467 sanie,
1476 2434 1550 2471 pro
1570 2433 1635 2456 sa-

905 2481 1037 2529 niosa,
1087 2493 1163 2518 usu
1203 2493 1316 2517 casus
1360 2479 1461 2516 sexti
1499 2477 1635 2529 paullo

907 2538 1082 2576 duriore.
1113 2551 1153 2576 v.
1175 2538 1269 2575 var.
1292 2537 1397 2574 Lect.
1446 2534 1636 2587 (—619.

902 2597 1042 2647 pulsat
1051 2596 1195 2643 sidera,
1206 2595 1273 2632 Sil.
1288 2594 1374 2632 Ital.
1386 2593 1509 2640 XVII,
1520 2594 1616 2635 651.
1629 2609 1635 2629 ;

907 2660 1099 2705 „tangens
1119 2651 1359 2704 Tirynthius
1375 2653 1519 2689 astra.“
1551 2650 1634 2690 vid.

905 2713 996 2750 Not.
1018 2711 1069 2749 ad
1092 2726 1148 2750 vs,
1171 2712 1267 2753 567.
1295 2709 1413 2762 lVr.)
1476 2711 1558 2749 620
1579 2722 1634 2758 sq.

902 2779 1081 2819 pes-lem,
1127 2769 1312 2821 pestilens
1342 2774 1383 2805 et
1421 2766 1633 2803 exitiosum

906 2827 1115 2866 hominum
1138 2826 1246 2864 vitae
1277 2831 1514 2862 monstrum.
1565 2838 1635 2859 nec

908 2885 1152 2936 vc'suficcilc‘s
1165 2884 1203 2921 h.
1225 2897 1256 2921 e.
1277 2884 1388 2921 cuius
1402 2882 1633 2932 adspectum

908 2957 990 2981 non
1022 2942 1137 2980 facile
1171 2941 1312 2991 aliquis
1341 2941 1443 2978 serat
1469 2935 1632 2991 (ἄκρος-

910 2996 1052 3053 ὁρατος
1077 3012 1175 3038 voce
1207 2997 1404 3050 Orphica,
1447 2995 1632 3043 ὄυςαντί-
