1779 3420
129 197 234 244 242
481 193 1092 244 EXCURSUS
1164 195 1311 243 XIII

128 326 278 363 νεσθαι
299 321 494 377 ἐναργεῖς,
526 322 638 363 Iliad.
654 340 692 373 v,
728 327 823 366 131.
858 325 906 363 cs.
936 324 1151 377 Spanhem.
1171 324 1326 362 Gallim.
1349 324 1423 376 Ap.
1445 325 1483 365 9.
1546 322 1664 372 Quo-

130 381 204 419 ties
230 380 352 433 igitur
387 381 485 420 alios
514 380 698 421 homines
733 382 882 420 adeant
911 383 988 432 dii,
1031 384 1159 435 specie
1183 397 1249 421 eos
1275 382 1453 420 humana
1486 388 1664 420 assumta

127 439 207 478 illis
239 453 471 491 occurrere5
511 453 594 478 esse
613 454 711 480 vero
732 440 913 479 divinam
931 441 1101 493 speciem
1131 440 1309 480 humana
1332 441 1539 489 maiorem,
1570 440 1664 478 lon-

128 511 253 550 geque
272 498 447 551 pulcri01
456 511 541 549 em;
572 499 709 550 itaque
729 499 887 550 quoties
907 499 1184 551 pulcritudine
1204 499 1368 550 insignis
1389 498 1530 550 aliquis
1550 512 1664 537 mor-

127 556 219 595 talis
239 570 322 594 sese
341 557 469 607 oss‘ert,
507 570 659 595 numen
679 557 753 595 sub
776 569 821 594 ea
844 557 975 609 specie
1002 557 1127 596 latere
1147 557 1343 610 suspicari
1369 558 1523 607 solent3
1553 563 1601 595 ut
1622 557 1663 595 in

126 614 291 668 Hymno
303 615 344 654 in
354 616 514 668 Dionys
533 618 685 658 1920:
705 628 829 667 porro
845 614 941 653 deos
954 615 1061 653 nube
1081 615 1203 654 modo
1222 615 1413 654 candenti
1426 615 1548 654 modo
1562 615 1662 653 cali-

125 674 262 725 ginosa
274 674 442 712 amictos
461 673 514 711 ad
526 672 723 721 homines,
742 672 984 723 quibuscum
1005 673 1356 724 agunt,accedere.
1393 674 1509 722 Quae
1529 674 1661 712 omnia

126 746 219 770 cum
240 745 430 770 sensuum
450 737 685 770 nostrorum
698 730 848 769 iudicio
866 731 920 768 ita
935 732 1151 770 coniuncta
1173 738 1281 782 sunt,
1303 738 1351 770 ut
1363 732 1543 770 omnium
1555 738 1662 769 tem-

124 804 272 843 porum
289 791 615 843 populorumque
632 788 833 841 opinione,
854 789 931 827 nisi
943 789 1013 841 qui
1025 795 1097 828 aut
1106 789 1284 828 belluino
1301 803 1415 828 more
1430 790 1579 829 vivunt
1591 796 1662 828 aut

125 849 174 887 ad
194 863 391 887 summam
414 846 710 901 philosophiam
732 847 899 899 expoliti
923 854 1031 897 sunt,
1061 854 1224 901 recepta
1243 862 1287 886 ea
1304 848 1470 887 suerint.
1521 848 1606 886 Iam
1628 848 1660 886 si

126 909 171 945 in
191 907 403 944 hominum
423 914 692 957 conspectum,
716 905 957 956 quibuscum
979 912 1115 945 tamen
1137 913 1275 958 agunt,
1307 907 1472 945 omnino
1490 921 1570 944 non
1588 921 1659 944 ve—

125 968 245 1003 niunt
267 965 328 1002 dii
341 981 353 1002 .·
387 965 517 1002 solent
536 965 619 1002 fere
639 963 764 1002 verba
789 977 929 1003 eorum
950 970 1111 1003 tantum
1135 965 1282 1015 audiri,
1302 966 1449 1016 quibus
1471 965 1518 1014 is,
1540 977 1660 1016 quem

125 1024 413 1074 alloquuntur,
447 1023 561 1060 facile
583 1036 730 1060 numen
757 1036 971 1074 agnoscere
990 1030 1148 1076 potest,
1186 1024 1251 1062 vel
1280 1024 1392 1074 quod
1413 1023 1512 1062 deus
1540 1037 1658 1062 suum

122 1095 270 1121 nomen
289 1081 459 1130 affatur,
490 1081 555 1119 vel
581 1080 693 1132 quod
719 1080 780 1118 dei
808 1095 892 1120 vox
924 1082 1002 1120 iam
1022 1082 1117 1120 olim
1148 1088 1244 1121 nota
1272 1088 1312 1120 et
1335 1082 1494 1134 saepius
1516 1081 1658 1120 audita

121 1146 222 1178 erat.
283 1140 341 1177 Ita
368 1139 527 1192 Ulysses
549 1137 681 1191 (Iliad.
709 1155 744 1187 κ,
777 1138 879 1193 512)
909 1146 949 1178 et
977 1139 1150 1179 Achilles
1175 1141 1224 1178 de
1247 1140 1454 1180 Minervae
1485 1140 1550 1179 vel
1573 1154 1657 1178 non

122 1203 359 1249 conspectae
383 1210 484 1236 voce
509 1196 609 1235 nihil
641 1197 850 1246 dubitant,
892 1203 932 1236 et
967 1205 1110 1237 notum
1142 1199 1274 1237 Aiacis
1299 1199 1399 1238 illud
1438 1198 1548 1251 apud
1579 1200 1656 1237 So-

120 1255 326 1309 phoclem:
371 1258 421 1296 Ὠ,
453 1251 623 1315 φθέγμ’
640 1251 825 1304 Ἀθανας
861 1254 1065 1327 φιλτάτης
1084 1257 1174 1310 ἐμοὶ
1214 1259 1329 1298 θεῶν
1367 1257 1437 1305 Ὡς
1473 1253 1657 1310 εὐμαθές

121 1328 218 1365 σου,
252 1311 332 1371 κᾷν
371 1312 556 1363 ἄποπτος
593 1330 665 1371 ῃς,
695 1310 804 1366 ὅμως
833 1311 1009 1368 Φωνημ’
1038 1311 1178 1357 οἷκούω
1212 1322 1288 1355 etc.
1349 1316 1515 1354 Diversa
1549 1316 1654 1354 ratio

119 1379 199 1423 est,
231 1387 310 1424 qua
328 1371 474 1426 Apollo
493 1372 608 1411 Iliad.
629 1389 671 1423 π,
696 1375 780 1414 788
800 1386 885 1424 sqq.
878 1403 899 1423 .,
921 1374 1009 1412 loco
1033 1374 1139 1413 inte1
1159 1388 1310 1428 paucos
1329 1374 1554 1427 splendido,
1577 1374 1654 1412 Pa·-

118 1432 250 1470 troclo
270 1431 341 1469 etsi
372 1431 527 1470 invisus
547 1438 743 1470 terrorem
766 1431 903 1470 infert.

237 1490 307 1528 Sin
327 1492 369 1527 in
399 1499 656 1541 conspectum
685 1491 850 1528 veniunt
873 1489 929 1528 dii
956 1490 1192 1541 manfisti:
1230 1491 1368 1530 divina
1389 1490 1541 1544 specie,
1575 1490 1654 1529 hoc

118 1554 178 1586 est
206 1550 374 1587 maiores
407 1562 454 1586 ac
477 1549 702 1600 pulcriores
740 1547 920 1587 humana
951 1549 1079 1586 forma
1103 1578 1113 1599 ,
1154 1555 1245 1588 tum
1275 1556 1494 1602 apparent3
1525 1550 1650 1588 multa

117 1607 201 1644 sere
218 1607 307 1645 luce
333 1607 471 1645 oculos
495 1607 753 1645 obtundunt:
794 1607 853 1645 ita
878 1615 926 1647 ut
949 1606 1050 1645 haec
1071 1608 1157 1660 ipsa
1180 1608 1252 1647 lux
1284 1610 1549 1661 praesentiam
1571 1622 1650 1646 nu-

117 1665 235 1702 minis
263 1678 430 1717 arguere
463 1665 667 1704 credatur.
728 1666 793 1703 Sic
823 1665 897 1707 inf.
939 1666 1001 1715 IV,
1033 1668 1140 1709 358:
1191 1668 1287 1718 lpse
1319 1668 1438 1704 eleum
1468 1666 1650 1720 (Mercu-

115 1721 243 1774 rium)
273 1724 489 1775 manffeslo
513 1726 556 1761 in
585 1725 738 1762 lzmzine
770 1724 858 1762 ridi
888 1725 1112 1762 lnlranlem
1144 1738 1302 1774 maroe,
1348 1740 1562 1777 vocemque
1585 1725 1650 1763 liis

116 1781 283 1820 auribus
303 1780 438 1820 hausi.
498 1782 629 1820 Etiam
651 1782 769 1834 plena
792 1782 881 1820 luce
904 1782 1047 1820 domus
1077 1789 1346 1828 memoratur,
1377 1797 1416 1822 v.
1443 1797 1476 1822 c.
1498 1782 1646 1836 Hymn.

115 1841 157 1878 in
184 1840 316 1878 cerer.
341 1842 436 1882 188.
461 1843 555 1889 190,
587 1841 656 1879 ubi
679 1841 729 1878 cf.
753 1840 919 1879 Ruhnk.
980 1841 1191 1879 Interdum
1215 1848 1351 1880 tamen
1375 1842 1424 1880 ad
1449 1848 1647 1880 terrorem

115 1900 250 1937 omnia
280 1904 510 1950 comparata
538 1905 653 1937 sunt:
693 1899 864 1951 species,
901 1900 1030 1948 oculi,
1063 1899 1249 1950 habitus3
1287 1900 1345 1938 ita
1369 1900 1476 1939 nube
1508 1900 1645 1952 caligi—

114 1971 215 1995 nosa
235 1963 277 1994 et
296 1962 381 1994 atra
413 1957 550 1995 amicti
580 1963 678 1995 sunt
707 1957 782 2007 dii,
814 1964 862 1996 ut
892 1958 1027 1997 Venus
1045 1958 1113 1997 lib.
1136 1958 1226 2008 XII,
1258 1957 1355 2002 416.
1417 1960 1517 1998 Iuno
1548 1972 1645 1997 vero

114 2029 206 2054 cum
229 2015 404 2068 procella
424 2016 559 2054 venit:
589 2016 656 2054 lib.
677 2015 730 2065 X,
749 2019 856 2059 633:
886 2018 994 2055 coelo
1015 2032 1056 2054 se
1072 2019 1257 2068 protinas
1280 2019 1363 2055 alto
1385 2019 1500 2056 Misit
1517 2031 1647 2069 agens

113 2073 287 2111 hiemem
302 2104 312 2123 ‚
342 2073 477 2112 nimbo
500 2076 727 2123 succincta,
754 2090 833 2127 per
850 2089 990 2113 auras.
1053 2075 1270 2114 Enimvero
1294 2074 1374 2114 hoc
1393 2082 1548 2129 spectat
1565 2076 1644 2114 iam

112 2132 282 2185 propius
305 2132 355 2170 ad
378 2132 467 2181 illa,
502 2146 603 2184 quae
624 2146 644 2170 a
678 2133 844 2172 consilio
874 2140 1014 2172 nostro
1043 2134 1171 2172 aliena
1200 2141 1315 2183 sunt,
1352 2149 1444 2173 cum
1475 2135 1643 2173 deorum

112 2190 341 2243 praesentia
380 2204 540 2229 omnem
584 2197 774 2230 naturam
819 2204 940 2231 sensu
976 2191 1110 2244 aliquo
1156 2193 1401 2244 perfundere
1445 2193 1642 2232 creditur:

114 2248 211 2288 dum
235 2249 313 2298 dii,
346 2249 468 2288 modo
498 2263 590 2288 cum
625 2251 746 2301 aeris,
778 2257 1014 2300 ventorum,
1050 2251 1252 2303 marisque
1282 2252 1578 2303 tranquillitate
1603 2258 1643 2290 et

116 2320 239 2345 aurae
276 2307 434 2346 silentio
473 2308 714 2348 adveniunt:
755 2309 796 2347 in
825 2323 946 2360 quain
986 2323 1071 2348 rem
1114 2311 1201 2348 loca
1233 2317 1421 2362 congesta
1462 2324 1502 2349 v.
1532 2310 1642 2362 apud

111 2364 281 2404 Valken.
312 2366 365 2404 ad
401 2365 572 2406 Theocr.
605 2370 646 2417 2,
679 2370 755 2410 38:
805 2368 927 2407 modo
971 2375 1191 2407 ventorum
1231 2369 1405 2408 marisve
1439 2369 1643 2407 tumultus

111 2424 378 2476 praesentiam
420 2425 485 2463 dei
512 2426 658 2477 arguit.
732 2427 832 2464 Cum
870 2426 935 2465 his
979 2427 1219 2465 coniunctae
1259 2434 1356 2466 sunt
1403 2422 1643 2479 ἐπιφάνειαι

112 2481 283 2520 deorum
323 2483 365 2520 in
400 2484 577 2536 templis,
625 2484 700 2522 sub
743 2499 951 2524 sacrorum
992 2486 1233 2524 sollennium
1279 2492 1350 2524 aut
1383 2486 1640 2524 oraculorum

111 2540 363 2579 edendorum
406 2548 587 2594 tempus:
636 2543 686 2580 de
729 2543 876 2594 quibus
924 2557 1034 2581 nunc
1070 2557 1153 2581 non
1197 2544 1349 2595 agitur,
1400 2551 1441 2582 et
1483 2544 1641 2596 copiose

112 2605 248 2637 actum
273 2599 322 2636 ab
350 2598 452 2648 aliis,
483 2601 589 2652 inpr.
622 2615 642 2638 a
661 2600 877 2653 Spanliem.
899 2601 949 2640 ad
971 2602 1123 2639 Gallim.
1180 2602 1318 2652 Itaque
1343 2615 1415 2640 nec
1435 2602 1640 2653 attingam,

110 2671 213 2709 quae
242 2670 293 2695 ex
325 2656 387 2695 his
415 2657 509 2710 ipsis
547 2658 717 2697 deorum
749 2659 1070 2712 apparitionibus
1111 2659 1161 2697 ad
1196 2660 1334 2697 Manes
1365 2667 1436 2698 aut
1469 2660 1640 2698 Umbras

109 2728 182 2769 per
210 2729 396 2754 somnum
426 2715 581 2754 oblatas
608 2718 804 2755 translata
836 2724 952 2768 sunt3
994 2725 1043 2756 ut
1071 2717 1119 2755 de
1153 2719 1301 2756 Creusa
1331 2719 1427 2756 Aen.
1457 2718 1503 2766 ΙΙ,
1537 2721 1639 2761 773;

110 2774 274 2813 tandem
305 2774 426 2812 etiam
458 2774 510 2812 ad
546 2774 730 2813 homines
761 2776 959 2815 divinitus
989 2777 1170 2824 afflatos,
1223 2783 1271 2815 ut
1302 2776 1351 2814 de
1383 2776 1536 2829 Sibylla
1573 2776 1639 2826 V1,

109 2833 177 2874 49.
203 2833 271 2875 50.
330 2832 482 2871 Verum
509 2839 556 2871 ut
591 2833 644 2871 ad
667 2834 781 2872 illum
801 2834 969 2873 deorum
991 2840 1251 2886 conspectum
1281 2835 1514 2884 redeamus,
1544 2848 1639 2886 quo,

109 2891 267 2942 quoties
288 2904 430 2930 eorum
450 2891 675 2931 ministerio
700 2899 821 2945 poeta
840 2893 993 2943 utitur,
1024 2893 1080 2931 illi
1113 2893 1335 2945 prodeunt:
1368 2894 1400 2931 si
1427 2894 1639 2932 manifesto

108 2950 274 2988 numine
297 2956 543 2999 occurrunt,
574 2950 661 2989 fieri
682 2951 725 2990 id
753 2952 834 2990 sere
857 2951 1157 2991 animadvertas
1185 2952 1251 2991 vel
1278 2966 1449 2991 occursu
1477 2952 1639 2991 alterius
