1811 3388
309 243 725 296 AENEIDOS
763 244 901 292 LIB.
939 244 1026 304 lv,
1064 248 1353 293 219—231

1497 251 1595 297 629

90 375 210 422 Non
238 370 386 418 illum
408 368 563 416 nobis
581 368 816 431 genetrix
836 366 1154 433 pulcerrima
1173 366 1334 415 talem

88 439 358 500 Promisit,
398 438 723 502 Graiumque
746 437 870 485 ideo
892 437 971 484 bis
991 436 1219 485 vindicat
1241 438 1424 488 armis:

88 508 195 558 Sed
239 506 358 556 fore
383 547 396 570 ,
461 507 550 573 qui
593 506 862 571 gravidam
909 506 1145 571 imperiis
1192 505 1450 573 belloque
1487 506 1595 557 fre-

862 584 1105 624 mentem

82 645 285 695 Italiam
306 652 539 708 regeret,
577 659 743 707 genus
772 643 874 693 alto
908 662 934 693 a
961 644 1211 709 sanguine
1234 644 1428 693 Teucri
1489 651 1591 696 230

83 714 366 776 proderet,
406 729 463 762 ac
485 721 659 762 totum
682 713 779 762 sub
800 713 942 778 leges
963 714 1199 763 mitteret
1222 713 1426 763 orbem.

174 843 244 877 227
267 842 435 888 genetrix
459 839 562 874 nobis
586 840 695 874 vVVall.
722 841 827 874 Goth.
852 853 921 874 sec.
959 841 1031 874 Erf.

492 889 562 922 230
586 887 687 920 deest
711 900 734 922 a
758 887 794 920 iu
819 888 936 920 multis
960 888 1050 921 Pier.
1077 895 1112 921 et
1136 888 1254 921 Heins.
1281 894 1318 921 et
1350 887 1394 921 ul.
1429 887 1478 931 (in
1510 888 1589 933 qui—

76 889 265 935 surentem
291 888 399 922 Wall.

1123 842 1194 876 229
1228 840 1402 886 bellisque
1431 841 1590 874 Parthas.

83 937 146 969 bus
170 938 203 972 3.
229 942 262 969 4.
293 935 387 978 Wr.)
412 946 442 968 v.
467 946 543 978 sup.
568 946 600 968 v.
627 936 704 970 191.
753 933 798 968 ab
820 947 850 969 s.
882 934 1029 970 Nonius.
1057 935 1101 968 cf.
1122 934 1242 968 Heius.

82 1066 121 1090 v.
146 1051 174 1101 I,
198 1053 293 1093 258.
323 1051 396 1089 Inf.
421 1064 461 1089 v.
482 1051 566 1093 234
599 1053 811 1090 Romanas

82 1124 192 1147 arces
208 1108 334 1158 dixit,
366 1114 412 1146 ut
430 1108 464 1146 II
482 1109 622 1160 Georg.
650 1113 742 1150 172.

139 1169 221 1208 227
235 1169 391 1209 —231.
425 1164 562 1218 (Vide,
593 1167 810 1204 orationem

83 1224 305 1274 obliquam,
353 1223 464 1261 cuius
495 1238 586 1262 rara
616 1224 658 1261 in
690 1230 810 1275 poeta

81 1281 192 1332 epico
213 1281 414 1332 exempla,
456 1281 506 1318 cf.
534 1284 616 1322 289
635 1304 682 1309 —
699 1282 808 1330 294„

82 1351 156 1388 qua
218 1344 303 1375 arte
363 1338 554 1376 vitaverit
612 1339 806 1389 Virgilius.

87 1394 235 1447 Istc-lc.)
279 1396 439 1433 Summa
463 1390 640 1447 δεινότης
661 1395 807 1433 horum

81 1465 292 1501 versuum,
351 1452 532 1503 inprimis
582 1455 665 1494 229
722 1466 805 1503 sqq.

81 1510 217 1548 Delata
246 1510 287 1547 in
313 1509 486 1547 Aeneam
515 1523 580 1559 ea,
611 1523 711 1560 quae
741 1523 804 1547 se-

80 1567 252 1606 rioribus
309 1567 552 1618 temporibus
610 1580 803 1605 evenere:

79 1625 163 1663 sore
186 1637 275 1675 eum
304 1625 447 1674 talem,
489 1624 558 1675 qui
580 1624 736 1662 Italiam
763 1624 803 1662 in

80 1682 273 1720 ditionem
311 1682 509 1733 redigeret
540 1687 580 1719 et
609 1683 804 1734 populum

79 1740 186 1777 orbis
202 1745 404 1778 terrarum
432 1740 625 1778 victorem
653 1739 804 1777 conde-

77 1803 152 1836 ret.
200 1797 281 1845 bis,
316 1797 434 1835 semel
462 1810 483 1834 a
514 1796 702 1836 Diomede
725 1797 804 1835 Ve-

79 1868 154 1892 nus
176 1854 279 1905 ipsa,
310 1853 423 1894 Iliad.
444 1869 475 1904 ε,
495 1857 574 1896 311
598 1868 694 1905 sqq„
714 1860 803 1892 tuni

80 1912 128 1949 ab
155 1910 308 1949 Achille
338 1911 514 1963 Neptuni
543 1925 662 1963 opera
691 1912 801 1950 Iliad.

77 1985 117 2015 v,
140 1972 218 2010 291
246 1982 329 2018 sqq.
390 1969 464 2006 Alii
489 1969 539 2006 ad
571 1969 733 2007 Veneris
759 1969 801 2006 in

76 2026 161 2077 ipso
180 2026 320 2063 Troiae
342 2026 497 2064 excidio
519 2027 715 2064 monitum
733 2039 801 2064 re·-

77 2085 211 2121 serunt
228 2096 312 2134 sup.
333 2084 378 2132 II,
411 2085 492 2125 509
522 2097 604 2134 sqq.
635 2090 675 2121 et
705 2086 799 2124 632.

80 2139 305 2192 (Neptunus
348 2147 483 2177 tamen
532 2154 602 2178 sua
645 2147 799 2192 sponte,

79 2211 160 2234 non
193 2197 462 2234 intercedente
506 2198 677 2245 Venere,
722 2196 800 2234 Ae-

79 2267 191 2292 neam
218 2253 357 2291 Achilli
379 2254 536 2305 eripuit.
578 2255 715 2304 Itaque
738 2267 800 2291 se-

79 2311 254 2349 cundum
293 2318 452 2363 ereptus
489 2312 697 2362 putabitur
735 2311 798 2348 in-

79 2382 195 2407 censa
235 2368 364 2406 Troia.
436 2368 513 2405 Sed
560 2375 686 2406 restat
725 2369 798 2405 alia

78 2427 209 2474 ratio,
252 2439 373 2475 eaque
413 2425 592 2477 duplex,
640 2432 687 2464 ut
730 2431 799 2462 aut

77 2484 188 2535 prius
217 2497 236 2519 a
260 2485 502 2521 Graecorum
533 2483 650 2520 arinis
681 2483 799 2520 Troia

77 2542 368 2591 Agamemnone
412 2540 512 2578 duce
560 2546 797 2591 expugnata,

77 2605 164 2636 tum
198 2612 218 2635 a
253 2598 457 2649 periculis,
502 2611 601 2648 quae
639 2599 679 2635 in
708 2598 798 2647 suga

78 2669 149 2706 per
170 2656 317 2693 medias
345 2656 587 2693 Graecorum
619 2656 796 2692 civitates

78 2713 338 2750 imminebant
357 2743 366 2761 ,
404 2713 615 2750 liberatum
646 2712 797 2750 intelli-

79 2783 234 2819 gamm,
274 2770 361 2807 coll.
398 2770 460 2817 ΙΙΙ,
489 2773 583 2811 282.
612 2784 688 2819 sq.;
727 2776 797 2806 aut

80 2826 228 2876 duplex
260 2827 400 2863 Troiae
425 2827 626 2865 excidium
650 2827 795 2864 obver-

79 2888 207 2919 satum
251 2895 332 2919 esse
374 2890 512 2934 poetae
550 2884 679 2921 animo
711 2890 796 2921 sta-

78 2946 256 2988 tuamus;
276 2953 375 2990 quae
393 2940 552 2990 quidem
572 2941 796 2992 explicatio,

868 1051 946 1089 iam
971 1051 1013 1089 in
1038 1050 1195 1089 scholiis
1219 1051 1419 1090 Servianis
1439 1065 1591 1104 propo-

868 1109 966 1157 sita,
998 1109 1029 1146 si
1051 1109 1265 1147 contuleris
1285 1109 1351 1158 III,
1373 1110 1490 1159 476.‚
1524 1122 1590 1146 ce-

868 1166 965 1204 teris
992 1167 1160 1205 fortasse
1188 1167 1435 1219 probabilior
1472 1166 1589 1205 vide-

867 1224 989 1262 bitur.
1023 1223 1140 1278 Wr.)
1209 1225 1335 1262 Porro
1370 1226 1452 1265 228
1490 1239 1589 1275 pro-

867 1283 976 1318 misit
993 1303 1049 1309 -—-
1068 1282 1249 1319 vindic-at
1269 1311 1280 1330 ‚
1332 1281 1589 1332 quandoqui-

865 1338 954 1376 dem
974 1337 1073 1376 haec
1101 1344 1282 1390 tempora
1305 1338 1455 1389 aliquid
1476 1351 1588 1376 com-

862 1408 981 1433 mune
1009 1395 1178 1446 habent,
1213 1396 1316 1433 conf.
1348 1398 1458 1434 Serv.
1490 1395 1532 1436 h.
1562 1396 1586 1434 l.

865 1451 971 1505 (Non
990 1465 1058 1504 ego
1076 1453 1142 1492 hic
1154 1482 1164 1502 ,
1187 1459 1236 1491 ut
1258 1452 1351 1491 fecit
1365 1453 1587 1502 VVunderl„

864 1511 915 1548 ad
945 1510 1026 1548 Ecl.
1053 1511 1152 1559 VIII,
1185 1510 1251 1550 45.
1283 1510 1501 1548 remiserim
1527 1511 1587 1547 le-

862 1574 1034 1617 ctorem,
1063 1567 1134 1605 sed
1157 1568 1208 1604 ad
1227 1580 1293 1614 ea,
1314 1580 1415 1618 quae
1437 1568 1478 1605 in
1496 1568 1586 1606 Not.

863 1625 914 1662 ad
949 1625 1047 1663 Aen.
1087 1626 1125 1674 I,
1165 1627 1232 1666 99.
1272 1624 1421 1676 scripsi.
1468 1624 1585 1678 Wr.)

862 1685 945 1725 229
971 1683 1192 1733 gravidam
1209 1683 1385 1732 imperiis
1402 1683 1584 1721 Italiam.

862 1740 924 1777 Ex
948 1740 1166 1778 verborum
1189 1739 1231 1777 vi
1254 1753 1336 1777 non
1359 1753 1440 1777 uno
1464 1739 1585 1778 modo

861 1795 939 1834 hoc
963 1797 1115 1835 dictum
1136 1809 1216 1834 esse
1236 1802 1379 1848 potest.
1420 1797 1585 1847 Italiam,

861 1867 962 1905 quae
984 1853 1133 1892 multos
1152 1854 1410 1905 imperatores
1430 1860 1490 1892 est
1510 1868 1585 1906 pa—

859 1913 1012 1962 ritura,
1051 1911 1224 1963 explicat
1247 1913 1358 1950 Serv.
1386 1912 1584 1963 probante

860 1969 987 2007 cerda
1021 1975 1060 2007 et
1098 1969 1184 2020 ipso
1220 1969 1462 2009 Burmanno.
1521 1970 1585 2007 Sic

859 2027 1064 2066 Claudian.
1095 2026 1256 2064 Fescen.
1287 2025 1376 2075 XII,
1397 2025 1464 2067 24.
1502 2028 1583 2064 im-

854 2086 967 2133 perio
982 2083 1114 2134 selam
1134 2084 1296 2120 domam
1324 2083 1449 2133 dixit,
1482 2097 1582 2134 quae

857 2140 1003 2178 multos
1021 2141 1280 2191 imperatores
1298 2139 1451 2178 habuit.
1503 2141 1582 2178 Te-

859 2210 936 2234 nue
966 2204 1098 2235 tamen
1129 2196 1226 2244 hoc,
1270 2196 1406 2234 saltem
1449 2195 1489 2238 h.
1532 2198 1581 2247 l.;

858 2255 931 2291 etsi
950 2268 1103 2293 verum.
1137 2254 1186 2291 cs.
1205 2253 1237 2290 II
1258 2254 1398 2304 Georg.
1425 2256 1503 2295 169
1523 2268 1580 2305 sq.

858 2311 997 2349 Melius
1021 2311 1085 2348 alii
1108 2311 1310 2361 populum
1338 2312 1418 2348 late
1446 2325 1581 2361 regem

856 2369 922 2406 lib.
945 2369 971 2416 Ι,
993 2372 1044 2410 21
1068 2367 1148 2405 huc
1167 2374 1335 2416 vocant3
1367 2367 1436 2405 sed
1458 2369 1579 2406 verba

857 2439 937 2463 non
963 2424 1191 2477 expediunt.
1251 2425 1405 2462 Scilicet
1428 2426 1579 2476 poetice

857 2485 1033 2533 imperiis
1081 2482 1233 2520 dictum
1279 2496 1353 2533 pro
1394 2485 1575 2533 imperio,

858 2553 936 2590 quo
958 2545 1158 2577 terrarum
1188 2539 1324 2578 orbem
1344 2540 1578 2591 complexu—

857 2611 901 2635 ra
932 2603 1018 2635 erat
1051 2597 1188 2634 Roma.
1243 2597 1421 2647 gravida
1458 2597 1578 2648 igitur

856 2656 1030 2705 imperiis
1052 2654 1185 2702 Italia,
1216 2653 1257 2691 in
1286 2667 1362 2704 qua
1391 2668 1577 2705 magnum

856 2713 1035 2750 futurum
1056 2717 1142 2749 erat
1170 2711 1402 2762 imperium,
1433 2717 1479 2748 ut
1506 2712 1575 2749 inf.

855 2770 907 2818 X,
943 2772 996 2810 87
1027 2769 1245 2818 gravidam
1273 2767 1386 2805 bellis
1425 2768 1572 2815 urbem,

856 2839 956 2876 quae
988 2826 1134 2862 bellum
1161 2825 1273 2876 gerit.
1333 2824 1437 2862 Licet
1473 2839 1573 2875 quo-

856 2896 931 2933 que
958 2884 1177 2933 gravidam
1217 2883 1394 2931 imperiis
1428 2881 1574 2919 intelli-

854 2953 942 2991 gere
974 2939 1149 2987 ltaliam,
1192 2951 1291 2989 quae
1328 2938 1472 2976 multos
1499 2952 1573 2989 po—
