1811 3388
0 2599 13 2897 gamem-qe>

377 200 776 255 AENEIDOS
813 201 951 249 LIB.
987 200 1076 261 IV,
1111 203 1398 250 553—567
1555 207 1652 253 689

147 337 282 394 Νο0,
321 345 454 397 quae
478 337 528 375 te
553 326 751 374 circum
774 332 914 373 stent
936 322 1132 371 deinde
1154 321 1407 388 pericula,
1447 324 1616 372 cernis
1632 332 1654 374 ἓ

147 404 402 451 Demens!
440 412 538 444 nec
560 393 832 459 Zephyros
856 392 1003 441 audis
1028 393 1224 457 spirare
1245 391 1541 442 secundos?

148 470 240 519 Illa
261 468 412 517 dolos
441 465 723 529 dirumque
748 460 895 511 nefas
921 462 973 510 in
995 469 1215 526 pectore
1236 469 1420 523 versat,

150 541 300 588 Certa
324 535 488 596 mori,
528 534 781 597 varioque
802 532 995 579 irarum
1016 528 1234 578 fluctuat
1258 531 1417 578 aestu.

146 611 267 657 Non
310 604 446 669 fugis
485 603 608 651 hinc
651 617 906 667 praeceps
927 640 939 661 ,
1001 599 1130 648 dum
1169 599 1511 664 praecipitare
1552 614 1653 663 po-

923 678 1079 718 testas
1093 675 1114 718 ,2
1552 671 1651 720 565

146 746 256 793 Iam
281 759 425 791 mare
445 740 644 790 turbari
664 739 922 801 trabibus,
962 753 1245 802 saevasque
1267 735 1472 784 videbis

149 812 448 864 Conlucere
468 810 630 872 saceS,
670 811 774 857 iam
801 806 1008 857 fervere
1030 807 1182 855 litora
1202 804 1444 868 flammis,

240 918 305 952 561
343 929 434 961 quae
464 923 499 947 te
524 916 656 947 circum
686 921 784 946 stent
810 912 929 945 Heius.
959 924 976 944 e
1005 911 1129 944 Medic.
1161 909 1307 953 aliisque
1343 915 1425 954 post
1463 908 1653 942 Pierianos.

148 963 246 996 Adde
265 965 384 1005 fragm.
405 962 515 994 Vatic.
562 964 608 993 At
638 960 751 1004 vulgg.
782 972 875 1004 quae
904 960 1141 991 circumstant
1165 956 1219 988 vel
1249 964 1346 988 stent
1375 964 1421 988 te.
1457 960 1510 1000 (ut
1539 963 1592 988 est
1619 956 1653 987 in

147 1009 256 1043 Palat.
294 1009 387 1043 lVrA
431 1009 473 1040 cs.
513 1007 556 1039 ad
597 1007 674 1041 536.
725 1012 751 1039 Α
782 1005 900 1037 multis
937 1005 1037 1037 abest
1075 1012 1120 1036 te.
1170 1014 1299 1035 cernas
1334 1002 1433 1035 Leid.
1472 1014 1491 1034 a
1522 1014 1567 1034 m.
1599 1014 1652 1046 pr.

148 1057 217 1091 563
253 1056 340 1089 deos
369 1062 450 1088 tert.
476 1053 618 1086 Mentel.
649 1066 667 1085 a
698 1065 741 1086 m.
773 1065 824 1096 pr.
873 1054 908 1084 in
932 1060 1085 1097 pectora
1116 1049 1205 1082 alter
1231 1050 1368 1092 Menag.
1417 1047 1483 1081 sub
1507 1057 1655 1093 pectore

150 1102 299 1134 Pieriani
322 1102 464 1145 aliquot.
559 1099 628 1133 564
662 1099 783 1132 Lectio
813 1098 900 1130 haec
937 1096 1086 1129 Medicei
1117 1095 1330 1138 aliorumque
1361 1100 1414 1127 est
1441 1094 1542 1127 codd.
1576 1094 1653 1127 ele-

151 1149 289 1192 gantior
315 1148 406 1180 haud
433 1147 537 1179 dubie
563 1145 624 1177 illa
656 1152 691 1177 et
719 1151 845 1190 poetae
874 1145 1114 1187 frequentata,
1160 1142 1203 1174 cf.
1234 1153 1262 1173 v.
1296 1142 1373 1181 532,
1405 1153 1505 1185 quam
1533 1140 1654 1182 altera,

151 1207 251 1238 quam
275 1194 334 1227 alii
364 1194 465 1226 codd.
493 1206 548 1236 ap.
577 1191 695 1223 Heius.
729 1199 762 1223 et
795 1193 905 1222 Burm.
941 1190 1048 1233 (cuius
1078 1189 1215 1231 Menag.
1249 1187 1310 1220 alt.
1354 1188 1508 1220 suscitat
1533 1186 1652 1231 habet)

153 1253 228 1274 cum
247 1253 313 1273 uno
336 1240 424 1273 Pier.
454 1245 489 1271 et
514 1241 635 1281 fragm.
656 1237 768 1270 Vatic.
795 1238 988 1280 variosque
1017 1237 1155 1268 irarum
1183 1235 1341 1266 concitat
1367 1241 1501 1266 aestus.
1548 1234 1654 1266 Forte

153 1287 228 1332 ipse
249 1294 353 1331 poeta
373 1286 551 1318 meliorem
570 1284 753 1317 lectionem
777 1283 878 1315 alteri
896 1281 1139 1325 adscripserat.
1189 1280 1268 1323 (At,
1294 1280 1389 1323 quod
1413 1290 1482 1311 non
1503 1279 1656 1313 debebat

153 1335 305 1377 Heyuius
329 1333 539 1376 praeterire,
564 1332 598 1363 in
618 1331 726 1363 tribus
749 1330 850 1363 codd.
881 1327 1075 1360 Heinsianis
1105 1326 1233 1370 legitur
1253 1328 1447 1370 variosque
1475 1327 1521 1359 ir.
1542 1326 1654 1372 slu—

153 1390 229 1412 ctu
245 1388 292 1412 at
319 1388 463 1419 aestus,
499 1378 588 1410 unde
615 1376 840 1419 intelligitur,
872 1376 1031 1408 concitat
1057 1373 1178 1406 deberi
1209 1371 1540 1416 interpolatoribus3
1576 1372 1655 1406 huic

153 1434 264 1459 autem
277 1428 441 1471 fluctuat
461 1433 585 1457 aestu-s·
606 1424 808 1455 adversatur
827 1434 905 1454 usus
927 1419 1112 1464 loquendi3
1138 1431 1216 1451 nam
1234 1419 1420 1463 fluctuari
1440 1418 1532 1451 idem
1560 1419 1654 1462 quod

151 1475 355 1517 fluctuare,
381 1471 447 1502 vid.
470 1470 710 1511 Quintil.1nst.
730 1470 792 1509 lX,
818 1469 852 1509 3,
880 1469 912 1503 7.
960 1468 1127 1499 varios..
1143 1473 1268 1498 aestus
1296 1463 1401 1497 etiam
1427 1466 1461 1499 2.
1489 1466 1524 1499 3.
1556 1467 1589 1499 8.
1619 1471 1655 1497 et

154 1521 311 1552 concitat
332 1521 358 1551 1.
382 1518 413 1551 3.
440 1518 471 1551 8.
504 1517 597 1559 1171.)

693 1517 760 1551 565
786 1516 883 1548 ivam
900 1520 971 1546 tres
992 1514 1172 1544 Burmann.
1204 1511 1267 1556 (ita
1296 1510 1400 1543 etiam
1433 1511 1510 1543 cod.
1539 1511 1654 1544 Iesuit.

154 1578 207 1609 ap.
233 1563 457 1602 Wakefield„
483 1563 539 1606 qui
560 1562 608 1595 ita
630 1562 756 1601 edidit;
783 1561 888 1600 male,
915 1559 1016 1591 etiam
1041 1558 1162 1591 Iahnio
1183 1557 1309 1589 iudice.
1338 1557 1435 1599 Wr.)
1483 1558 1522 1590 in
1538 1570 1654 1603 prae-

154 1623 236 1656 ceps
271 1611 392 1653 fragm.
425 1610 534 1642 Vatic.
573 1622 591 1641 a
627 1621 669 1640 m.
710 1620 764 1652 pr.
813 1609 884 1652 <mc
920 1605 1066 1646 Medic„
1109 1604 1170 1637 sed
1206 1603 1442 1648 superscripta
1480 1615 1516 1636 n.
1557 1603 1652 1648 Wr.)

153 1659 220 1692 567
244 1657 354 1690 litora
376 1655 529 1701 seruere
547 1654 691 1687 Dorvill.

212 1750 293 1792 560
315 1772 370 1778 --
391 1752 485 1791 569.
541 1749 615 1786 hoc
655 1748 726 1786 sub
759 1763 873 1797 casa,

155 1807 347 1858 exquisite
369 1821 442 1858 pro
464 1806 640 1858 periculo
664 1820 708 1843 ac
735 1805 876 1843 discri-

154 1866 269 1904 mine.
328 1865 465 1901 (lacere
504 1878 658 1901 somnos
680 1893 690 1911 ,
741 1864 875 1901 Burm.

154 1923 244 1960 vult
264 1935 344 1958 esse
366 1920 406 1959 11.
429 1921 453 1960 1.
472 1921 692 1972 producere
712 1933 783 1971 per
809 1927 876 1958 to—

155 1986 237 2017 tam
257 1985 424 2016 noctem.
485 1978 562 2015 Sed
585 1978 625 2015 in
662 1984 775 2015 tanto
805 1991 875 2028 pe—

156 2036 282 2074 riculo
312 2035 472 2073 omnino
498 2035 670 2072 dormire
691 2035 875 2081 Aeneam,

158 2092 328 2131 insolens
348 2099 387 2129 et
409 2092 550 2129 mirum
581 2099 677 2129 erat.
737 2091 876 2128 deinde

159 2150 320 2187 videtur
342 2151 509 2186 otiosum
528 2162 626 2197 esse3
647 2148 713 2184 sed
733 2148 876 2185 luben—

160 2213 220 2244 ter
255 2219 299 2243 eo
333 2207 461 2243 utitur
495 2212 610 2256 poeta
640 2205 689 2241 ad
727 2218 875 2242 morem

160 2267 233 2304 τοῦ
266 2260 346 2302 εἶτα
376 2263 416 2299 in
447 2262 786 2313 argumentatione
814 2262 879 2298 vel

161 2320 491 2370 consequutione‚
516 2326 560 2356 ut
589 2320 783 2356 inseratur
806 2319 879 2355 ali-

161 2378 276 2428 quid:
311 2383 348 2413 et
376 2391 464 2414 cum
494 2376 590 2413 haec
623 2377 676 2413 ita
705 2377 806 2423 sint,
838 2378 879 2412 in

161 2444 268 2472 tanto
300 2449 427 2481 casu,
476 2431 584 2482 εἶτα,
629 2434 790 2481 deinde,
832 2438 878 2469 tu

161 2506 240 2530 non
261 2492 385 2528 cernis
407 2491 600 2541 pericula,
631 2490 773 2540 quibus
800 2489 879 2526 cir-

162 2549 372 2586 cumdatus
393 2549 462 2584 es?
494 2544 567 2587 εἶτ’
584 2543 656 2587 ov'n
676 2542 879 2600 αἰσθάνῃ,·

162 2607 224 2643 Sic
255 2620 291 2643 v.
324 2619 355 2643 c.
391 2605 477 2652 XII,
508 2607 589 2645 889
627 2606 740 2654 Quae
775 2618 879 2640 nunc

163 2663 301 2700 deinde
329 2677 439 2699 mora
467 2662 554 2698 est?
583 2661 650 2709 IX,
681 2664 757 2702 781
804 2674 879 2711 quo

164 2720 302 2756 deinde
333 2719 488 2768 silgatn
514 2748 523 2765 ,
573 2732 649 2769 qno
691 2718 879 2754 tenditis?

164 2776 243 2812 Nec
273 2776 439 2812 multum
461 2775 583 2812 aliena
618 2774 713 2812 haec
737 2780 831 2811 sunt
856 2787 877 2810 a

162 2832 315 2882 vulgari
335 2845 408 2868 usu
428 2846 498 2882 pro
530 2845 669 2882 porro,
710 2838 780 2869 aut
805 2844 878 2882 pro

162 2889 202 2926 in
222 2895 444 2940 posterum,
476 2888 523 2925 ab
548 2888 624 2926 hoc
656 2888 747 2928 inde
777 2894 879 2925 tem-

231 2956 437 3002 VIRGIL.
475 2954 614 3002 Toni.
651 2955 714 3001 II.

935 1760 1043 1800 pore.
1065 1760 1103 1785 v.
1122 1759 1154 1786 0.
1178 1744 1250 1783 ins.
1264 1745 1309 1793 V,
1330 1743 1392 1786 14.
1424 1752 1458 1782 te
1481 1746 1654 1782 ciream-

933 1813 1054 1852 slent,
1085 1804 1163 1841 iam
1184 1802 1300 1840 Hom.
1323 1801 1416 1854 περὶ
1443 1799 1517 1855 γάρ
1551 1799 1654 1842 κακοὶ

933 1858 1143 1902 πάντοθεν
1173 1859 1286 1911 ἔστη,
1321 1859 1462 1910 Odyss
1495 1861 1528 1908 ξ,
1558 1862 1654 1900 270.

935 1918 987 1971 (te
1015 1920 1190 1963 circum;
1234 1916 1374 1954 crebro
1407 1915 1504 1954 haec
1537 1929 1655 1967 prae-

932 1975 1076 2027 positio
1105 1973 1379 2025 postponitur3
1413 1973 1494 2011 vid.
1524 1974 1655 2012 VVun-

937 2032 1033 2070 derl.
1067 2032 1180 2069 Obss.
1208 2031 1257 2068 ad
1284 2030 1427 2067 Tibull.
1456 2030 1482 2078 I,
1515 2033 1552 2078 3,
1587 2033 1654 2071 67.

940 2092 1002 2129 W
1003 2088 1056 2140 r.)
1119 2088 1318 2138 Zephyros
1336 2087 1563 2138 simpliciter
1582 2101 1654 2137 pro

935 2145 1064 2184 ventis
1093 2145 1207 2192 ‹licit3
1238 2150 1284 2182 ut
1314 2144 1413 2180 solet
1439 2143 1480 2180 in
1508 2150 1654 2181 vento—

932 2217 1024 2241 rum
1052 2201 1276 2239 nominibus
1303 2214 1444 2252 parum
1473 2206 1655 2238 accurate

936 2259 1085 2297 versari
1112 2258 1305 2308 Virgilius.
1364 2257 1564 2295 Haerebat
1590 2256 1655 2295 hie

935 2314 1266 2363 Holdsworthus;
1297 2314 1367 2351 etsi
1390 2327 1462 2352 nec
1483 2320 1560 2363 est,
1583 2327 1656 2352 cur

936 2388 1016 2412 non
1046 2372 1206 2424 proprie
1234 2371 1360 2409 dictos
1391 2378 1526 2422 putes;
1563 2386 1655 2409 nam

937 2432 984 2469 ab
1004 2430 1207 2468 occidente
1227 2435 1340 2466 ortus
1362 2435 1502 2466 ventus
1523 2429 1656 2466 deser-

935 2502 977 2527 re
997 2488 1166 2525 Aeneam
1194 2500 1215 2523 a
1241 2484 1488 2536 Carthaginis
1516 2499 1586 2523 ora
1613 2486 1655 2523 in

938 2546 1088 2584 ltaliam
1123 2543 1269 2581 debuit.
1338 2542 1387 2580 Et
1421 2543 1476 2580 sie
1508 2543 1578 2581 inf.
1607 2543 1654 2591 V,

940 2605 1004 2650 19,
1025 2604 1090 2643 20.
1150 2602 1244 2643 562.
1265 2600 1436 2636 demens.
1472 2600 1653 2651 σχέτλιος.

937 2658 1032 2701 564.
1066 2658 1179 2695 Cena
1208 2658 1332 2704 mori,
1367 2656 1457 2694 vide
1489 2670 1525 2694 v.
1558 2656 1653 2698 475.

935 2717 1031 2759 565.
1054 2716 1321 2764 praecipitare
1350 2714 1413 2750 vel
1438 2710 1481 2753 τὸ
1509 2714 1653 2764 sugere,

935 2771 1198 2824 praecipitare
1218 2771 1365 2821 fugam,
1399 2768 1493 2822 (hoc
1512 2778 1655 2808 tenen-

937 2831 1046 2867 dum.
1090 2826 1209 2879 Wr.)
1257 2826 1322 2865 vel
1341 2856 1350 2874 ‚
1400 2827 1655 2878 praecipitem

936 2899 1030 2935 esse,
1047 2883 1357 2937 praecipitanter
1376 2896 1499 2935 agere.
1558 2884 1654 2924 566.

1313 2949 1381 2993 44
