1811 3388
301 231 706 289 AENEIDOS
745 228 883 276 LlB.
923 226 1012 286 111,
1049 226 1344 275 330—340
1496 226 1591 272 491

84 373 187 419 Aut
207 365 447 432 quisnam
470 360 712 422 ignarum
732 352 926 402 nostris
949 349 1080 399 deus
1104 346 1309 413 adpulit
1334 347 1439 395 oris
1454 350 1476 394 ?

86 436 227 501 Quid
251 448 387 500 puer
404 427 675 486 Ascaniu53
705 426 1026 490 superatne?
1065 427 1117 468 et
1141 417 1371 466 vescitur
1394 432 1532 471 aura,

88 512 237 570 Quae
260 502 353 551 tibi
380 501 484 549 iam
511 497 671 546 Troia
695 524 766 533 —
1502 489 1604 538 340

155 593 270 641 339.
286 595 605 643 SUPERATNE,
672 582 848 626 AURA?
920 576 1034 626 340.
1053 573 1213 633 QUEM
1290 571 1470 617 TROIA
1490 570 1607 603 ****

90 691 186 726 venti
207 702 247 723 ex
266 688 408 723 Troade
428 687 573 719 ferrent.
622 682 807 716 Enimvero
827 680 876 713 sic
898 675 1054 722 argutari
1074 674 1189 731 possis
1211 680 1246 706 et
1277 672 1312 705 in
1333 670 1488 715 vulgari:
1515 684 1608 716 quo-

91 739 195 772 modo
213 740 284 770 ltuc
303 734 461 770 venisti?
497 732 585 766 etin
607 731 732 775 Odyss.
768 741 805 771 α,
837 728 900 762 171
924 725 1005 764 πῶς
1038 723 1079 757 δε
1119 732 1157 755 σε
1183 720 1323 754 ναῦται
1356 714 1523 763 ’‘Hyocyov
1557 718 1610 758 εἰς

90 782 242 829 Ἰθάκην
263 790 350 821 etc.;
376 781 519 815 Scilicet
547 779 577 812 si
601 776 736 822 vulgari
762 785 925 808 sermone
954 784 1016 804 usa
1044 776 1137 803 esset
1162 766 1430 807 Andromache,
1469 765 1610 810 quaesi-

92 833 201 866 visset
221 831 281 863 illa
300 830 367 863 sic:
398 841 468 874 quo
491 839 580 860 casu
609 826 657 858 ad
681 825 751 857 has
776 831 899 855 terras
928 816 1141 852 accessisti?
1190 817 1259 848 Iuni
1289 814 1358 847 hoc
1383 819 1525 857 poterat
1554 813 1611 845 sa—

93 888 184 913 ctum
204 878 318 912 videri
339 876 395 909 vel
416 879 629 919 tempestate
650 871 706 905 vel
723 871 797 903 fato
819 868 876 900 vel
900 867 1046 899 deorum
1074 862 1226 896 numine.
1275 862 1320 894 Et
1352 861 1439 893 haec
1453 885 1462 899 ‚
1497 866 1536 891 ut
1558 859 1612 892 vi-

94 928 178 968 des,
217 923 390 969 expressit
420 928 539 966 poeta.
576 919 669 964 (vide
696 929 769 950 rem
798 913 991 949 accuratius
1021 917 1208 944 tractatam
1237 909 1272 941 in
1291 910 1336 942 V.
1357 908 1396 939 L.
1418 907 1461 939 ad
1479 909 1565 939 Aen.
1585 908 1612 947 Ι,

95 976 128 1009 ὃ.
160 973 253 1016 Wr.)
349 971 419 1006 338
445 969 619 1010 Quisnam
643 963 776 1003 Heius„
805 969 842 995 ut
863 962 939 994 fere
966 971 1085 992 omnes
1112 956 1196 990 libri
1225 955 1329 989 etiam
1355 953 1509 987 Pieri-ani
1538 965 1614 986 cuin

96 1023 219 1065 fragm.
237 1017 353 1053 vatic.
402 1016 518 1060 Vulgo
542 1015 624 1060 quis
641 1021 676 1046 te
699 1013 751 1057 (ut
771 1010 851 1044 Alb.
883 1006 977 1049 lVr.)
1004 1018 1047 1038 ex
1067 1004 1197 1049 glossa.
1245 1003 1327 1047 quis
1354 1003 1425 1035 iam
1446 1001 1502 1033 ed.
1525 1001 1614 1034 Ven-

95 1069 165 1105 339
191 1075 257 1100 aut
280 1078 316 1099 v.
339 1066 420 1098 Exc.
440 1065 554 1096 Burni.
602 1060 762 1094 vescitur
781 1068 897 1090 auras
916 1053 1077 1100 plerique
1097 1051 1201 1085 codd.
1220 1050 1325 1091 Pier„
1349 1060 1415 1081 nec
1437 1047 1616 1092 improbat

97 1115 219 1149 Heius.
268 1112 349 1146 Fuit
370 1111 472 1144 etiam
491 1110 526 1142 in
547 1107 711 1141 Parthas.
731 1118 750 1138 a
769 1117 814 1138 m.
833 1115 904 1136 sec.
923 1107 959 1134 et
976 1100 1011 1133 in
1029 1100 1153 1143 fragm.
1173 1097 1300 1138 Vatic.,
1326 1094 1385 1129 ubi
1411 1108 1442 1128 v.
1469 1107 1504 1139 p.
1536 1093 1615 1129 174.

99 1164 145 1196 cs.
166 1159 359 1195 adTibull.
383 1160 425 1199 ΙΙ,
443 1159 478 1200 5,
501 1157 558 1196 63,
585 1161 619 1187 et
649 1165 727 1198 sup.
758 1154 785 1193 Ι,
816 1151 897 1186 546.
945 1148 1074 1193 (auras
1099 1144 1284 1190 genuinam
1323 1155 1400 1176 esse
1427 1141 1617 1175 lectionem

102 1209 276 1242 existimat
299 1206 452 1240 Iahnius.
501 1201 638 1236 Heinsii
675 1200 815 1244 quidem
849 1195 931 1230 libri
960 1205 1080 1227 omnes
1106 1192 1274 1225 exhibent
1308 1202 1421 1229 uura3
1457 1195 1493 1221 et
1521 1188 1621 1221 vesci

906 1239 1074 1276 adsciscit
1100 1239 1301 1273 ablativum.
1350 1239 1465 1278 Quare
1493 1235 1619 1267 viden-

103 1304 204 1344 dum,
229 1314 272 1334 ne
293 1314 310 1334 s
331 1313 371 1333 ex
403 1300 524 1332 ultimo
556 1306 746 1340 superlorls
776 1303 896 1325 versus
924 1287 1094 1322 vocabulo
1123 1284 1347 1324 adhaeserit3
1383 1289 1418 1315 ct
1449 1281 1620 1315 eiusmodi

106 1410 168 1443 per
186 1397 304 1440 plures
325 1393 453 1440 spargi.
479 1412 523 1417 —
559 1391 721 1423 Ceterum
746 1387 818 1420 vid.
849 1386 894 1417 V.
920 1384 960 1416 L.
990 1382 1035 1415 ad
1063 1393 1114 1414 vs,
1144 1393 1196 1424 sq.
1233 1378 1329 1421 Il'r.)

106 1443 171 1477 tibi
190 1444 280 1476 alter
303 1443 442 1485 Menag.
490 1442 528 1472 In
553 1436 777 1474 melioribus,
820 1433 912 1465 inter
942 1441 1029 1475 quos
1061 1427 1190 1460 Medic.
1226 1426 1317 1458 Gud.
1342 1425 1467 1468 fragm.
1495 1423 1623 1463 Vatia,

107 1503 226 1523 versus
246 1501 386 1522 mancus
404 1496 456 1521 est
471 1486 633 1524 relictus;
667 1483 701 1515 in
727 1481 804 1514 aliis
820 1478 916 1513 varie
944 1475 1146 1521 suppletus:
1181 1477 1290 1516 Quem
1318 1470 1384 1504 tibi
1409 1473 1480 1504 iam
1513 1471 1625 1503 Troia

103 1538 249 1585 peperit
258 1536 434 1581 fumante
453 1538 601 1567 Creusa.
614 1551 657 1555 —
671 1529 818 1564 obsessa
834 1534 888 1559 est
908 1525 1017 1558 enixa
1036 1526 1182 1555 Creusa.
1201 1540 1245 1545 ——
1271 1519 1382 1553 Troia
1402 1526 1457 1551 est
1475 1516 1624 1551 obsessa

108 1587 218 1618 enixu
241 1587 297 1616 Cr.
325 1603 367 1607 —-—
399 1583 511 1615 Troia
539 1587 665 1612 natum
695 1575 870 1621 fumante
908 1571 1056 1615 reliqul3
1099 1569 1220 1613 inepte
1257 1565 1383 1599 omnia.
1413 1565 1483 1600 vid.
1512 1565 1625 1596 Burm.

108 1638 191 1677 post
209 1630 300 1664 Pier.
347 1631 397 1662 Ex
416 1639 484 1661 uno
502 1624 720 1668 Guelpherb.
741 1623 777 1655 in
808 1622 889 1653 Exc.
915 1619 1010 1651 Cort.
1039 1623 1199 1649 notatum
1222 1613 1327 1647 video
1363 1613 1475 1645 Troia
1494 1632 1538 1634 —
1556 1623 1627 1656 pe-

106 1680 378 1725 peritflorente
397 1679 543 1709 Creusa.
592 1671 734 1705 Scilicet
751 1666 891 1702 Ascanii
909 1672 1003 1698 aetas
1021 1663 1059 1696 id
1077 1662 1256 1708 postulare
1272 1660 1345 1693 visa
1365 1666 1449 1691 erat.
1497 1657 1627 1690 Dubito

111 1724 273 1770 equidem
288 1750 296 1765 ,
322 1733 364 1757 an
390 1736 430 1755 ex
453 1719 595 1766 Virgilii
616 1717 756 1752 schedis
776 1716 844 1748 hoe
863 1715 1096 1756 fragmentum
1118 1715 1292 1742 servatum
1311 1706 1375 1745 sit3
1411 1705 1505 1738 haud
1522 1704 1628 1737 dubie

113 1773 204 1805 enim
225 1771 312 1804 illud
331 1769 515 1803 rescissuri
536 1767 685 1800 fuissent
705 1766 824 1797 'succa
844 1767 879 1793 et
900 1758 1039 1793 Varius.
1088 1755 1309 1790 Probabilius
1333 1752 1418 1786 mihi
1438 1753 1496 1793 iit,
1521 1752 1629 1784 fuisse

114 1820 197 1852 olim
216 1819 251 1851 in
270 1817 426 1862 margine
442 1817 485 1850 ab
507 1816 624 1860 aliquo
646 1811 886 1845 versificatore
908 1806 1003 1840 varia
1022 1805 1056 1837 in
1077 1804 1112 1836 h.
1134 1804 1158 1836 l.
1176 1809 1333 1840 tentata;
1369 1800 1459 1833 unde
1479 1810 1629 1844 sequens

113 1866 277 1899 librarius
298 1865 465 1910 expedire
486 1875 523 1896 se
544 1874 614 1895 non
630 1865 765 1905 posset.
815 1857 976 1888 Ceterum
996 1852 1100 1884 etium
1121 1850 1179 1883 hie
1197 1850 1294 1882 locus
1325 1849 1450 1886 docet,
1486 1858 1527 1879 ex
1557 1858 1631 1878 uno

115 1914 232 1958 aliquo
250 1912 480 1956 transscripto
496 1908 657 1952 exemplo
680 1905 795 1938 omnia
813 1902 951 1935 fluxisse
973 1897 1186 1942 exemplaria
1206 1895 1373 1929 Maronis.
1408 1893 1632 1938 (VVcicherto

118 1965 171 1994 De
196 1962 278 1994 Vss.
301 1960 412 1992 iniur.
439 1970 540 2005 susp.
559 1970 594 2001 p.
612 1956 667 1990 82.
687 1965 738 1997 sq.
763 1962 883 1985 versus
898 1947 979 1984 341.
997 1945 1236 1989 integritatem
1253 1940 1470 1981 defendenti,
1495 1951 1633 1973 versum

116 2009 198 2044 340.
215 2015 333 2040 tamen
352 2005 437 2038 ibid.
458 2019 492 2050 p.
516 2006 561 2039 80
584 2014 660 2046 sqq.
676 2007 713 2033 ut
731 1997 887 2043 spurium
909 1993 1104 2034 resecanti,
1137 1991 1284 2025 maxime
1311 1990 1519 2022 adversatur
1548 1998 1634 2032 par-

118 2055 225 2088 ticula
246 2051 389 2093 tamen,
424 2064 533 2097 quae,
569 2047 752 2093 superiore
781 2056 884 2078 versu
913 2042 1050 2081 eiecto,
1086 2051 1157 2073 non
1183 2038 1314 2077 habet,
1351 2047 1419 2080 quo
1451 2036 1635 2067 referatur.

120 2101 232 2145 Magis
248 2112 332 2133 vero
353 2099 457 2132 etiam
474 2099 573 2131 hiare
588 2094 694 2129 faciat
716 2092 931 2129 orationem,
957 2088 1016 2133 qui
1043 2086 1215 2131 Heynium
1245 2091 1381 2117 secutus
1412 2088 1447 2114 et
1479 2094 1526 2114 νε.
1554 2079 1636 2115 340.

121 2156 158 2182 et
174 2149 255 2183 341.
274 2146 463 2180 resciudat.
511 2145 614 2183 Solu,
653 2153 720 2186 qua
740 2140 776 2172 hi
796 2151 863 2171 VSS.
892 2137 1078 2175 laborant,
1114 2132 1300 2165 difficultas
1326 2142 1396 2162 non
1428 2141 1501 2161 eam
1530 2127 1638 2160 habet

123 2196 213 2237 vim,
239 2201 296 2235 ut,
320 2205 392 2225 non
420 2193 489 2226 alio
514 2190 702 2225 accedente
728 2192 931 2230 argumento
947 2209 956 2224 ,
990 2188 1181 2226 propterea
1217 2177 1449 2211 removendos
1484 2182 1638 2207 statuere

124 2243 240 2275 liceat.
291 2240 402 2281 Quid,
428 2239 522 2284 quod
540 2237 645 2270 etiam
662 2232 857 2267 necessaria
883 2231 973 2263 hacc
1001 2226 1189 2261 videntur?
1238 2224 1374 2257 Etenim
1393 2235 1463 2256 non
1491 2228 1545 2254 est
1574 2232 1639 2253 ve-

123 2289 270 2322 risimile
300 2288 484 2326 Creusam,
523 2284 592 2317 sibi
632 2281 795 2321 affinem,
837 2276 977 2310 silentio
1010 2272 1195 2319 praeteriri
1225 2272 1267 2304 ab
1294 2268 1560 2307 Andromacha,
1595 2267 1639 2299 de

126 2335 273 2370 Ascanio
292 2333 443 2367 sollicite
462 2337 662 2377 quaerente.
711 2331 757 2361 At
773 2337 888 2370 neque
908 2321 1152 2356 Andromache
1183 2318 1324 2352 aliunde
1354 2318 1502 2349 Creusae
1531 2316 1640 2347 sutum

127 2382 312 2418 rescivisse
340 2380 442 2413 facile
472 2378 609 2423 potuit,
642 2396 686 2400 —
721 2384 926 2418 quamquam
952 2370 989 2402 id
1015 2367 1134 2401 neseio
1164 2365 1340 2411 quomodo
1371 2363 1447 2396 fieri
1483 2361 1641 2406 potuisse

127 2430 319 2464 arbitratur
337 2427 536 2461 XVeicllert.
557 2425 580 2458 l.
604 2425 627 2457 l.
648 2437 683 2468 p.
705 2422 761 2457 83.
789 2440 831 2444 -—
859 2431 922 2451 nec
945 2423 1047 2461 poeta
1069 2427 1142 2447 rein
1168 2424 1304 2446 omnem
1325 2411 1440 2444 denuo
1468 2407 1643 2454 persequi,

129 2477 210 2522 quin
228 2475 406 2509 fastidium
424 2472 550 2506 lectori
572 2477 717 2505 crearet.
767 2469 877 2508 Quam
905 2465 965 2497 ille
998 2461 1237 2495 difficultatem
1265 2459 1313 2491 itu
1345 2458 1483 2490 videtur
1511 2455 1643 2488 evitare

129 2524 302 2566 voluisse,
325 2530 361 2555 ut
383 2519 652 2555 Andromachen
668 2516 740 2550 tale
771 2513 854 2559 quid
887 2512 1061 2545 (licentem
1090 2507 1347 2547 introduceret,
1383 2504 1476 2550 quod
1511 2506 1645 2536 Aeneas

132 2620 215 2661 489
244 2633 301 2669 sq.

371 2624 581 2668 superatne
620 2622 656 2651 et
689 2613 860 2651 vescitur

133 2691 235 2714 aura
274 2689 324 2713 ex
363 2676 528 2724 antiquo
566 2683 760 2710 sermone.
811 2668 858 2706 cs.

135 2748 220 2785 sup.
240 2735 268 2782 l,
290 2733 385 2776 546.
454 2735 556 2770 sane
576 2727 862 2777 interrogatio-

137 2804 227 2829 nem
254 2791 361 2829 illam
393 2804 431 2829 v.
462 2789 541 2833 341
584 2789 633 2826 de
664 2784 862 2826 desiderio

917 2606 1065 2659 μνηταί
1085 2605 1123 2645 τί
1141 2619 1218 2657 μου
1233 2633 1242 2650 ,
1261 2601 1364 2640 adde
1386 2600 1531 2638 Electr.
1545 2596 1645 2650 351)

917 2673 1052 2703 tamen
1091 2663 1158 2701 hic
1194 2662 1298 2700 sorte
1347 2659 1481 2696 abesse
1516 2656 1649 2704 malis,

919 2724 992 2761 vix
1024 2722 1128 2760 enim
1158 2717 1441 2758 Andromache
1481 2716 1650 2753 Creusae

139 2848 303 2886 amissae
338 2848 477 2886 matris
508 2849 679 2885 Creusae
721 2857 793 2893 per
823 2855 863 2880 se

140 2920 222 2944 non
258 2906 401 2942 malam
436 2904 501 2955 (cs.
538 2904 673 2955 Eurip.
712 2901 863 2940 lieeub.

141 2967 224 3006 992
257 2964 292 3003 εἰ
319 2966 391 3015 τῆς
422 2958 616 3013 τεκούσης
645 2962 762 3013 trigo}
796 2958 866 3011 μέ-

920 2784 1049 2820 satum
1072 2778 1277 2818 rescivisse
1297 2782 1366 2814 aut
1385 2779 1558 2827 poterat,
1582 2778 1651 2809 aut

922 2838 1095 2892 postilla
1118 2851 1156 2875 v.
1177 2839 1260 2879 310
1290 2848 1346 2884 sq.
1388 2835 1471 2874 337
1494 2845 1549 2881 sq.
1581 2830 1651 2867 de-

923 2899 1055 2936 bebat.
1094 2894 1153 2947 (at
1186 2893 1279 2931 vide
1307 2904 1416 2930 nunc
1451 2890 1497 2928 V.
1528 2890 1569 2925 L.
1603 2886 1653 2924 ad

926 2971 981 2995 γε.
1002 2954 1097 2997 340.
1136 2951 1252 3003 llsr.)
1295 2949 1502 2987 manifeste
1521 2953 1654 2984 tamen
