<?xml version="1.0" encoding="UTF-8"?>
<!DOCTYPE html PUBLIC "-//W3C//DTD XHTML 1.0 Transitional//EN"
    "http://www.w3.org/TR/xhtml1/DTD/xhtml1-transitional.dtd">
<html xmlns="http://www.w3.org/1999/xhtml" xml:lang="en" lang="en">
 <head>
  <title>
</title>
<meta http-equiv="Content-Type" content="text/html;charset=utf-8" />
  <meta name='ocr-system' content='tesseract 3.04.00' />
  <meta name='ocr-capabilities' content='ocr_page ocr_carea ocr_par ocr_line ocrx_word'/>
</head>
<body>
  <div class='ocr_page' id='page_1' title='image "./publiusvirgilius02virguoft/publiusvirgilius02virguoft_0439.png"; bbox 0 0 1811 3388; ppageno 0'>
   <div class='ocr_carea' id='block_1_1' title="bbox 429 229 1577 290">
    <p class='ocr_par' dir='ltr' id='par_1_1' title="bbox 429 229 1577 290">
     <span class='ocr_line' id='line_1_1' title="bbox 429 229 1577 290; baseline 0.012 -14"><span class='ocrx_word' id='word_1_1' title='bbox 429 231 553 277; x_wconf 89' lang='lat' dir='ltr'><strong>AD</strong></span> <span class='ocrx_word' id='word_1_2' title='bbox 626 229 1198 281; x_wconf 81' lang='lat' dir='ltr'><strong>LIBRUMII</strong></span> <span class='ocrx_word' id='word_1_3' title='bbox 1480 242 1577 290; x_wconf 84' lang='lat'><strong>431</strong></span> 
     </span>
    </p>
   </div>
   <div class='ocr_carea' id='block_1_2' title="bbox 58 354 1582 2300">
    <p class='ocr_par' dir='ltr' id='par_1_2' title="bbox 58 354 1582 2300">
     <span class='ocr_line' id='line_1_2' title="bbox 71 354 1582 407; baseline 0.006 -14"><span class='ocrx_word' id='word_1_4' title='bbox 71 370 172 407; x_wconf 85' lang='lat' dir='ltr'><strong>quae</strong></span> <span class='ocrx_word' id='word_1_5' title='bbox 204 356 268 394; x_wconf 86' lang='lat' dir='ltr'><strong>hic</strong></span> <span class='ocrx_word' id='word_1_6' title='bbox 315 356 363 393; x_wconf 81' lang='lat' dir='ltr'><strong>de</strong></span> <span class='ocrx_word' id='word_1_7' title='bbox 393 354 525 393; x_wconf 87' lang='lat' dir='ltr'>Aenea</span> <span class='ocrx_word' id='word_1_8' title='bbox 556 362 852 405; x_wconf 86' lang='lat' dir='ltr'>memorantur,</span> <span class='ocrx_word' id='word_1_9' title='bbox 894 356 1073 396; x_wconf 84' lang='lat' dir='ltr'>Menelao</span> <span class='ocrx_word' id='word_1_10' title='bbox 1104 359 1259 398; x_wconf 86' lang='lat' dir='ltr'><strong>tributa</strong></span> <span class='ocrx_word' id='word_1_11' title='bbox 1289 361 1463 401; x_wconf 80' lang='lat' dir='ltr'><strong>videbis:</strong></span> <span class='ocrx_word' id='word_1_12' title='bbox 1503 365 1582 403; x_wconf 84' lang='lat' dir='ltr'><strong>im-</strong></span> 
     </span>
     <span class='ocr_line' id='line_1_3' title="bbox 68 412 1581 465; baseline 0.007 -15"><span class='ocrx_word' id='word_1_13' title='bbox 68 421 204 465; x_wconf 84' lang='lat' dir='ltr'><strong>petum</strong></span> <span class='ocrx_word' id='word_1_14' title='bbox 245 412 453 451; x_wconf 71' lang='lat' dir='ltr'><strong>occidendi</strong></span> <span class='ocrx_word' id='word_1_15' title='bbox 495 412 687 450; x_wconf 85' lang='lat' dir='ltr'><strong>Helenam</strong></span> <span class='ocrx_word' id='word_1_16' title='bbox 723 420 762 451; x_wconf 85' lang='lat' dir='ltr'><strong>et</strong></span> <span class='ocrx_word' id='word_1_17' title='bbox 812 414 975 452; x_wconf 90' lang='lat' dir='ltr'><strong>Veneris</strong></span> <span class='ocrx_word' id='word_1_18' title='bbox 1015 416 1302 457; x_wconf 81' lang='lat' dir='ltr'><strong>interventum.</strong></span> <span class='ocrx_word' id='word_1_19' title='bbox 1372 420 1498 458; x_wconf 89' lang='lat' dir='ltr'><strong>Etiam</strong></span> <span class='ocrx_word' id='word_1_20' title='bbox 1538 423 1581 461; x_wconf 90' lang='lat' dir='ltr'><strong>in</strong></span> 
     </span>
     <span class='ocr_line' id='line_1_4' title="bbox 68 469 1579 527; baseline 0.006 -19"><span class='ocrx_word' id='word_1_21' title='bbox 68 485 159 510; x_wconf 89' lang='lat' dir='ltr'><strong>arca</strong></span> <span class='ocrx_word' id='word_1_22' title='bbox 200 470 357 521; x_wconf 77' lang='lat' dir='ltr'>Cypseli</span> <span class='ocrx_word' id='word_1_23' title='bbox 399 469 601 507; x_wconf 86' lang='lat' dir='ltr'><strong>Menelaus</strong></span> <span class='ocrx_word' id='word_1_24' title='bbox 641 470 815 508; x_wconf 89' lang='lat' dir='ltr'><strong>Helenae</strong></span> <span class='ocrx_word' id='word_1_25' title='bbox 853 485 987 509; x_wconf 87' lang='lat' dir='ltr'><strong>ensem</strong></span> <span class='ocrx_word' id='word_1_26' title='bbox 1017 474 1220 512; x_wconf 87' lang='lat' dir='ltr'><strong>intentans</strong></span> <span class='ocrx_word' id='word_1_27' title='bbox 1263 476 1369 527; x_wconf 85' lang='lat' dir='ltr'><strong>apud</strong></span> <span class='ocrx_word' id='word_1_28' title='bbox 1412 478 1579 518; x_wconf 89' lang='lat' dir='ltr'><strong>Pausan.</strong></span> 
     </span>
     <span class='ocr_line' id='line_1_5' title="bbox 68 526 1581 586; baseline 0.007 -22"><span class='ocrx_word' id='word_1_29' title='bbox 68 543 104 579; x_wconf 87' lang='lat' dir='ltr'><strong>p.</strong></span> <span class='ocrx_word' id='word_1_30' title='bbox 137 528 233 569; x_wconf 78' lang='lat'><strong>422.</strong></span> <span class='ocrx_word' id='word_1_31' title='bbox 266 533 304 564; x_wconf 88' lang='lat' dir='ltr'><strong>et</strong></span> <span class='ocrx_word' id='word_1_32' title='bbox 333 526 374 564; x_wconf 87' lang='lat' dir='ltr'><strong>in</strong></span> <span class='ocrx_word' id='word_1_33' title='bbox 406 527 505 565; x_wconf 83' lang='lat' dir='ltr'><strong>vase</strong></span> <span class='ocrx_word' id='word_1_34' title='bbox 535 528 642 579; x_wconf 89' lang='lat' dir='ltr'><strong>picto</strong></span> <span class='ocrx_word' id='word_1_35' title='bbox 673 527 873 567; x_wconf 87' lang='lat' dir='ltr'><strong>Menelaus</strong></span> <span class='ocrx_word' id='word_1_36' title='bbox 904 530 1097 568; x_wconf 84' lang='lat' dir='ltr'><strong>Helenam</strong></span> <span class='ocrx_word' id='word_1_37' title='bbox 1127 532 1342 583; x_wconf 80' lang='lat' dir='ltr'><strong>fugientem</strong></span> <span class='ocrx_word' id='word_1_38' title='bbox 1372 537 1581 586; x_wconf 86' lang='lat' dir='ltr'><strong>persequi-</strong></span> 
     </span>
     <span class='ocr_line' id='line_1_6' title="bbox 68 585 1581 635; baseline 0.006 -12"><span class='ocrx_word' id='word_1_39' title='bbox 68 592 154 630; x_wconf 90' lang='lat' dir='ltr'><strong>tur,</strong></span> <span class='ocrx_word' id='word_1_40' title='bbox 185 596 275 621; x_wconf 87' lang='lat' dir='ltr'><strong>ense</strong></span> <span class='ocrx_word' id='word_1_41' title='bbox 306 590 436 621; x_wconf 90' lang='lat' dir='ltr'><strong>tamen</strong></span> <span class='ocrx_word' id='word_1_42' title='bbox 468 598 591 623; x_wconf 91' lang='lat' dir='ltr'><strong>manu</strong></span> <span class='ocrx_word' id='word_1_43' title='bbox 619 585 697 623; x_wconf 87' lang='lat' dir='ltr'><strong>iam</strong></span> <span class='ocrx_word' id='word_1_44' title='bbox 729 586 951 635; x_wconf 83' lang='lat' dir='ltr'><strong>excidente,</strong></span> <span class='ocrx_word' id='word_1_45' title='bbox 983 594 1031 626; x_wconf 88' lang='lat' dir='ltr'><strong>ut</strong></span> <span class='ocrx_word' id='word_1_46' title='bbox 1052 589 1207 627; x_wconf 87' lang='lat' dir='ltr'><strong>victum</strong></span> <span class='ocrx_word' id='word_1_47' title='bbox 1237 604 1372 629; x_wconf 90' lang='lat' dir='ltr'><strong>amore</strong></span> <span class='ocrx_word' id='word_1_48' title='bbox 1402 593 1581 633; x_wconf 88' lang='lat' dir='ltr'><strong>animum</strong></span> 
     </span>
     <span class='ocr_line' id='line_1_7' title="bbox 67 640 1580 696; baseline 0.007 -18"><span class='ocrx_word' id='word_1_49' title='bbox 67 640 259 679; x_wconf 86' lang='lat' dir='ltr'><strong>declarari</strong></span> <span class='ocrx_word' id='word_1_50' title='bbox 299 640 446 694; x_wconf 85' lang='lat' dir='ltr'><strong>putes,)</strong></span> <span class='ocrx_word' id='word_1_51' title='bbox 488 642 603 689; x_wconf 85' lang='lat' dir='ltr'>XIV,</span> <span class='ocrx_word' id='word_1_52' title='bbox 647 645 701 684; x_wconf 84' lang='lat'><strong>39</strong></span> <span class='ocrx_word' id='word_1_53' title='bbox 739 657 822 694; x_wconf 85' lang='lat' dir='ltr'><strong>sqq.</strong></span> <span class='ocrx_word' id='word_1_54' title='bbox 864 644 1085 696; x_wconf 72' lang='lat' dir='ltr'><strong>Tryphiod.</strong></span> <span class='ocrx_word' id='word_1_55' title='bbox 1127 650 1383 689; x_wconf 78' lang='lat'><strong>602—621.</strong></span> <span class='ocrx_word' id='word_1_56' title='bbox 1451 650 1580 690; x_wconf 88' lang='lat' dir='ltr'><strong>Multo</strong></span> 
     </span>
     <span class='ocr_line' id='line_1_8' title="bbox 67 699 1579 755; baseline 0.008 -20"><span class='ocrx_word' id='word_1_57' title='bbox 67 699 185 749; x_wconf 87' lang='lat' dir='ltr'><strong>magis</strong></span> <span class='ocrx_word' id='word_1_58' title='bbox 222 699 432 736; x_wconf 82' lang='lat' dir='ltr'><strong>variarunt</strong></span> <span class='ocrx_word' id='word_1_59' title='bbox 464 700 736 738; x_wconf 87' lang='lat' dir='ltr'><strong>narrationem</strong></span> <span class='ocrx_word' id='word_1_60' title='bbox 771 702 926 752; x_wconf 85' lang='lat' dir='ltr'><strong>Tragici</strong></span> <span class='ocrx_word' id='word_1_61' title='bbox 957 717 1030 753; x_wconf 90' lang='lat' dir='ltr'><strong>pro</strong></span> <span class='ocrx_word' id='word_1_62' title='bbox 1064 704 1228 743; x_wconf 89' lang='lat' dir='ltr'><strong>consilio</strong></span> <span class='ocrx_word' id='word_1_63' title='bbox 1260 719 1355 755; x_wconf 90' lang='lat' dir='ltr'><strong>suo,</strong></span> <span class='ocrx_word' id='word_1_64' title='bbox 1388 713 1427 745; x_wconf 89' lang='lat' dir='ltr'><strong>et</strong></span> <span class='ocrx_word' id='word_1_65' title='bbox 1457 709 1579 747; x_wconf 90' lang='lat' dir='ltr'><strong>modo</strong></span> 
     </span>
     <span class='ocr_line' id='line_1_9' title="bbox 66 757 1579 810; baseline 0.007 -16"><span class='ocrx_word' id='word_1_66' title='bbox 66 757 212 794; x_wconf 84' lang='lat' dir='ltr'><strong>crimen</strong></span> <span class='ocrx_word' id='word_1_67' title='bbox 244 762 282 792; x_wconf 88' lang='lat' dir='ltr'><strong>et</strong></span> <span class='ocrx_word' id='word_1_68' title='bbox 313 757 471 807; x_wconf 86' lang='lat' dir='ltr'><strong>culpam</strong></span> <span class='ocrx_word' id='word_1_69' title='bbox 498 757 688 808; x_wconf 82' lang='lat' dir='ltr'><strong>perfidiae</strong></span> <span class='ocrx_word' id='word_1_70' title='bbox 719 759 759 796; x_wconf 92' lang='lat' dir='ltr'><strong>in</strong></span> <span class='ocrx_word' id='word_1_71' title='bbox 791 772 876 796; x_wconf 90' lang='lat' dir='ltr'><strong>eam</strong></span> <span class='ocrx_word' id='word_1_72' title='bbox 910 761 1189 810; x_wconf 83' lang='lat' dir='ltr'><strong>cumularunt,</strong></span> <span class='ocrx_word' id='word_1_73' title='bbox 1228 766 1349 802; x_wconf 88' lang='lat' dir='ltr'><strong>modo</strong></span> <span class='ocrx_word' id='word_1_74' title='bbox 1381 771 1579 805; x_wconf 78' lang='lat' dir='ltr'><strong>extenua-</strong></span> 
     </span>
     <span class='ocr_line' id='line_1_10' title="bbox 66 813 1579 871; baseline 0.005 -21"><span class='ocrx_word' id='word_1_75' title='bbox 66 820 176 851; x_wconf 91' lang='lat' dir='ltr'><strong>runt.</strong></span> <span class='ocrx_word' id='word_1_76' title='bbox 238 813 282 850; x_wconf 87' lang='lat' dir='ltr'><strong>In</strong></span> <span class='ocrx_word' id='word_1_77' title='bbox 312 813 467 851; x_wconf 83' lang='lat' dir='ltr'><strong>Arctini</strong></span> <span class='ocrx_word' id='word_1_78' title='bbox 499 815 664 852; x_wconf 77' lang='lat' dir='ltr'><strong>Excidio</strong></span> <span class='ocrx_word' id='word_1_79' title='bbox 709 816 765 853; x_wconf 92' lang='lat' dir='ltr'><strong>llii</strong></span> <span class='ocrx_word' id='word_1_80' title='bbox 804 817 859 853; x_wconf 83' lang='lat' dir='ltr'><strong>ita</strong></span> <span class='ocrx_word' id='word_1_81' title='bbox 899 817 1095 855; x_wconf 81' lang='lat' dir='ltr'><strong>traditum</strong></span> <span class='ocrx_word' id='word_1_82' title='bbox 1134 825 1240 857; x_wconf 89' lang='lat' dir='ltr'><strong>erat:</strong></span> <span class='ocrx_word' id='word_1_83' title='bbox 1294 821 1508 871; x_wconf 65' lang='grc' dir='ltr'><em>Μενέλαος</em></span> <span class='ocrx_word' id='word_1_84' title='bbox 1535 822 1579 865; x_wconf 75' lang='grc' dir='ltr'><strong>δὲ</strong></span> 
     </span>
     <span class='ocr_line' id='line_1_11' title="bbox 65 866 1574 930; baseline 0.008 -21"><span class='ocrx_word' id='word_1_85' title='bbox 65 866 250 922; x_wconf 77' lang='grc' dir='ltr'><em>α’νευρών</em></span> <span class='ocrx_word' id='word_1_86' title='bbox 280 869 468 922; x_wconf 77' lang='grc' dir='ltr'><em>Ἑλένην,</em></span> <span class='ocrx_word' id='word_1_87' title='bbox 519 871 585 912; x_wconf 80' lang='grc' dir='ltr'><strong>ἐπὶ</strong></span> <span class='ocrx_word' id='word_1_88' title='bbox 619 870 691 920; x_wconf 65' lang='lat' dir='ltr'><strong>*trig-</strong></span> <span class='ocrx_word' id='word_1_89' title='bbox 727 876 828 921; x_wconf 81' lang='grc' dir='ltr'><em>ναῦς</em></span> <span class='ocrx_word' id='word_1_90' title='bbox 861 872 1047 928; x_wconf 71' lang='grc' dir='ltr'><em>κατάγει,</em></span> <span class='ocrx_word' id='word_1_91' title='bbox 1096 878 1316 929; x_wconf 79' lang='grc' dir='ltr'><em>Δηΐφοβον</em></span> <span class='ocrx_word' id='word_1_92' title='bbox 1355 877 1574 930; x_wconf 75' lang='grc' dir='ltr'><em>φονεύσας.</em></span> 
     </span>
     <span class='ocr_line' id='line_1_12' title="bbox 64 928 1578 983; baseline 0.007 -17"><span class='ocrx_word' id='word_1_93' title='bbox 64 928 294 979; x_wconf 85' lang='lat' dir='ltr'><strong>Euripidem</strong></span> <span class='ocrx_word' id='word_1_94' title='bbox 324 929 440 980; x_wconf 88' lang='lat' dir='ltr'><strong>plane</strong></span> <span class='ocrx_word' id='word_1_95' title='bbox 470 928 536 966; x_wconf 79' lang='lat' dir='ltr'><strong>hic</strong></span> <span class='ocrx_word' id='word_1_96' title='bbox 565 930 714 969; x_wconf 86' lang='lat' dir='ltr'><strong>deserit</strong></span> <span class='ocrx_word' id='word_1_97' title='bbox 747 931 951 983; x_wconf 84' lang='lat' dir='ltr'><strong>Virgilius,</strong></span> <span class='ocrx_word' id='word_1_98' title='bbox 993 933 1024 970; x_wconf 84' lang='lat' dir='ltr'><strong>si</strong></span> <span class='ocrx_word' id='word_1_99' title='bbox 1054 934 1342 973; x_wconf 84' lang='lat' dir='ltr'><strong>nobilissimum</strong></span> <span class='ocrx_word' id='word_1_100' title='bbox 1373 937 1578 977; x_wconf 83' lang='lat' dir='ltr'><strong>Troadum</strong></span> 
     </span>
     <span class='ocr_line' id='line_1_13' title="bbox 64 986 1577 1036; baseline 0.007 -13"><span class='ocrx_word' id='word_1_101' title='bbox 64 986 196 1023; x_wconf 89' lang='lat' dir='ltr'><strong>locum</strong></span> <span class='ocrx_word' id='word_1_102' title='bbox 238 999 442 1036; x_wconf 86' lang='lat' dir='ltr'><strong>compares</strong></span> <span class='ocrx_word' id='word_1_103' title='bbox 473 989 555 1027; x_wconf 78' lang='grc'><strong>860</strong></span> <span class='ocrx_word' id='word_1_104' title='bbox 576 990 775 1029; x_wconf 83' lang='grc'><strong>-1058,</strong></span> <span class='ocrx_word' id='word_1_105' title='bbox 850 989 947 1027; x_wconf 81' lang='lat' dir='ltr'><strong>Mox</strong></span> <span class='ocrx_word' id='word_1_106' title='bbox 989 991 1134 1029; x_wconf 75' lang='lat' dir='ltr'><strong>limina</strong></span> <span class='ocrx_word' id='word_1_107' title='bbox 1170 994 1211 1030; x_wconf 87' lang='lat' dir='ltr'><em>V</em></span> <span class='ocrx_word' id='word_1_108' title='bbox 1213 1001 1319 1030; x_wconf 71' lang='lat' dir='ltr'><strong>e-slae</strong></span> <span class='ocrx_word' id='word_1_109' title='bbox 1354 1005 1577 1034; x_wconf 68' lang='lat' dir='ltr'><strong>servantem</strong></span> 
     </span>
     <span class='ocr_line' id='line_1_14' title="bbox 64 1043 1576 1102; baseline 0.008 -23"><span class='ocrx_word' id='word_1_110' title='bbox 64 1043 167 1080; x_wconf 73' lang='lat' dir='ltr'><strong>dixit</strong></span> <span class='ocrx_word' id='word_1_111' title='bbox 208 1043 414 1081; x_wconf 86' lang='lat' dir='ltr'><strong>Helenam.</strong></span> <span class='ocrx_word' id='word_1_112' title='bbox 495 1043 557 1081; x_wconf 83' lang='lat' dir='ltr'><strong>Ad</strong></span> <span class='ocrx_word' id='word_1_113' title='bbox 603 1045 793 1095; x_wconf 85' lang='lat' dir='ltr'><strong>templum</strong></span> <span class='ocrx_word' id='word_1_114' title='bbox 835 1047 973 1084; x_wconf 86' lang='lat' dir='ltr'><strong>Vestae</strong></span> <span class='ocrx_word' id='word_1_115' title='bbox 1016 1049 1218 1097; x_wconf 86' lang='lat' dir='ltr'><strong>referunt,</strong></span> <span class='ocrx_word' id='word_1_116' title='bbox 1273 1050 1325 1087; x_wconf 88' lang='lat' dir='ltr'><strong>ad</strong></span> <span class='ocrx_word' id='word_1_117' title='bbox 1362 1052 1471 1102; x_wconf 88' lang='lat' dir='ltr'><strong>quod</strong></span> <span class='ocrx_word' id='word_1_118' title='bbox 1508 1054 1576 1091; x_wconf 87' lang='lat' dir='ltr'><strong>illa</strong></span> 
     </span>
     <span class='ocr_line' id='line_1_15' title="bbox 64 1100 1575 1156; baseline 0.007 -19"><span class='ocrx_word' id='word_1_119' title='bbox 64 1100 228 1152; x_wconf 88' lang='lat' dir='ltr'><strong>(quippe</strong></span> <span class='ocrx_word' id='word_1_120' title='bbox 260 1101 378 1138; x_wconf 90' lang='lat' dir='ltr'><strong>domo</strong></span> <span class='ocrx_word' id='word_1_121' title='bbox 410 1101 572 1138; x_wconf 90' lang='lat' dir='ltr'><strong>incensa</strong></span> <span class='ocrx_word' id='word_1_122' title='bbox 601 1115 641 1140; x_wconf 83' lang='lat' dir='ltr'><strong>v.</strong></span> <span class='ocrx_word' id='word_1_123' title='bbox 672 1105 785 1152; x_wconf 80' lang='lat'><strong>310.)</strong></span> <span class='ocrx_word' id='word_1_124' title='bbox 817 1105 1070 1155; x_wconf 81' lang='lat' dir='ltr'><strong>consugerat3</strong></span> <span class='ocrx_word' id='word_1_125' title='bbox 1119 1107 1228 1156; x_wconf 89' lang='lat' dir='ltr'><strong>quod</strong></span> <span class='ocrx_word' id='word_1_126' title='bbox 1268 1121 1361 1145; x_wconf 88' lang='lat' dir='ltr'><strong>sane</strong></span> <span class='ocrx_word' id='word_1_127' title='bbox 1389 1123 1470 1147; x_wconf 88' lang='lat' dir='ltr'><strong>esse</strong></span> <span class='ocrx_word' id='word_1_128' title='bbox 1502 1110 1575 1148; x_wconf 88' lang='lat' dir='ltr'><strong>de-</strong></span> 
     </span>
     <span class='ocr_line' id='line_1_16' title="bbox 64 1157 1573 1214; baseline 0.008 -20"><span class='ocrx_word' id='word_1_129' title='bbox 64 1157 150 1195; x_wconf 90' lang='lat' dir='ltr'><strong>buit</strong></span> <span class='ocrx_word' id='word_1_130' title='bbox 188 1158 229 1195; x_wconf 88' lang='lat' dir='ltr'><strong>in</strong></span> <span class='ocrx_word' id='word_1_131' title='bbox 267 1159 475 1209; x_wconf 83' lang='lat' dir='ltr'><strong>Pergamo,</strong></span> <span class='ocrx_word' id='word_1_132' title='bbox 517 1160 712 1210; x_wconf 85' lang='lat' dir='ltr'><strong>acropoli,</strong></span> <span class='ocrx_word' id='word_1_133' title='bbox 754 1166 800 1198; x_wconf 87' lang='lat' dir='ltr'><strong>ut</strong></span> <span class='ocrx_word' id='word_1_134' title='bbox 840 1162 988 1213; x_wconf 87' lang='lat' dir='ltr'><strong>templa</strong></span> <span class='ocrx_word' id='word_1_135' title='bbox 1033 1163 1125 1201; x_wconf 88' lang='lat' dir='ltr'><strong>alia:</strong></span> <span class='ocrx_word' id='word_1_136' title='bbox 1168 1163 1216 1201; x_wconf 88' lang='lat' dir='ltr'><strong>de</strong></span> <span class='ocrx_word' id='word_1_137' title='bbox 1258 1165 1403 1214; x_wconf 86' lang='lat' dir='ltr'><strong>quibus</strong></span> <span class='ocrx_word' id='word_1_138' title='bbox 1442 1168 1515 1205; x_wconf 94' lang='lat' dir='ltr'><strong>sub</strong></span> <span class='ocrx_word' id='word_1_139' title='bbox 1548 1169 1573 1207; x_wconf 88' lang='lat' dir='ltr'><strong>f.</strong></span> 
     </span>
     <span class='ocr_line' id='line_1_17' title="bbox 64 1216 1575 1272; baseline 0.008 -21"><span class='ocrx_word' id='word_1_140' title='bbox 64 1216 230 1252; x_wconf 79' lang='lat' dir='ltr'><strong>Excurs.</strong></span> <span class='ocrx_word' id='word_1_141' title='bbox 273 1216 327 1252; x_wconf 87' lang='lat' dir='ltr'><strong>IX</strong></span> <span class='ocrx_word' id='word_1_142' title='bbox 363 1216 516 1253; x_wconf 85' lang='lat' dir='ltr'><strong>dictum</strong></span> <span class='ocrx_word' id='word_1_143' title='bbox 556 1223 626 1254; x_wconf 90' lang='lat' dir='ltr'><strong>est.</strong></span> <span class='ocrx_word' id='word_1_144' title='bbox 688 1217 848 1255; x_wconf 87' lang='lat' dir='ltr'><strong>Vestam</strong></span> <span class='ocrx_word' id='word_1_145' title='bbox 888 1226 1020 1257; x_wconf 86' lang='lat' dir='ltr'><strong>autem</strong></span> <span class='ocrx_word' id='word_1_146' title='bbox 1058 1219 1210 1258; x_wconf 88' lang='lat' dir='ltr'><strong>Aeneas</strong></span> <span class='ocrx_word' id='word_1_147' title='bbox 1250 1222 1438 1272; x_wconf 78' lang='lat' dir='ltr'><strong>abduxit,</strong></span> <span class='ocrx_word' id='word_1_148' title='bbox 1482 1239 1575 1264; x_wconf 82' lang='lat' dir='ltr'><strong>cum</strong></span> 
     </span>
     <span class='ocr_line' id='line_1_18' title="bbox 63 1272 1574 1321; baseline 0.008 -12"><span class='ocrx_word' id='word_1_149' title='bbox 63 1272 133 1309; x_wconf 91' lang='lat' dir='ltr'><strong>llio</strong></span> <span class='ocrx_word' id='word_1_150' title='bbox 165 1273 395 1310; x_wconf 82' lang='lat' dir='ltr'><strong>excederet:</strong></span> <span class='ocrx_word' id='word_1_151' title='bbox 440 1273 486 1320; x_wconf 87' lang='lat'><strong>11,</strong></span> <span class='ocrx_word' id='word_1_152' title='bbox 519 1276 614 1314; x_wconf 77' lang='lat'><strong>296.</strong></span> <span class='ocrx_word' id='word_1_153' title='bbox 648 1276 744 1315; x_wconf 75' lang='lat'><strong>297.</strong></span> <span class='ocrx_word' id='word_1_154' title='bbox 781 1289 820 1313; x_wconf 89' lang='lat' dir='ltr'><strong>v.</strong></span> <span class='ocrx_word' id='word_1_155' title='bbox 850 1276 1016 1315; x_wconf 80' lang='lat' dir='ltr'><strong>Excurs.</strong></span> <span class='ocrx_word' id='word_1_156' title='bbox 1049 1278 1167 1316; x_wconf 92' lang='lat' dir='ltr'><strong>eund.</strong></span> <span class='ocrx_word' id='word_1_157' title='bbox 1227 1279 1322 1317; x_wconf 90' lang='lat' dir='ltr'><strong>Erat</strong></span> <span class='ocrx_word' id='word_1_158' title='bbox 1352 1281 1502 1319; x_wconf 87' lang='lat' dir='ltr'><strong>Helena</strong></span> <span class='ocrx_word' id='word_1_159' title='bbox 1533 1283 1574 1321; x_wconf 90' lang='lat' dir='ltr'><strong>in</strong></span> 
     </span>
     <span class='ocr_line' id='line_1_19' title="bbox 63 1328 1574 1390; baseline 0.009 -25"><span class='ocrx_word' id='word_1_160' title='bbox 63 1328 238 1367; x_wconf 84' lang='lat' dir='ltr'><strong>thalamo</strong></span> <span class='ocrx_word' id='word_1_161' title='bbox 282 1330 494 1380; x_wconf 83' lang='lat' dir='ltr'><strong>Deiphobi,</strong></span> <span class='ocrx_word' id='word_1_162' title='bbox 550 1331 670 1368; x_wconf 90' lang='lat' dir='ltr'><strong>unius</strong></span> <span class='ocrx_word' id='word_1_163' title='bbox 702 1344 750 1368; x_wconf 82' lang='lat' dir='ltr'><strong>ex</strong></span> <span class='ocrx_word' id='word_1_164' title='bbox 781 1333 927 1372; x_wconf 86' lang='lat' dir='ltr'><strong>Priami</strong></span> <span class='ocrx_word' id='word_1_165' title='bbox 957 1334 1066 1383; x_wconf 82' lang='lat' dir='ltr'><strong>filiis;</strong></span> <span class='ocrx_word' id='word_1_166' title='bbox 1114 1335 1315 1386; x_wconf 83' lang='lat' dir='ltr'><strong>adeoque,</strong></span> <span class='ocrx_word' id='word_1_167' title='bbox 1354 1345 1401 1376; x_wconf 87' lang='lat' dir='ltr'><strong>ut</strong></span> <span class='ocrx_word' id='word_1_168' title='bbox 1431 1340 1574 1390; x_wconf 88' lang='lat' dir='ltr'><strong>reliqui</strong></span> 
     </span>
     <span class='ocr_line' id='line_1_20' title="bbox 62 1387 1572 1447; baseline 0.008 -24"><span class='ocrx_word' id='word_1_169' title='bbox 62 1387 196 1437; x_wconf 86' lang='lat' dir='ltr'><strong>stirpis</strong></span> <span class='ocrx_word' id='word_1_170' title='bbox 235 1389 381 1438; x_wconf 81' lang='lat' dir='ltr'><strong>regiae,</strong></span> <span class='ocrx_word' id='word_1_171' title='bbox 430 1387 469 1424; x_wconf 86' lang='lat' dir='ltr'><strong>in</strong></span> <span class='ocrx_word' id='word_1_172' title='bbox 509 1387 592 1437; x_wconf 84' lang='lat' dir='ltr'><strong>ipsa</strong></span> <span class='ocrx_word' id='word_1_173' title='bbox 633 1389 750 1439; x_wconf 77' lang='lat' dir='ltr'><strong>regia.</strong></span> <span class='ocrx_word' id='word_1_174' title='bbox 801 1392 847 1428; x_wconf 86' lang='lat' dir='ltr'><strong>cs.</strong></span> <span class='ocrx_word' id='word_1_175' title='bbox 888 1405 975 1443; x_wconf 87' lang='lat' dir='ltr'><strong>sup.</strong></span> <span class='ocrx_word' id='word_1_176' title='bbox 1016 1396 1112 1435; x_wconf 81' lang='lat'><strong>503.</strong></span> <span class='ocrx_word' id='word_1_177' title='bbox 1151 1393 1262 1432; x_wconf 87' lang='lat' dir='ltr'><strong>Iliad.</strong></span> <span class='ocrx_word' id='word_1_178' title='bbox 1305 1396 1334 1443; x_wconf 82' lang='grc' dir='ltr'><strong>ζ,</strong></span> <span class='ocrx_word' id='word_1_179' title='bbox 1373 1396 1457 1438; x_wconf 80' lang='grc'><strong>242</strong></span> <span class='ocrx_word' id='word_1_180' title='bbox 1488 1411 1572 1447; x_wconf 89' lang='lat' dir='ltr'><strong>sqq.</strong></span> 
     </span>
     <span class='ocr_line' id='line_1_21' title="bbox 63 1445 1572 1504; baseline 0.007 -24"><span class='ocrx_word' id='word_1_181' title='bbox 63 1445 201 1493; x_wconf 82' lang='lat' dir='ltr'><strong>Pugna</strong></span> <span class='ocrx_word' id='word_1_182' title='bbox 231 1447 361 1494; x_wconf 77' lang='lat' dir='ltr'><strong>gravis</strong></span> <span class='ocrx_word' id='word_1_183' title='bbox 394 1446 501 1481; x_wconf 77' lang='lat' dir='ltr'><strong>sacta</strong></span> <span class='ocrx_word' id='word_1_184' title='bbox 531 1451 589 1482; x_wconf 83' lang='lat' dir='ltr'><strong>est</strong></span> <span class='ocrx_word' id='word_1_185' title='bbox 627 1446 679 1483; x_wconf 88' lang='lat' dir='ltr'><strong>ad</strong></span> <span class='ocrx_word' id='word_1_186' title='bbox 718 1459 802 1484; x_wconf 82' lang='lat' dir='ltr'><strong>eam</strong></span> <span class='ocrx_word' id='word_1_187' title='bbox 841 1448 1026 1495; x_wconf 88' lang='lat' dir='ltr'><strong>domum,</strong></span> <span class='ocrx_word' id='word_1_188' title='bbox 1065 1450 1244 1489; x_wconf 86' lang='lat' dir='ltr'><strong>Menelao</strong></span> <span class='ocrx_word' id='word_1_189' title='bbox 1276 1459 1315 1489; x_wconf 89' lang='lat' dir='ltr'><strong>et</strong></span> <span class='ocrx_word' id='word_1_190' title='bbox 1348 1453 1482 1504; x_wconf 83' lang='lat' dir='ltr'><strong>Ulysse</strong></span> <span class='ocrx_word' id='word_1_191' title='bbox 1512 1455 1572 1492; x_wconf 89' lang='lat' dir='ltr'><strong>ir-</strong></span> 
     </span>
     <span class='ocr_line' id='line_1_22' title="bbox 60 1501 1572 1558; baseline 0.007 -20"><span class='ocrx_word' id='word_1_192' title='bbox 60 1503 359 1552; x_wconf 83' lang='lat' dir='ltr'><strong>rumpentibus:</strong></span> <span class='ocrx_word' id='word_1_193' title='bbox 390 1501 531 1553; x_wconf 78' lang='lat' dir='ltr'><strong>Odyss.</strong></span> <span class='ocrx_word' id='word_1_194' title='bbox 563 1507 608 1546; x_wconf 81' lang='grc' dir='ltr'><strong>θ.</strong></span> <span class='ocrx_word' id='word_1_195' title='bbox 642 1506 736 1545; x_wconf 85' lang='grc'><strong>517.</strong></span> <span class='ocrx_word' id='word_1_196' title='bbox 768 1504 865 1553; x_wconf 90' lang='lat' dir='ltr'><strong>Aen,</strong></span> <span class='ocrx_word' id='word_1_197' title='bbox 901 1507 965 1555; x_wconf 88' lang='lat' dir='ltr'><strong>VI,</strong></span> <span class='ocrx_word' id='word_1_198' title='bbox 997 1508 1079 1549; x_wconf 77' lang='grc'><strong>525</strong></span> <span class='ocrx_word' id='word_1_199' title='bbox 1112 1522 1195 1558; x_wconf 86' lang='lat' dir='ltr'><strong>sqq.</strong></span> <span class='ocrx_word' id='word_1_200' title='bbox 1254 1510 1396 1547; x_wconf 88' lang='lat' dir='ltr'><strong>Paride</strong></span> <span class='ocrx_word' id='word_1_201' title='bbox 1436 1518 1572 1549; x_wconf 82' lang='lat' dir='ltr'><strong>autem</strong></span> 
     </span>
     <span class='ocr_line' id='line_1_23' title="bbox 61 1558 1570 1620; baseline 0.009 -25"><span class='ocrx_word' id='word_1_202' title='bbox 61 1573 83 1595; x_wconf 88' lang='lat' dir='ltr'><strong>a</strong></span> <span class='ocrx_word' id='word_1_203' title='bbox 115 1558 333 1596; x_wconf 85' lang='lat' dir='ltr'><strong>Philoctete</strong></span> <span class='ocrx_word' id='word_1_204' title='bbox 365 1560 519 1609; x_wconf 86' lang='lat' dir='ltr'><strong>occiso,</strong></span> <span class='ocrx_word' id='word_1_205' title='bbox 566 1560 791 1611; x_wconf 82' lang='lat' dir='ltr'><strong>Deiphobus</strong></span> <span class='ocrx_word' id='word_1_206' title='bbox 836 1563 1027 1601; x_wconf 85' lang='lat' dir='ltr'><strong>Helenam</strong></span> <span class='ocrx_word' id='word_1_207' title='bbox 1059 1565 1301 1604; x_wconf 87' lang='lat' dir='ltr'><strong>abduxerat:</strong></span> <span class='ocrx_word' id='word_1_208' title='bbox 1362 1581 1400 1606; x_wconf 92' lang='lat' dir='ltr'><strong>v.</strong></span> <span class='ocrx_word' id='word_1_209' title='bbox 1432 1569 1570 1620; x_wconf 88' lang='lat' dir='ltr'><strong>Eurip.</strong></span> 
     </span>
     <span class='ocr_line' id='line_1_24' title="bbox 61 1616 1573 1675; baseline 0.009 -23"><span class='ocrx_word' id='word_1_210' title='bbox 61 1616 204 1654; x_wconf 66' lang='lat' dir='ltr'><strong>&#39;si-ond.</strong></span> <span class='ocrx_word' id='word_1_211' title='bbox 237 1617 319 1657; x_wconf 77' lang='lat'><strong>952</strong></span> <span class='ocrx_word' id='word_1_212' title='bbox 346 1631 401 1666; x_wconf 90' lang='lat' dir='ltr'><strong>sq.</strong></span> <span class='ocrx_word' id='word_1_213' title='bbox 433 1617 480 1654; x_wconf 87' lang='lat' dir='ltr'><strong>cs.</strong></span> <span class='ocrx_word' id='word_1_214' title='bbox 503 1617 653 1655; x_wconf 91' lang='lat' dir='ltr'><strong>Conon.</strong></span> <span class='ocrx_word' id='word_1_215' title='bbox 685 1618 799 1657; x_wconf 87' lang='lat' dir='ltr'><strong>Narr.</strong></span> <span class='ocrx_word' id='word_1_216' title='bbox 832 1620 886 1662; x_wconf 81' lang='lat'><strong>34</strong></span> <span class='ocrx_word' id='word_1_217' title='bbox 917 1628 957 1659; x_wconf 89' lang='lat' dir='ltr'><strong>et</strong></span> <span class='ocrx_word' id='word_1_218' title='bbox 986 1635 1072 1673; x_wconf 85' lang='lat' dir='ltr'><strong>sup.</strong></span> <span class='ocrx_word' id='word_1_219' title='bbox 1095 1629 1178 1660; x_wconf 89' lang='lat' dir='ltr'><strong>not.</strong></span> <span class='ocrx_word' id='word_1_220' title='bbox 1214 1624 1265 1661; x_wconf 90' lang='lat' dir='ltr'><strong>ad</strong></span> <span class='ocrx_word' id='word_1_221' title='bbox 1285 1638 1322 1662; x_wconf 92' lang='lat' dir='ltr'><strong>v.</strong></span> <span class='ocrx_word' id='word_1_222' title='bbox 1345 1628 1440 1675; x_wconf 83' lang='lat'><strong>310,</strong></span> <span class='ocrx_word' id='word_1_223' title='bbox 1465 1640 1573 1665; x_wconf 88' lang='lat' dir='ltr'><strong>nunc</strong></span> 
     </span>
     <span class='ocr_line' id='line_1_25' title="bbox 60 1673 1572 1727; baseline 0.008 -17"><span class='ocrx_word' id='word_1_224' title='bbox 60 1673 178 1710; x_wconf 84' lang='lat' dir='ltr'><strong>etiam</strong></span> <span class='ocrx_word' id='word_1_225' title='bbox 208 1674 345 1724; x_wconf 83' lang='lat' dir='ltr'><strong>Iacobs</strong></span> <span class='ocrx_word' id='word_1_226' title='bbox 377 1674 428 1711; x_wconf 87' lang='lat' dir='ltr'><strong>ad</strong></span> <span class='ocrx_word' id='word_1_227' title='bbox 467 1675 599 1713; x_wconf 78' lang='lat' dir='ltr'><strong>Tzetz.</strong></span> <span class='ocrx_word' id='word_1_228' title='bbox 630 1675 833 1716; x_wconf 90' lang='lat' dir='ltr'><strong>Posthom.</strong></span> <span class='ocrx_word' id='word_1_229' title='bbox 865 1681 961 1727; x_wconf 84' lang='lat'><strong>601,</strong></span> <span class='ocrx_word' id='word_1_230' title='bbox 1002 1682 1098 1721; x_wconf 73' lang='lat'><strong>729.</strong></span> <span class='ocrx_word' id='word_1_231' title='bbox 1158 1680 1238 1718; x_wconf 88' lang='lat' dir='ltr'><strong>Nec</strong></span> <span class='ocrx_word' id='word_1_232' title='bbox 1277 1682 1406 1719; x_wconf 90' lang='lat' dir='ltr'><strong>minus</strong></span> <span class='ocrx_word' id='word_1_233' title='bbox 1446 1684 1572 1721; x_wconf 70' lang='lat' dir='ltr'><strong>luxu-</strong></span> 
     </span>
     <span class='ocr_line' id='line_1_26' title="bbox 58 1730 1572 1783; baseline 0.008 -16"><span class='ocrx_word' id='word_1_234' title='bbox 58 1730 215 1768; x_wconf 89' lang='lat' dir='ltr'><strong>riarunt</strong></span> <span class='ocrx_word' id='word_1_235' title='bbox 245 1731 503 1782; x_wconf 86' lang='lat' dir='ltr'><strong>Tragicorum</strong></span> <span class='ocrx_word' id='word_1_236' title='bbox 533 1732 689 1783; x_wconf 84' lang='lat' dir='ltr'><strong>ingenia</strong></span> <span class='ocrx_word' id='word_1_237' title='bbox 718 1734 760 1770; x_wconf 89' lang='lat' dir='ltr'><strong>in</strong></span> <span class='ocrx_word' id='word_1_238' title='bbox 792 1734 1023 1774; x_wconf 84' lang='lat' dir='ltr'><strong>reducenda</strong></span> <span class='ocrx_word' id='word_1_239' title='bbox 1055 1737 1220 1776; x_wconf 88' lang='lat' dir='ltr'><strong>Helena:</strong></span> <span class='ocrx_word' id='word_1_240' title='bbox 1253 1753 1344 1776; x_wconf 91' lang='lat' dir='ltr'><strong>cum</strong></span> <span class='ocrx_word' id='word_1_241' title='bbox 1372 1739 1572 1779; x_wconf 87' lang='lat' dir='ltr'><strong>Homerus</strong></span> 
     </span>
     <span class='ocr_line' id='line_1_27' title="bbox 61 1787 1571 1839; baseline 0.008 -15"><span class='ocrx_word' id='word_1_242' title='bbox 61 1787 292 1839; x_wconf 85' lang='lat' dir='ltr'><strong>simpliciter</strong></span> <span class='ocrx_word' id='word_1_243' title='bbox 331 1802 418 1826; x_wconf 90' lang='lat' dir='ltr'><strong>eam</strong></span> <span class='ocrx_word' id='word_1_244' title='bbox 463 1803 554 1827; x_wconf 89' lang='lat' dir='ltr'><strong>cum</strong></span> <span class='ocrx_word' id='word_1_245' title='bbox 593 1790 770 1828; x_wconf 89' lang='lat' dir='ltr'><strong>Menelao</strong></span> <span class='ocrx_word' id='word_1_246' title='bbox 810 1792 975 1831; x_wconf 88' lang='lat' dir='ltr'><strong>domum</strong></span> <span class='ocrx_word' id='word_1_247' title='bbox 1015 1794 1178 1833; x_wconf 85' lang='lat' dir='ltr'><strong>rediisse</strong></span> <span class='ocrx_word' id='word_1_248' title='bbox 1210 1803 1423 1836; x_wconf 87' lang='lat' dir='ltr'><strong>narrasset.</strong></span> <span class='ocrx_word' id='word_1_249' title='bbox 1482 1799 1571 1837; x_wconf 90' lang='lat' dir='ltr'><strong>Alia</strong></span> 
     </span>
     <span class='ocr_line' id='line_1_28' title="bbox 58 1846 1570 1908; baseline 0.009 -27"><span class='ocrx_word' id='word_1_250' title='bbox 58 1857 138 1882; x_wconf 87' lang='lat' dir='ltr'><strong>esse</strong></span> <span class='ocrx_word' id='word_1_251' title='bbox 170 1846 341 1884; x_wconf 86' lang='lat' dir='ltr'><strong>debuere</strong></span> <span class='ocrx_word' id='word_1_252' title='bbox 372 1852 596 1884; x_wconf 81' lang='lat' dir='ltr'><strong>commenta</strong></span> <span class='ocrx_word' id='word_1_253' title='bbox 626 1847 866 1899; x_wconf 82' lang='lat' dir='ltr'><strong>lyricorum,</strong></span> <span class='ocrx_word' id='word_1_254' title='bbox 898 1858 944 1888; x_wconf 85' lang='lat' dir='ltr'><strong>ut</strong></span> <span class='ocrx_word' id='word_1_255' title='bbox 974 1852 1160 1901; x_wconf 84' lang='lat' dir='ltr'><strong>Pindari,</strong></span> <span class='ocrx_word' id='word_1_256' title='bbox 1192 1853 1410 1892; x_wconf 81' lang='lat' dir='ltr'><strong>Stesichori</strong></span> <span class='ocrx_word' id='word_1_257' title='bbox 1441 1855 1570 1908; x_wconf 88' lang='lat' dir='ltr'><strong>(cuius</strong></span> 
     </span>
     <span class='ocr_line' id='line_1_29' title="bbox 58 1902 1569 1967; baseline 0.009 -29"><span class='ocrx_word' id='word_1_258' title='bbox 58 1902 135 1940; x_wconf 87' lang='lat' dir='ltr'><strong>fuit</strong></span> <span class='ocrx_word' id='word_1_259' title='bbox 168 1904 385 1955; x_wconf 78' lang='grc' dir='ltr'><em>κατηγορία</em></span> <span class='ocrx_word' id='word_1_260' title='bbox 412 1903 574 1956; x_wconf 78' lang='grc' dir='ltr'><em>Ἑλένης</em></span> <span class='ocrx_word' id='word_1_261' title='bbox 604 1911 644 1942; x_wconf 76' lang='lat' dir='ltr'><strong>et</strong></span> <span class='ocrx_word' id='word_1_262' title='bbox 675 1909 922 1961; x_wconf 77' lang='grc' dir='ltr'><em>παλινῳδία·</em></span> <span class='ocrx_word' id='word_1_263' title='bbox 957 1909 1005 1947; x_wconf 88' lang='lat' dir='ltr'><strong>de</strong></span> <span class='ocrx_word' id='word_1_264' title='bbox 1029 1924 1106 1960; x_wconf 89' lang='lat' dir='ltr'><strong>qua</strong></span> <span class='ocrx_word' id='word_1_265' title='bbox 1130 1925 1165 1949; x_wconf 81' lang='lat' dir='ltr'><strong>v,</strong></span> <span class='ocrx_word' id='word_1_266' title='bbox 1199 1912 1364 1950; x_wconf 86' lang='lat' dir='ltr'><strong>Pausan.</strong></span> <span class='ocrx_word' id='word_1_267' title='bbox 1397 1913 1460 1961; x_wconf 82' lang='grc' dir='ltr'>ΙΙΙ,</span> <span class='ocrx_word' id='word_1_268' title='bbox 1485 1914 1569 1967; x_wconf 83' lang='lat'><strong>19),</strong></span> 
     </span>
     <span class='ocr_line' id='line_1_30' title="bbox 59 1959 1567 2021; baseline 0.009 -25"><span class='ocrx_word' id='word_1_269' title='bbox 59 1959 187 2010; x_wconf 78' lang='lat' dir='ltr'><strong>Ibyci,</strong></span> <span class='ocrx_word' id='word_1_270' title='bbox 233 1961 458 1999; x_wconf 86' lang='lat' dir='ltr'><strong>Simonidis.</strong></span> <span class='ocrx_word' id='word_1_271' title='bbox 499 1963 546 1999; x_wconf 83' lang='lat' dir='ltr'><strong>cs.</strong></span> <span class='ocrx_word' id='word_1_272' title='bbox 580 1962 758 2001; x_wconf 75' lang='lat' dir='ltr'><strong>Eustath.</strong></span> <span class='ocrx_word' id='word_1_273' title='bbox 794 1965 845 2001; x_wconf 89' lang='lat' dir='ltr'><strong>ad</strong></span> <span class='ocrx_word' id='word_1_274' title='bbox 878 1966 984 2004; x_wconf 84' lang='lat' dir='ltr'><strong>Iliad.</strong></span> <span class='ocrx_word' id='word_1_275' title='bbox 1018 1983 1054 2016; x_wconf 86' lang='grc' dir='ltr'><strong>ν,</strong></span> <span class='ocrx_word' id='word_1_276' title='bbox 1095 1968 1191 2008; x_wconf 84' lang='grc'><strong>417.</strong></span> <span class='ocrx_word' id='word_1_277' title='bbox 1253 1969 1459 2021; x_wconf 80' lang='lat' dir='ltr'><strong>Singulare</strong></span> <span class='ocrx_word' id='word_1_278' title='bbox 1491 1978 1567 2020; x_wconf 88' lang='lat' dir='ltr'><strong>est,</strong></span> 
     </span>
     <span class='ocr_line' id='line_1_31' title="bbox 58 2016 1569 2076; baseline 0.009 -23"><span class='ocrx_word' id='word_1_279' title='bbox 58 2016 166 2066; x_wconf 86' lang='lat' dir='ltr'><strong>quod</strong></span> <span class='ocrx_word' id='word_1_280' title='bbox 212 2032 302 2055; x_wconf 90' lang='lat' dir='ltr'><strong>cum</strong></span> <span class='ocrx_word' id='word_1_281' title='bbox 352 2018 607 2057; x_wconf 86' lang='lat' dir='ltr'><strong>Antenoridis</strong></span> <span class='ocrx_word' id='word_1_282' title='bbox 648 2020 796 2058; x_wconf 82' lang='lat' dir='ltr'><strong>Helena</strong></span> <span class='ocrx_word' id='word_1_283' title='bbox 845 2023 1027 2074; x_wconf 77' lang='lat' dir='ltr'><strong>Cyrenen</strong></span> <span class='ocrx_word' id='word_1_284' title='bbox 1076 2026 1302 2076; x_wconf 84' lang='lat' dir='ltr'><strong>pervenisse</strong></span> <span class='ocrx_word' id='word_1_285' title='bbox 1351 2035 1569 2067; x_wconf 84' lang='lat' dir='ltr'><strong>narratur:</strong></span> 
     </span>
     <span class='ocr_line' id='line_1_32' title="bbox 62 2073 1567 2125; baseline 0.009 -16"><span class='ocrx_word' id='word_1_286' title='bbox 62 2073 216 2111; x_wconf 80' lang='lat' dir='ltr'><strong>Pindar.</strong></span> <span class='ocrx_word' id='word_1_287' title='bbox 251 2076 296 2125; x_wconf 62' lang='lat' dir='ltr'><strong>P&gt;</strong></span> <span class='ocrx_word' id='word_1_288' title='bbox 312 2074 366 2112; x_wconf 91' lang='lat' dir='ltr'><strong>th.</strong></span> <span class='ocrx_word' id='word_1_289' title='bbox 406 2077 447 2123; x_wconf 92' lang='lat'><strong>5,</strong></span> <span class='ocrx_word' id='word_1_290' title='bbox 488 2079 577 2118; x_wconf 83' lang='lat'><strong>110.</strong></span> <span class='ocrx_word' id='word_1_291' title='bbox 639 2078 785 2115; x_wconf 84' lang='lat' dir='ltr'><strong>Verum</strong></span> <span class='ocrx_word' id='word_1_292' title='bbox 826 2080 1097 2119; x_wconf 85' lang='lat' dir='ltr'><strong>Antenoridae</strong></span> <span class='ocrx_word' id='word_1_293' title='bbox 1139 2091 1255 2121; x_wconf 88' lang='lat' dir='ltr'><strong>erant</strong></span> <span class='ocrx_word' id='word_1_294' title='bbox 1298 2085 1338 2121; x_wconf 86' lang='lat' dir='ltr'><strong>in</strong></span> <span class='ocrx_word' id='word_1_295' title='bbox 1370 2086 1567 2124; x_wconf 88' lang='lat' dir='ltr'><strong>comitatu</strong></span> 
     </span>
     <span class='ocr_line' id='line_1_33' title="bbox 58 2130 1569 2192; baseline 0.009 -26"><span class='ocrx_word' id='word_1_296' title='bbox 58 2130 246 2178; x_wconf 80' lang='lat' dir='ltr'><strong>Menelai,</strong></span> <span class='ocrx_word' id='word_1_297' title='bbox 288 2146 377 2169; x_wconf 87' lang='lat' dir='ltr'><strong>cum</strong></span> <span class='ocrx_word' id='word_1_298' title='bbox 408 2146 487 2182; x_wconf 89' lang='lat' dir='ltr'><strong>quo</strong></span> <span class='ocrx_word' id='word_1_299' title='bbox 519 2134 584 2170; x_wconf 92' lang='lat' dir='ltr'><strong>illa</strong></span> <span class='ocrx_word' id='word_1_300' title='bbox 616 2134 720 2172; x_wconf 88' lang='lat' dir='ltr'><strong>inter</strong></span> <span class='ocrx_word' id='word_1_301' title='bbox 752 2141 903 2174; x_wconf 87' lang='lat' dir='ltr'><strong>ceteros</strong></span> <span class='ocrx_word' id='word_1_302' title='bbox 935 2151 1111 2186; x_wconf 86' lang='lat' dir='ltr'><strong>errores,</strong></span> <span class='ocrx_word' id='word_1_303' title='bbox 1155 2154 1224 2192; x_wconf 87' lang='lat' dir='ltr'><strong>per</strong></span> <span class='ocrx_word' id='word_1_304' title='bbox 1259 2154 1358 2191; x_wconf 90' lang='lat' dir='ltr'><strong>quos</strong></span> <span class='ocrx_word' id='word_1_305' title='bbox 1399 2143 1569 2180; x_wconf 88' lang='lat' dir='ltr'><strong>maritus</strong></span> 
     </span>
     <span class='ocr_line' id='line_1_34' title="bbox 59 2188 1566 2250; baseline 0.01 -27"><span class='ocrx_word' id='word_1_306' title='bbox 59 2188 227 2225; x_wconf 79' lang='lat' dir='ltr'><strong>iactatus</strong></span> <span class='ocrx_word' id='word_1_307' title='bbox 259 2189 353 2237; x_wconf 80' lang='lat' dir='ltr'><strong>suit,</strong></span> <span class='ocrx_word' id='word_1_308' title='bbox 389 2191 506 2227; x_wconf 89' lang='lat' dir='ltr'><strong>etiam</strong></span> <span class='ocrx_word' id='word_1_309' title='bbox 543 2191 702 2242; x_wconf 76' lang='lat' dir='ltr'><strong>Libyam</strong></span> <span class='ocrx_word' id='word_1_310' title='bbox 735 2193 845 2230; x_wconf 84' lang='lat' dir='ltr'><strong>adiit.</strong></span> <span class='ocrx_word' id='word_1_311' title='bbox 906 2196 1156 2245; x_wconf 76' lang='lat' dir='ltr'><strong>Exposuerat</strong></span> <span class='ocrx_word' id='word_1_312' title='bbox 1187 2197 1286 2235; x_wconf 86' lang='lat' dir='ltr'><strong>haec</strong></span> <span class='ocrx_word' id='word_1_313' title='bbox 1308 2199 1566 2250; x_wconf 77' lang='lat' dir='ltr'><strong>Lysimachus</strong></span> 
     </span>
     <span class='ocr_line' id='line_1_35' title="bbox 58 2243 1339 2300; baseline 0.006 -17"><span class='ocrx_word' id='word_1_314' title='bbox 58 2244 100 2283; x_wconf 79' lang='grc' dir='ltr'><strong>ἐν</strong></span> <span class='ocrx_word' id='word_1_315' title='bbox 136 2243 316 2293; x_wconf 78' lang='grc' dir='ltr'><strong><em>Νόστοις.</em></strong></span> <span class='ocrx_word' id='word_1_316' title='bbox 368 2248 414 2285; x_wconf 84' lang='lat' dir='ltr'><strong>cs.</strong></span> <span class='ocrx_word' id='word_1_317' title='bbox 445 2246 577 2285; x_wconf 84' lang='lat' dir='ltr'><strong>Schol.</strong></span> <span class='ocrx_word' id='word_1_318' title='bbox 612 2248 662 2286; x_wconf 84' lang='lat' dir='ltr'><strong>ad</strong></span> <span class='ocrx_word' id='word_1_319' title='bbox 693 2249 891 2300; x_wconf 69' lang='lat' dir='ltr'><strong>Lycophr.</strong></span> <span class='ocrx_word' id='word_1_320' title='bbox 924 2253 1019 2294; x_wconf 83' lang='grc'><strong>874.</strong></span> <span class='ocrx_word' id='word_1_321' title='bbox 1334 2252 1339 2256; x_wconf 71' lang='grc'><em>’</em></span> 
     </span>
    </p>
   </div>
   <div class='ocr_carea' id='block_1_3' title="bbox 409 2531 1219 2594">
    <p class='ocr_par' dir='ltr' id='par_1_3' title="bbox 409 2531 1219 2594">
     <span class='ocr_line' id='line_1_36' title="bbox 409 2531 1219 2594; baseline 0.01 -8"><span class='ocrx_word' id='word_1_322' title='bbox 409 2531 973 2593; x_wconf 86' lang='lat' dir='ltr'><strong>EXCURSUS</strong></span> <span class='ocrx_word' id='word_1_323' title='bbox 1041 2538 1219 2594; x_wconf 92' lang='lat' dir='ltr'>XIII</span> 
     </span>
    </p>
   </div>
   <div class='ocr_carea' id='block_1_4' title="bbox 196 2641 1429 2709">
    <p class='ocr_par' dir='ltr' id='par_1_4' title="bbox 196 2641 1429 2709">
     <span class='ocr_line' id='line_1_37' title="bbox 196 2641 1429 2709; baseline 0.011 -28"><span class='ocrx_word' id='word_1_324' title='bbox 196 2641 472 2685; x_wconf 64' lang='lat' dir='ltr'><strong>Anchises·</strong></span> <span class='ocrx_word' id='word_1_325' title='bbox 509 2645 757 2690; x_wconf 72' lang='lat' dir='ltr'><strong>lcnmeris</strong></span> <span class='ocrx_word' id='word_1_326' title='bbox 796 2649 1025 2694; x_wconf 77' lang='lat' dir='ltr'><strong>Aeneae</strong></span> <span class='ocrx_word' id='word_1_327' title='bbox 1064 2660 1429 2709; x_wconf 74' lang='lat' dir='ltr'><strong>asportatus.</strong></span> 
     </span>
    </p>
   </div>
   <div class='ocr_carea' id='block_1_5' title="bbox 144 2753 1566 2818">
    <p class='ocr_par' dir='ltr' id='par_1_5' title="bbox 144 2753 1566 2818">
     <span class='ocr_line' id='line_1_38' title="bbox 144 2753 1566 2818; baseline 0.011 -25"><span class='ocrx_word' id='word_1_328' title='bbox 144 2753 188 2801; x_wconf 83' lang='lat' dir='ltr'><strong>ll,</strong></span> <span class='ocrx_word' id='word_1_329' title='bbox 222 2758 464 2799; x_wconf 76' lang='grc'><strong>721--723</strong></span> <span class='ocrx_word' id='word_1_330' title='bbox 496 2762 616 2798; x_wconf 79' lang='lat' dir='ltr'><strong>llaec</strong></span> <span class='ocrx_word' id='word_1_331' title='bbox 633 2762 1083 2818; x_wconf 71' lang='lat' dir='ltr'><strong>salas—Succecloque</strong></span> <span class='ocrx_word' id='word_1_332' title='bbox 1113 2771 1231 2806; x_wconf 76' lang='lat' dir='ltr'><strong>oneri.</strong></span> <span class='ocrx_word' id='word_1_333' title='bbox 1290 2769 1470 2807; x_wconf 83' lang='lat' dir='ltr'><strong>Plurium</strong></span> <span class='ocrx_word' id='word_1_334' title='bbox 1491 2783 1566 2808; x_wconf 87' lang='lat' dir='ltr'><strong>ve-</strong></span> 
     </span>
    </p>
   </div>
   <div class='ocr_carea' id='block_1_6' title="bbox 59 2815 1565 2990">
    <p class='ocr_par' dir='ltr' id='par_1_6' title="bbox 59 2815 1565 2990">
     <span class='ocr_line' id='line_1_39' title="bbox 60 2815 1565 2877; baseline 0.015 -34"><span class='ocrx_word' id='word_1_335' title='bbox 60 2815 190 2846; x_wconf 84' lang='lat' dir='ltr'><strong>terum</strong></span> <span class='ocrx_word' id='word_1_336' title='bbox 220 2821 572 2856; x_wconf 86' lang='lat' dir='ltr'><strong>monumentorum</strong></span> <span class='ocrx_word' id='word_1_337' title='bbox 603 2826 746 2858; x_wconf 89' lang='lat' dir='ltr'><strong>notum</strong></span> <span class='ocrx_word' id='word_1_338' title='bbox 775 2830 1077 2873; x_wconf 82' lang='lat' dir='ltr'><strong>argumentum,</strong></span> <span class='ocrx_word' id='word_1_339' title='bbox 1110 2824 1290 2876; x_wconf 86' lang='lat' dir='ltr'><strong>inprimis</strong></span> <span class='ocrx_word' id='word_1_340' title='bbox 1319 2840 1565 2877; x_wconf 80' lang='lat' dir='ltr'><strong>gemmarum</strong></span> 
     </span>
     <span class='ocr_line' id='line_1_40' title="bbox 59 2872 1564 2934; baseline 0.014 -34"><span class='ocrx_word' id='word_1_341' title='bbox 59 2872 98 2902; x_wconf 89' lang='lat' dir='ltr'><strong>et</strong></span> <span class='ocrx_word' id='word_1_342' title='bbox 130 2880 354 2916; x_wconf 87' lang='lat' dir='ltr'><strong>numorum,</strong></span> <span class='ocrx_word' id='word_1_343' title='bbox 390 2885 428 2908; x_wconf 90' lang='lat' dir='ltr'><strong>v.</strong></span> <span class='ocrx_word' id='word_1_344' title='bbox 460 2873 637 2914; x_wconf 82' lang='lat' dir='ltr'><strong>Fabrett.</strong></span> <span class='ocrx_word' id='word_1_345' title='bbox 669 2877 722 2914; x_wconf 87' lang='lat' dir='ltr'><strong>ad</strong></span> <span class='ocrx_word' id='word_1_346' title='bbox 756 2879 850 2917; x_wconf 83' lang='lat' dir='ltr'><strong>Tab.</strong></span> <span class='ocrx_word' id='word_1_347' title='bbox 882 2880 986 2918; x_wconf 87' lang='lat' dir='ltr'><strong>Iliae.</strong></span> <span class='ocrx_word' id='word_1_348' title='bbox 1017 2895 1054 2933; x_wconf 91' lang='lat' dir='ltr'><strong>p.</strong></span> <span class='ocrx_word' id='word_1_349' title='bbox 1086 2884 1181 2924; x_wconf 84' lang='lat'><strong>373.</strong></span> <span class='ocrx_word' id='word_1_350' title='bbox 1215 2883 1310 2931; x_wconf 80' lang='lat'><strong>374,</strong></span> <span class='ocrx_word' id='word_1_351' title='bbox 1342 2884 1384 2920; x_wconf 89' lang='lat' dir='ltr'><strong>in</strong></span> <span class='ocrx_word' id='word_1_352' title='bbox 1415 2898 1492 2934; x_wconf 79' lang='lat' dir='ltr'><strong>qua</strong></span> <span class='ocrx_word' id='word_1_353' title='bbox 1525 2898 1564 2923; x_wconf 88' lang='lat' dir='ltr'><strong>n.</strong></span> 
     </span>
     <span class='ocr_line' id='line_1_41' title="bbox 64 2922 1564 2990; baseline 0.015 -33"><span class='ocrx_word' id='word_1_354' title='bbox 64 2924 141 2964; x_wconf 78' lang='lat'><strong>109</strong></span> <span class='ocrx_word' id='word_1_355' title='bbox 172 2922 268 2961; x_wconf 87' lang='lat' dir='ltr'><strong>haec</strong></span> <span class='ocrx_word' id='word_1_356' title='bbox 310 2927 427 2965; x_wconf 86' lang='lat' dir='ltr'><strong>etiam</strong></span> <span class='ocrx_word' id='word_1_357' title='bbox 459 2928 610 2969; x_wconf 85' lang='lat' dir='ltr'><strong>Aeneae</strong></span> <span class='ocrx_word' id='word_1_358' title='bbox 641 2934 731 2986; x_wconf 85' lang='lat' dir='ltr'><strong>suga</strong></span> <span class='ocrx_word' id='word_1_359' title='bbox 757 2938 944 2988; x_wconf 86' lang='lat' dir='ltr'><strong>occurrit,</strong></span> <span class='ocrx_word' id='word_1_360' title='bbox 976 2944 1015 2976; x_wconf 89' lang='lat' dir='ltr'><strong>et</strong></span> <span class='ocrx_word' id='word_1_361' title='bbox 1039 2939 1200 2988; x_wconf 89' lang='lat' dir='ltr'><strong>quidem</strong></span> <span class='ocrx_word' id='word_1_362' title='bbox 1220 2939 1417 2979; x_wconf 85' lang='lat' dir='ltr'><strong>Mercurio</strong></span> <span class='ocrx_word' id='word_1_363' title='bbox 1443 2942 1564 2990; x_wconf 75' lang='lat' dir='ltr'><strong>duee,</strong></span> 
     </span>
    </p>
   </div>
  </div>
 </body>
</html>
