1827 3436
373 243 462 292 DE
502 239 812 290 CARMINE
845 234 1056 285 EPICO
1096 235 1347 284 VIRGIL.
1565 241 1625 285 17

108 388 269 440 quam
296 369 445 436 quod
477 385 601 417 eum
636 363 974 431 potissimum
1002 361 1261 412 Carminis
1293 360 1372 408 sui
1400 359 1626 409 heroem

108 440 506 506 circumspexit,
549 436 713 502 quiin
738 433 943 483 Italiam
969 432 1328 480 Troianorum
1359 429 1627 478 coloniam

108 510 422 572 deduxerat,
468 523 673 556 novum
711 519 940 567 regnum
987 502 1041 549 in
1083 501 1232 550 Latio
1270 500 1627 562 constituerat,

105 580 253 631 unde
274 580 437 630 Albae
464 580 679 639 Longae
703 574 950 638 adeoque
978 571 1136 620 etiam
1157 573 1365 621 Romae
1398 569 1628 632 origines

107 651 517 716 repetebantur,
566 646 766 712 quique
806 643 968 705 adeo,
1009 641 1103 690 etsi
1135 658 1234 689 nec
1266 639 1423 688 nobis
1458 639 1629 702 ingra-

108 731 225 770 tum
263 736 376 769 esse
407 725 608 784 potest,
647 714 777 763 tanti
798 712 1008 778 imperii
1040 712 1237 776 primas
1277 709 1507 773 origines
1540 724 1630 756 co-

109 806 392 856 gnoscere,
430 797 611 836 tamen
636 784 919 844 Romanis,
961 781 1281 846 antiquitatis
1303 796 1427 828 suae
1454 787 1631 827 tanto-

108 877 239 927 pere
267 857 537 916 studiosiS,
582 871 720 904 unus
757 852 1004 902 omnium
1046 851 1275 899 maxime
1305 857 1549 914 acceptus
1580 856 1632 896 et

113 928 521 980 commendatus
550 942 662 974 esse
690 923 888 972 debuit.
961 924 1159 984 Argute
1192 920 1370 986 itaque
1402 928 1453 967 et
1486 920 1632 982 inge-

110 1002 262 1049 niose
306 1001 359 1048 in
397 996 581 1063 primis
622 995 795 1043 statim
831 991 1070 1040 versibus
1102 999 1262 1055 poeta
1295 988 1632 1039 audientibus

110 1070 396 1138 pollicetur
419 1066 782 1115 narrationem
811 1078 1020 1123 rerum,
1063 1077 1089 1109 a
1123 1060 1317 1126 quibus
1348 1059 1497 1122 origo
1522 1060 1633 1108 Ro—

111 1157 232 1190 mae
266 1138 494 1188 deducta
527 1144 685 1185 esset:
731 1153 890 1199 genus
922 1136 1052 1180 unde
1083 1135 1318 1179 Latinum
1354 1133 1635 1192 Albanique

107 1221 287 1277 patres
312 1219 459 1273 atque
484 1212 621 1256 altae
645 1209 837 1253 moenia
864 1206 1069 1250 Romae.
1146 1204 1321 1262 Quam
1350 1197 1635 1263 magnifica

114 1281 245 1330 haec
275 1277 557 1346 promissio
598 1276 650 1323 in
682 1273 863 1322 fronte
897 1271 1021 1319 novi
1053 1271 1229 1335 operis
1254 1279 1305 1318 et
1339 1269 1404 1318 ad
1429 1269 1635 1317 animos

117 1349 479 1415 expectatione
511 1344 793 1409 erigendos
821 1342 1041 1391 idonea!
1089 1343 1168 1389 De
1200 1344 1380 1389 Aenea
1413 1339 1635 1404 eiusque

119 1419 389 1470 erroribus
425 1434 482 1465 ac
514 1414 631 1464 fatis
668 1429 857 1463 omnes
890 1420 1098 1460 veteres
1122 1410 1335 1458 annales
1358 1412 1637 1459 Romano-

116 1508 239 1539 rum
283 1486 670 1553 loquebantur,
733 1482 878 1550 quod
931 1498 990 1529 ex
1028 1479 1340 1543 fragmentis
1371 1479 1567 1544 passim
1610 1495 1637 1526 a

120 1563 255 1609 Sext.
279 1556 497 1607 Aurelio
519 1556 733 1606 Victore
756 1551 973 1601 servatis
1003 1558 1054 1598 et
1087 1566 1146 1598 ex
1168 1550 1422 1613 Dionysio
1456 1565 1511 1596 ac
1535 1551 1638 1596 Fe-

118 1639 198 1678 sto
237 1628 356 1676 satis
404 1625 578 1689 colligi
610 1632 812 1690 potestg
860 1622 1099 1685 attigerat
1130 1636 1348 1685 quoque
1384 1618 1638 1667 Troianas

117 1716 202 1748 res
219 1697 423 1747 Ennius
452 1697 502 1744 in
535 1693 856 1755 Annalibus,
902 1700 961 1740 ut
999 1689 1188 1753 colligo
1223 1708 1266 1740 v.
1294 1706 1332 1739 c,
1362 1705 1422 1737 ex
1452 1686 1638 1751 fragm.

118 1785 234 1836 pag.
257 1775 303 1827 6,
344 1765 689 1830 eundemque
712 1767 951 1813 Aeneam
978 1761 1031 1809 in
1058 1758 1360 1821 nonnullis,
1401 1775 1535 1825 quae
1565 1758 1641 1805 in-

120 1837 475 1898 terciderunt,
528 1838 859 1884 Graecorum
905 1829 1225 1879 carminibus
1270 1837 1445 1893 partes
1487 1827 1642 1876 susti-

121 1909 298 1957 nuisse
342 1923 457 1965 non
500 1905 774 1967 obscuras,
846 1920 905 1951 ex
948 1899 1332 1964 Lycophrone,
1384 1897 1473 1963 qui
1507 1896 1641 1945 anti-

122 1979 307 2045 quiora
335 1976 571 2039 collegit,
621 1983 672 2022 et
697 1991 754 2022 ex
794 1970 1149 2021 imitatoribus
1184 1986 1279 2017 seu
1310 1967 1641 2032 exscriptori-

121 2048 222 2097 bus
249 2056 493 2096 veterum
516 2043 784 2107 intelligas,
825 2042 1023 2104 Quinto
1052 2038 1275 2089 Calabro
1303 2037 1388 2087 lib.
1408 2039 1479 2085 XI
1507 2045 1558 2085 et
1582 2052 1641 2084 ex

121 2119 318 2181 Dictye.
393 2118 530 2165 Cum
554 2123 732 2163 autem
755 2112 978 2162 omnino
1006 2111 1059 2159 in
1085 2112 1413 2158 Graecorum
1442 2108 1639 2156 Roma-

126 2202 432 2253 norumque
476 2184 621 2233 libris
663 2183 730 2232 de
759 2187 939 2232 Aenea
978 2190 1087 2229 tam
1120 2177 1289 2227 multa
1324 2184 1529 2225 narrata
1561 2192 1643 2224 es-

126 2266 256 2319 sent,
295 2264 498 2322 paratas
519 2252 744 2303 ornandi
771 2262 823 2301 et
847 2248 1208 2316 amplificandi
1231 2246 1529 2311 argumenti
1552 2262 1643 2293 co-

125 2328 236 2393 pias
258 2326 464 2375 Maroni
501 2324 565 2373 ad
600 2340 823 2372 manum
852 2320 1011 2370 fuisse
1046 2326 1275 2385 apparet.
1351 2318 1499 2377 Quae
1532 2316 1643 2364 eius

125 2396 347 2446 felicitas
395 2412 516 2443 cum
554 2393 711 2457 vulgo
760 2408 950 2458 parum
994 2398 1120 2438 nota
1164 2396 1216 2437 et
1253 2385 1519 2435 intellecta
1564 2384 1643 2447 sit,

127 2465 308 2533 paullo
331 2465 618 2514 accuratius
639 2480 764 2511 mox
789 2479 847 2510 ea
871 2461 938 2509 de
960 2477 1018 2509 re
1032 2466 1099 2523 *),
1137 2456 1289 2506 variis
1311 2456 1470 2505 etiam
1498 2454 1645 2502 dein-

130 2551 255 2601 ceps
289 2534 603 2585 Excursibus
637 2532 705 2582 de
743 2530 959 2595 singulis
991 2527 1227 2596 partibus
1252 2531 1355 2590 **),
1414 2540 1643 2589 agemus.

133 2608 272 2657 Cum
294 2604 513 2654 tandem
544 2612 702 2670 poeta
726 2618 909 2651 rerum
937 2599 1128 2649 ordine
1164 2597 1215 2645 in
1241 2594 1445 2645 Italiam
1473 2593 1646 2643 dedu-

245 2794 282 2848 *)
314 2793 511 2844 Disquisit.
531 2794 578 2831 ΙΙ.

247 2855 302 2902 **)
334 2853 501 2890 Excurs.
533 2852 549 2888 I
575 2850 627 2887 ad
655 2849 724 2887 lib.
755 2848 818 2886 III.
858 2848 1026 2885 Excurs.
1059 2846 1092 2883 II
1114 2850 1154 2882 et
1175 2858 1259 2894 sqq.
1319 2843 1423 2880 Tum
1450 2838 1502 2876 ad
1518 2837 1585 2874 lib.
1611 2835 1646 2874 V

134 2910 302 2948 Excurs.
320 2910 347 2948 Ι.
370 2910 415 2947 ΙΙ.
438 2909 514 2958 V13
545 2907 638 2945 add.
657 2907 823 2944 Excurs.
841 2905 900 2943 IX
922 2911 962 2943 et
980 2903 1093 2942 XVII
1114 2902 1167 2941 ad
1194 2901 1262 2940 lib.
1287 2900 1320 2938 ΙΙ
1351 2905 1391 2937 et
1408 2897 1542 2951 plures
1567 2895 1646 2931 Ex-

133 2981 272 3006 cursus
294 2967 346 3005 ad
365 2968 431 3005 lib.
452 2966 519 3006 Vll
539 2972 579 3004 et
598 2978 681 3016 sqq.

202 3036 409 3084 VIRGIL.
450 3035 590 3081 TOM.
628 3032 690 3080 II.
1337 3025 1369 3070 2
