1811 3388
444 209 570 257 AD
643 208 1082 260 LIBRUM
1152 217 1232 266 vl
1469 228 1598 277 1043

94 334 305 385 quicquam
328 336 648 374 animadvertere
668 337 796 388 potui,
835 338 946 388 quod
975 339 1025 377 ad
1046 345 1203 391 poetam
1225 342 1505 388 illustrandum
1533 353 1600 391 lu-

94 393 149 430 cis
176 392 327 443 aliquid
358 393 530 432 afferret.
568 407 607 432 v.
641 401 827 446 congesta
854 396 902 433 ad
933 397 1114 450 Propert.
1149 397 1212 446 lv,
1243 403 1281 449 7,
1309 405 1373 452 87,
1412 407 1481 445 ubi
1501 412 1601 459 Piae

89 459 253 501 portae,
284 450 324 488 h.
346 463 378 489 e.
401 465 478 502 qua
492 453 571 502 pia
587 455 745 490 somnia
762 453 945 502 veniunt,
976 456 1109 493 nullae
1131 455 1229 492 aliae
1251 465 1345 495 sunt
1374 474 1490 510 quam
1509 479 1602 505 cor-

93 520 202 545 neae.
262 507 463 547 Ausonius
481 510 523 547 in
545 509 687 561 Cupid.
714 511 851 550 crucis.
880 512 954 550 sub
982 514 1029 562 f.‚
1059 513 1147 552 loeo
1170 513 1249 552 iam
1278 515 1463 566 laudato,
1493 529 1533 560 et
1560 524 1604 562 in

94 564 302 616 Ephemer.
322 567 396 604 sub
426 567 451 605 s.
478 567 683 618 vulgatam
711 568 1084 621 interpretationem
1113 577 1273 609 secutus
1305 573 1433 613 videri
1462 585 1604 627 potest.

92 623 175 662 Nec
200 623 352 661 Statius
375 624 589 676 quicquam
608 625 722 665 iuvat
740 627 806 666 lib.
828 627 863 666 V
886 628 980 667 Silv.
999 632 1037 677 3,
1056 631 1153 678 289,
1171 629 1262 678 ubi,
1293 637 1341 669 ut
1360 632 1508 671 Umbra
1535 649 1603 686 pa-

94 681 166 719 tris
196 694 245 719 ex
273 682 410 720 inseris
429 682 588 732 redeat,
617 691 826 735 precatur:
867 686 969 724 Inde
1003 695 1136 724 lamen
1166 690 1329 737 venias,
1362 691 1502 729 melior
1527 708 1607 744 qna

86 747 209 790 porta
232 740 462 790 malignam
491 742 629 779 Vincit
651 742 759 792 ebur,
789 746 995 795 somnique
1012 747 1054 781 in
1071 746 1251 794 imagine
1269 756 1462 797 monstra,
1496 750 1608 800 Quae

93 797 246 834 solitus.
282 797 442 838 Coluth.
468 800 547 839 311
581 799 671 837 Nox
693 825 744 831 ———
769 798 884 849 δοιοῖς
915 799 958 842 δὲ
982 798 1113 851 πύλας
1141 801 1259 852 ὤϊξεν
1287 799 1476 859 ὀνείρων,
1525 804 1609 859 Τήν

93 852 167 905 μὲν
201 850 423 907 ἅληθείης,
461 855 620 908 κεράων
663 853 699 897 δ’
732 854 987 912 ἀπελάμπετο
1016 856 1171 914 κόσμῳ·
1220 858 1379 902 ’Ένθεν
1413 859 1607 918 ἀναθρώ-

94 925 236 952 σκουσι
276 916 391 952 θεῶν
432 913 644 967 νημερτέες
686 911 827 968 ὀμφαί.
895 914 977 969 Τήν
1018 914 1061 958 δ’
1103 918 1369 971 ἐλεφαντίνη-ν
1388 950 1399 969 ,
1453 925 1608 963 κενεῶν

94 969 338 1023 θρέπτειραν
367 966 551 1024 ὀνείρων.
592 986 692 1023 quae
722 987 772 1011 ex
801 974 1024 1013 Homericis
1055 989 1240 1027 expressa
1274 983 1380 1016 sunt.
1439 977 1496 1018 At
1524 980 1608 1032 ipse

93 1027 293 1067 Homerus
313 1028 388 1066 alio
408 1029 497 1067 loco
521 1030 638 1068 etiam
660 1031 890 1070 obscurasse
909 1046 995 1071 rem
1022 1033 1150 1071 videri
1180 1040 1334 1085 potest,
1366 1035 1434 1073 ubi
1463 1037 1606 1088 Odyss.

94 1085 131 1134 δ,
153 1087 236 1128 809
257 1087 451 1139 Penelope
473 1087 642 1126 dormire
658 1096 848 1128 narratur
866 1090 909 1128 in
929 1092 1182 1129 Somniorum
1209 1095 1337 1142 portis
1352 1108 1364 1130 .·
1392 1091 1474 1145 ’ἡδύ
1501 1092 1608 1147 μάλα

93 1138 326 1184 κνώσσουσ’
358 1143 400 1185 ἒν
430 1140 650 1202 ὀνειρείῃσι
682 1144 849 1202 πύλῃσι.
911 1148 1033 1187 Forte
1060 1149 1116 1187 ita
1144 1148 1222 1187 hoc
1248 1150 1457 1202 expedias:
1486 1161 1607 1203 porta

64 1216 71 1220 ’
95 1202 347 1240 Somniorum
383 1202 490 1241 dicta
529 1218 603 1256 pro
645 1204 784 1254 domo,
833 1205 946 1256 sede,
992 1207 1271 1256 Somniorum5
1316 1210 1358 1245 in
1397 1223 1480 1260 qua
1519 1211 1607 1260 quis

97 1261 249 1297 versari
290 1260 367 1297 dici
406 1267 560 1312 potest,
607 1263 675 1313 qui
702 1264 885 1302 somniat.
946 1264 1127 1303 Dormire
1157 1265 1278 1316 igitur
1310 1265 1375 1303 illa
1410 1267 1449 1303 in
1474 1268 1608 1305 media

93 1317 352 1356 Somniorum
385 1318 506 1357 domo
540 1319 671 1371 dicta,
711 1326 758 1359 ut
783 1335 856 1360 nos
883 1321 1056 1374 aliquem
1093 1323 1135 1361 in
1169 1323 1306 1361 Somni
1348 1323 1496 1375 regiam
1533 1326 1607 1364 ab-

91 1381 253 1427 reptum
273 1376 507 1415 diceremus,

208 1434 340 1472 Nolim
357 1434 542 1485 equidem
571 1441 712 1487 poetae
745 1450 924 1475 caussam
952 1436 1245 1476 defendendam
1275 1439 1491 1491 suscipere;
1528 1439 1606 1478 hoc

92 1496 229 1529 tamen
247 1492 347 1529 mihi
372 1493 427 1530 sic
444 1493 535 1530 satis
554 1492 772 1545 intelligere
803 1494 965 1544 videor,
1007 1508 1173 1533 acumen
1193 1495 1310 1545 illud,
1343 1497 1453 1547 quod
1473 1497 1606 1549 Virgi-

93 1549 147 1587 lio
175 1549 293 1588 nimis
316 1550 535 1588 liberaliter
562 1551 611 1589 de
631 1565 702 1590 suo
732 1552 921 1590 tribuunt
939 1552 1018 1591 viri
1039 1553 1167 1601 docti,
1206 1559 1252 1591 ut
1283 1553 1424 1592 callide
1444 1569 1607 1594 monere

95 1607 293 1657 voluerit,
326 1608 409 1662 ‘ista
441 1607 575 1646 omnia
601 1608 650 1647 de
680 1610 816 1648 inferis
846 1616 1009 1649 narrata
1037 1625 1112 1663 pro
1142 1611 1304 1649 somniis
1329 1618 1369 1650 et
1394 1613 1538 1651 fabulis
1566 1626 1606 1651 se

94 1664 263 1715 habere,
314 1666 363 1703 ab
393 1679 439 1704 eo
463 1679 546 1704 esse
585 1667 880 1707 alienissimum.
948 1668 1029 1706 Nec
1058 1668 1100 1706 in
1129 1669 1262 1707 verbis
1294 1669 1506 1720 quicquam
1533 1676 1605 1720 est,

94 1723 204 1774 quod
225 1736 271 1761 eo
290 1723 579 1774 nosadducat,
611 1738 685 1763 nec
704 1726 744 1764 in
768 1726 977 1765 sententiis
996 1739 1070 1764 nec
1091 1727 1132 1764 in
1156 1733 1296 1777 poetae
1321 1728 1496 1766 consilio.
1529 1728 1607 1766 Sed

93 1780 177 1832 ipsa
195 1794 259 1819 res
280 1781 451 1820 deduxit
471 1794 561 1820 eum
579 1782 621 1820 in
647 1783 767 1821 talem
785 1784 931 1834 locum,
962 1784 1071 1822 unde
1088 1784 1229 1836 pedem
1251 1785 1398 1823 referre
1419 1800 1502 1824 non
1522 1792 1607 1824 tam

93 1838 209 1876 facile
229 1845 327 1877 erat.
386 1838 629 1878 Educendus
651 1848 736 1880 erat
753 1841 906 1880 Aeneas
932 1855 983 1880 ex
1004 1842 1100 1880 locis
1120 1842 1257 1880 inferis
1283 1855 1354 1894 per
1374 1843 1488 1882 aliam
1506 1857 1606 1895 por-

93 1902 205 1946 tam,
240 1911 361 1948 quam
390 1910 469 1947 qua
504 1898 693 1937 subierat.
761 1900 910 1938 Incidit
937 1906 1053 1951 poeta
1085 1899 1126 1937 in
1156 1906 1293 1951 portas
1316 1901 1464 1939 Somni.
1524 1902 1607 1939 lam

94 1966 162 1991 eae
194 1954 371 2006 duplices
403 1960 517 2003 sunt,
558 1956 701 2005 altera,
742 1970 813 2009 per
843 1971 961 2008 quam
995 1958 1099 1995 reris
1130 1956 1277 1994 umbris
1307 1957 1438 1995 exitus
1463 1958 1606 2008 datur,

94 2024 167 2063 per
188 2011 293 2050 hanc
321 2011 473 2049 Aeneas
495 2018 535 2050 et
551 2013 720 2064 Sibylla,
751 2027 851 2065 quae
874 2029 955 2052 non
974 2019 1090 2051 erant
1118 2028 1234 2052 verae
1253 2014 1436 2064 umbrae,
1479 2016 1606 2054 emitti

94 2070 317 2120 nequibant
325 2084 336 2120 3
369 2069 548 2108 restabat
567 2070 726 2122 itaque,
767 2077 814 2110 ut
833 2084 903 2123 per
923 2072 1089 2109 alteram
1111 2078 1269 2122 portam
1292 2071 1605 2116 dimitterentur,

94 2126 226 2178 Atque
246 2127 324 2166 1100
343 2133 459 2178 poeta
477 2128 636 2179 posuit,
668 2135 740 2167 aut
760 2143 903 2181 parum
925 2142 1100 2174 memor,
1132 2129 1229 2179 quid
1248 2128 1342 2167 inde
1362 2137 1605 2181 sequeretur,

97 2185 130 2223 si
155 2185 293 2224 eadem
315 2185 373 2223 illi
397 2191 518 2237 porta
547 2199 641 2225 cum
672 2187 842 2225 Somniis
869 2187 983 2225 vanis
1012 2192 1052 2224 et
1076 2186 1184 2224 salsis
1210 2186 1503 2238 educerentur,
1535 2194 1606 2226 aut

94 2242 173 2281 suit
192 2242 270 2282 hoc
288 2244 395 2282 inter
413 2256 478 2292 ea,
510 2257 611 2294 quae
632 2244 745 2283 Maro
766 2245 1051 2283 emendaturus
1074 2250 1172 2293 erat,
1202 2245 1234 2282 si
1252 2245 1427 2284 licuisset
1440 2245 1491 2299 ¹⁸),
1523 2252 1606 2295 aut,

95 2301 205 2352 quod
223 2314 373 2354 ponere
391 2301 536 2350 malim,
566 2308 726 2354 poetam
757 2302 928 2340 tenuisse
961 2301 1236 2340 Aristoteleam
1266 2299 1384 2343 λύσιν
1408 2306 1482 2344 τοῦ
1504 2319 1607 2357 προ-

95 2356 301 2411 βλήματος
329 2357 396 2411 (de
427 2359 585 2397 Poetice
611 2374 646 2398 c.
668 2359 756 2413 25),
790 2373 872 2398 esse
908 2359 986 2398 hoc
1022 2359 1129 2397 inter
1151 2357 1346 2412 ἁμαρτίας
1375 2358 1476 2400 navo}
1510 2375 1607 2414 συμ-

95 2415 292 2469 βεβηκός,
324 2416 364 2455 11.
395 2429 427 2454 e.
450 2430 532 2454 non
563 2417 613 2455 ad
635 2424 762 2455 artem
785 2424 924 2469 poetae
945 2423 984 2455 et
1015 2417 1201 2454 carminis
1236 2418 1505 2456 oeconomiam
1529 2418 1608 2457 1100

95 2480 299 2524 spectare,
329 2474 399 2511 sed
414 2473 761 2526 reprehensionem
783 2475 865 2526 peti
884 2489 905 2512 a
925 2488 969 2513 re
989 2480 1028 2512 et
1053 2474 1313 2526 cogitatione,
1354 2481 1394 2513 et
1411 2490 1501 2514 cum
1522 2477 1607 2515 aliis

94 2531 214 2569 rebus
234 2532 543 2583 comparatione,
575 2546 676 2583 quae
695 2541 805 2570 extra
825 2534 1015 2570 carminis
1039 2541 1320 2582 argumentum
1340 2534 1466 2585 posita
1487 2535 1549 2574 sit.

210 2590 300 2627 Non
322 2590 483 2640 quidem
506 2590 647 2640 aliquis
676 2590 718 2628 in
744 2596 956 2628 numerato
984 2589 1129 2627 habere
1145 2596 1279 2641 potest
1310 2603 1366 2641 ea,
1399 2605 1499 2642 quae
1516 2592 1606 2630 Ma-

95 2647 219 2697 ronis,
253 2647 349 2687 dum
368 2647 468 2685 haec
484 2648 688 2698 scriberet,
719 2648 850 2686 animo
871 2654 965 2686 sunt
987 2647 1217 2698 obversata,
1247 2647 1325 2686 hoc
1342 2654 1476 2688 tamen
1493 2664 1605 2688 sum-

192 2843 218 2886 ’)
243 2843 320 2876 Hoc
337 2850 395 2876 aut
414 2843 526 2876 simile
548 2843 631 2889 quid
649 2844 868 2876 obversatum
891 2854 966 2875 esse
984 2842 1084 2875 video
1112 2842 1225 2877 animo
1256 2842 1506 2888 elegantissimi
1526 2842 1607 2875 Bri-

96 2890 213 2931 tanni,
250 2889 308 2934 qui
328 2902 439 2935 nuper
458 2890 691 2924 VVarburtoni
724 2889 930 2923 sententiam
961 2890 1109 2923 excussit
1137 2891 1302 2935 (Gritical
1333 2889 1433 2924 obss.
1470 2902 1515 2924 on
1548 2890 1608 2924 tlte

97 2938 202 2970 Sixtlz
226 2938 327 2970 Book
348 2936 465 2982 ostlie
484 2938 636 2970 Aeneicl.
657 2950 692 2982 p.
713 2938 785 2981 55).
