1811 3388
393 221 802 275 AENEIDOS
841 222 983 272 LIB.
1021 224 1116 284 VI,
1155 227 1450 279 442—447

1580 237 1680 284 915

163 348 304 399 Silva
327 349 477 413 tegit3
516 364 672 399 curae
695 363 807 396 non
830 347 939 413 ipsa
965 346 1018 396 in
1049 356 1227 398 morte
1252 350 1577 417 relinquunt.

160 419 252 467 His
277 417 577 468 Phaedram
603 418 953 484 Procrimque
976 416 1131 480 locis,
1169 428 1537 487 maestamque
1565 425 1681 473 Eri-

946 485 1162 553 phylen,
1580 497 1680 546 445

162 555 406 606 Crudelis
428 556 535 606 nati
556 565 946 606 monstrantem
966 557 1184 607 volnera
1213 558 1392 618 cernit,

159 624 560 692 Euadnenque,
601 635 653 676 et
675 625 995 692 Pasiphaen3
1029 626 1110 675 his
1136 627 1421 678 Laodamia

230 720 345 770 445.
382 721 677 778 PRocmNQ.

251 846 321 881 444
341 848 444 893 ipsae
460 847 551 880 alter
576 847 766 892 Hamburg.
814 849 853 880 in
882 847 983 880 deest
1013 846 1105 880 binis
1132 848 1316 881 Burmann.

1411 848 1479 884 445
1507 851 1664 884 Procnin
1671 878 1678 890 ‚

161 894 343 935 Procrim,
378 895 566 927 Proclzrim
603 894 836 938 corruptelae.
885 895 1159 938 (‚,Procr1'mqae
1197 894 1280 928 libri
1314 895 1578 937 vetustiores‚“
1631 899 1679 931 ait

160 939 345 981 Heinsius;
370 941 464 984 quod
482 941 663 982 revocavi3
689 941 758 973 vid.
788 943 830 982 Q.
854 941 897 973 V.
924 942 980 980 III,
1007 942 1060 978 3.;
1096 948 1130 973 et
1155 940 1205 974 ita
1231 942 1267 974 in
1297 942 1459 975 Mediceo
1493 950 1528 976 et
1556 944 1677 977 Servio

160 986 285 1019 Dresd.
307 994 506 1029 exaratum,
530 988 565 1021 in
584 988 646 1021 illo
667 987 806 1033 quidem
826 987 1062 1031 superscripta
1089 987 1194 1020 etiam
1220 989 1263 1029 lz,
1294 995 1332 1021 ut
1356 988 1417 1021 fiat
1441 991 1677 1036 Prochrimq„

160 1039 197 1065 et
217 1032 330 1066 aliena
349 1046 467 1067 manus
484 1061 492 1076 ,
518 1042 553 1067 ut
577 1036 685 1067 refert
709 1033 919 1079 Fogginius,
951 1034 1019 1066 hoc
1047 1045 1174 1067 nomen
1203 1035 1238 1067 iu
1271 1036 1444 1068 Procnem
1471 1043 1591 1069 mutat.
1640 1040 1678 1070 In

161 1079 285 1112 eodem
313 1082 550 1127 Eryplzyle-;

586 1082 649 1115 sed
674 1093 739 1126 per
774 1082 905 1114 hancce
930 1080 1094 1113 lineolam
1122 1088 1351 1114 transversam
1378 1082 1481 1115 etiam
1512 1096 1535 1116 n
1566 1083 1678 1128 signi-

160 1126 256 1160 ficari
274 1125 420 1159 vidimus
441 1130 483 1168 Q.
506 1130 551 1162 V.
572 1130 630 1170 III,
651 1131 680 1164 1.
729 1128 843 1169 Hinc,
876 1134 980 1171 puto,
1015 1128 1166 1169 sactum,
1203 1134 1241 1161 ut
1266 1128 1428 1162 Heinsius
1458 1130 1558 1163 etiam
1588 1133 1677 1163 Eri—

157 1173 304 1219 plzylem
320 1174 356 1206 in
376 1175 623 1208 vetustioribus
645 1174 716 1219 legi
742 1175 924 1208 scriberet.
952 1175 1049 1217 lVr.)

539 1222 608 1257 447
634 1222 860 1262 Euchadem,
886 1221 1142 1262 Euclzandem,
1166 1222 1436 1268 Heulzadnenq.
1463 1223 1546 1267 (vid.
1568 1224 1612 1257 V.
1635 1224 1676 1257 L.

160 1219 215 1252 dit
235 1220 340 1252 Goth.
362 1227 444 1254 tert.

1145 1174 1215 1210 446
1241 1174 1383 1220 fimeta
1409 1176 1569 1210 Parrhas.
1618 1179 1677 1211 νὶ-

160 1266 205 1300 ad
231 1268 308 1309 VII,
323 1268 404 1302 389.
433 1268 529 1313 Wr.)
577 1269 770 1316 Pasz'plzem
786 1268 972 1310 aberratt.,
997 1268 1099 1300 item:
1124 1268 1339 1302 Laodomia.

159 1385 294 1424 sonius
315 1385 355 1423 in
374 1385 515 1437 Cupid.
537 1385 688 1435 crucifi,
719 1385 788 1424 sed
813 1386 886 1423 de-

159 1443 330 1492 sideres,
368 1450 415 1481 ut
448 1444 559 1491 alibi,
598 1444 640 1481 in
669 1456 713 1481 eo
749 1443 884 1482 iudicii

158 1500 434 1539 subtilitatem.
469 1501 580 1540 Cons.
603 1514 763 1552 quoque
783 1502 887 1540 Pro-

159 1566 260 1609 pert.
283 1559 349 1607 IV,
370 1562 408 1607 7,
430 1559 483 1600 59
503 1572 560 1609 sq.
621 1559 768 1597 Verum
789 1559 884 1598 Vir—

157 1615 271 1667 gilius
297 1622 390 1654 ante
411 1617 547 1654 oculos
574 1615 715 1655 habuit
743 1623 784 1655 et
810 1629 884 1654 ex-

158 1673 304 1725 pressit
338 1674 471 1712 locum
513 1673 590 1712 od.
632 1678 665 1723 λ,
702 1674 787 1716 224
815 1688 885 1725 sq.,

159 1734 241 1772 320
262 1745 316 1782 sq.
340 1729 382 1769 in
402 1745 481 1782 quo
502 1732 727 1783 promiscue
749 1731 885 1770 heroi-

158 1801 232 1826 nae
262 1801 311 1826 ex
349 1789 487 1827 inferis
529 1790 734 1841 prodeunt
769 1787 887 1831 ὅσσαι

158 1841 362 1899 ἀριστήων
395 1844 533 1899 ἄλοχοι
562 1846 679 1896 ἔσαν,
710 1843 784 1900 ἠδὲ
806 1843 885 1887 θύ-

156 1919 308 1957 γατρες.
369 1904 502 1942 claras
527 1904 713 1942 mulieres
738 1905 779 1943 in
805 1905 887 1943 Ne-

157 1961 244 2012 cyia
273 1975 343 1999 sua
372 1963 490 2000 etiam
517 1962 762 2013 Polygnotus
791 1963 887 2015 pin-

156 2025 274 2056 xerat
301 2019 410 2069 apud
436 2020 602 2057 Pausan.
632 2021 683 2068 X,
713 2023 781 2068 28,
815 2023 884 2069 29,

156 2077 199 2114 in
220 2075 280 2113 his
299 2075 519 2114 Phaedram
534 2107 543 2124 ,
571 2077 761 2125 Procrin,
792 2077 884 2115 Eri-

156 2132 318 2185 phylen.
377 2133 696 2184 Reprehendunt
720 2134 885 2172 tandem

156 2197 315 2242 poetam
336 2191 377 2228 in
399 2191 496 2240 hoc,
532 2192 641 2241 quod
665 2192 705 2229 in
729 2191 885 2243 Campis

157 2248 400 2299 Lugentibus
427 2249 530 2286 inter
555 2249 719 2286 seminas
750 2263 884 2287 amore

157 2306 300 2343 misero
338 2312 566 2344 consumtas
597 2305 786 2344 Sichaeus
814 2320 884 2344 oc-

158 2364 286 2401 currit
309 2377 348 2402 v.
370 2363 465 2406 473.
516 2364 664 2402 Verum
687 2364 767 2415 ipse
784 2377 883 2415 poe-

157 2427 197 2458 ta
227 2421 360 2459 locum
392 2435 473 2459 non
501 2421 593 2459 solis
626 2422 783 2459 feminis
819 2435 885 2459 as-

156 2478 381 2530 signaverat
393 2509 402 2527 ,
418 2493 511 2516 nam
534 2492 673 2518 versus
690 2480 745 2516 sic
762 2492 884 2517 exor-

157 2536 292 2575 ditur:
343 2538 428 2574 Hic
467 2550 566 2587 quos
603 2538 727 2575 (lmus
770 2551 886 2574 amor

156 2594 308 2631 crudeli
334 2603 454 2631 morte
484 2595 638 2644 peredit
665 2608 723 2645 sq.
780 2595 882 2632 Tum

157 2651 188 2688 si
206 2652 269 2690 vel
288 2652 457 2689 maxime
475 2651 553 2689 hoc
572 2652 627 2690 ita
649 2665 688 2689 se
707 2651 882 2700 haberet,

156 2709 279 2746 nolim
299 2714 456 2761 poetam
477 2709 518 2746 in
537 2710 717 2747 ordinem
735 2722 886 2761 cogere,

156 2772 360 2817 tamquam
382 2767 414 2804 si
434 2766 620 2805 historias
650 2780 784 2805 rerum
814 2780 880 2818 ge—

156 2829 309 2861 starum
351 2824 554 2862 conderet.
630 2826 735 2862 Late
785 2838 882 2863 vero

150 2889 332 2931 patentes
365 2895 523 2933 campos
552 2882 664 2929 facit,
697 2896 802 2930 non,
838 2887 883 2920 ut

156 2939 283 2990 Intpp.
298 2939 456 2988 volunt,
477 2940 746 2978 multitudinis
764 2953 882 2978 caus-

944 1398 1007 1433 sa,
1042 1398 1161 1435 quam
1203 1386 1413 1437 excepturi
1445 1392 1562 1435 sunt,
1606 1387 1675 1425 sed

944 1449 992 1481 ut
1011 1442 1268 1480 solitudinem
1286 1444 1326 1480 in
1342 1444 1400 1491 iis,
1416 1456 1534 1493 quam
1550 1457 1675 1494 quae-

946 1506 1064 1548 runt,
1086 1499 1262 1539 habeant
1283 1506 1472 1539 amantes.

1001 1557 1273 1600 445—449.
1313 1558 1418 1596 Alias
1459 1571 1569 1596 nunc
1598 1557 1673 1596 he-

941 1616 1076 1654 roinas
1097 1615 1300 1667 subiungit
1324 1621 1440 1667 poeta
1471 1622 1509 1653 et
1535 1616 1673 1655 diver·-

944 1687 1005 1711 sas
1033 1686 1055 1709 a
1084 1673 1227 1711 misere
1254 1673 1493 1712 amantibus.
1530 1673 1673 1725 Odyss

943 1734 979 1779 λ,
1011 1733 1095 1772 320
1127 1731 1314 1785 Φαίδρην
1341 1747 1383 1772 τε
1414 1728 1601 1785 Πρόκριν
1633 1747 1674 1772 τε

945 1789 1066 1837 ἴδον,
1121 1794 1161 1826 et
1200 1801 1239 1826 v.
1273 1789 1357 1831 325
1387 1784 1588 1842 στυγερήν
1629 1784 1674 1829 τ’

941 1839 1181 1898 Ἐριφύλην,
1202 1842 1263 1885 “H
1275 1843 1427 1898 χρυσὸν
1452 1847 1576 1895 φίλου
1600 1841 1673 1887 οἷν-

944 1901 1036 1957 δρὸς
1069 1902 1228 1952 ἐδέξατο
1274 1899 1490 1956 τιμήεντα,
1535 1903 1584 1941 de
1609 1903 1673 1942 his

944 1959 1128 1999 omnibus
1147 1960 1380 2012 Apollodor.
1410 1960 1554 2012 Hygin.
1578 1962 1672 2000 Dio-

944 2018 1031 2056 dor.
1070 2018 1145 2055 Sic.
1208 2018 1346 2056 Ovidii
1404 2018 1671 2070 Metamorph.

941 2080 1103 2127 praeter
1120 2075 1304 2113 Servium
1322 2074 1374 2112 ad
1404 2074 1445 2113 h.
1468 2076 1493 2113 l.
1523 2090 1670 2114 consu-

941 2132 1081 2170 lendos
1102 2144 1184 2170 esse
1204 2138 1251 2170 ut
1280 2145 1484 2182 moneam,
1516 2146 1671 2171 necesse

943 2203 1025 2228 non
1059 2195 1130 2227 est.
1199 2190 1363 2227 Praeter
1403 2190 1492 2228 illos
1535 2197 1669 2229 tamen

942 2260 1185 2299 apponemus
1215 2247 1303 2284 loca
1329 2246 1468 2285 saltem
1498 2248 1669 2287 classica.

942 2305 997 2342 De
1016 2304 1206 2343 Procride
1235 2318 1273 2343 v.
1306 2304 1399 2343 Met.
1431 2305 1503 2344 VII
1538 2306 1611 2344 sub
1641 2307 1669 2344 s.

943 2363 998 2400 De
1035 2361 1226 2413 Eriphyle
1267 2375 1304 2400 v.
1345 2362 1489 2413 Odyss.
1524 2378 1558 2412 ο,
1585 2362 1668 2405 244

942 2433 1020 2470 seq.
1051 2422 1152 2458 Stat.
1175 2419 1209 2457 II
1230 2418 1353 2457 Theb.
1375 2422 1459 2462 299
1487 2434 1570 2471 sqq.
1603 2421 1669 2469 lv,

946 2481 1026 2519 187
1057 2491 1141 2528 sqq.
1180 2477 1308 2514 occisa
1349 2477 1398 2514 ab
1430 2477 1668 2516 Alcmaeone

942 2535 1044 2583 filio,
1081 2534 1173 2585 quia
1195 2541 1352 2586 patrem
1379 2534 1667 2587 Amphiaraum

941 2599 1105 2644 accepto
1151 2592 1289 2630 monili
1320 2593 1581 2644 prodiderat:
1628 2608 1667 2632 v.

941 2650 1126 2702 Apollod.
1150 2650 1214 2697 III,
1238 2652 1278 2697 6,
1301 2652 1338 2690 2.
1360 2653 1398 2699 7,
1428 2653 1453 2691 2
1480 2657 1521 2689 et
1548 2652 1586 2693 5.
1618 2652 1666 2688 cf.

941 2709 1034 2748 Not.
1054 2722 1091 2760 p.
1111 2710 1214 2756 6073
1245 2714 1285 2745 et
1305 2707 1354 2744 de
1373 2708 1557 2757 Euadne,
1588 2709 1665 2745 Ca—

940 2767 1057 2818 panei
1096 2777 1256 2812 uxore,
1319 2765 1453 2817 Eurip.
1491 2765 1665 2816 SuppliC.

941 2826 1024 2865 990
1051 2835 1157 2874 seqq.
1216 2822 1448 2871 Laodamia,
1488 2822 1664 2860 Protesi—

939 2881 993 2919 lai
1022 2895 1156 2929 uxor,
1204 2880 1268 2918 vel
1309 2893 1358 2918 ex
1389 2880 1551 2918 Luciani
1585 2879 1663 2917 1)Ι).

938 2939 1058 2977 Mort.
1081 2944 1121 2977 et
1143 2951 1193 2975 ex
1220 2937 1339 2976 Ovid.
1359 2938 1429 2989 Ep.
1453 2937 1546 2975 XIII
1568 2942 1662 2974 nota

1267 3004 1384 3050 58*
