1827 3436
368 207 788 261 AENEIDos
831 208 972 258 LIB.
1020 208 1084 269 11,
1123 211 1414 261 347—359

1558 219 1657 265 319

142 341 233 401 Di,
272 337 462 405 quibus
486 334 772 400 imperium
796 333 902 382 hoc
926 341 1166 393 steterat3
1205 335 1504 384 succurritis
1539 337 1659 387 urbi

143 413 418 459 Incensae:
447 405 764 464 moriamur,
805 413 857 452 et
880 403 933 452 in
959 402 1139 451 media
1167 420 1312 452 arma
1340 422 1569 458 ruamus,

144 482 258 530 Una
282 476 420 525 salus
439 475 610 536 victis,
648 473 851 523 nullam
884 489 1099 539 sperare
1122 472 1360 525 salutem.

146 549 228 597 Sic
277 545 464 595 animis
517 545 774 594 iuvenum
830 542 984 593 furor
1033 542 1257 595 additus

1330 543 1465 595 Inde
1480 586 1492 609 ‚
1550 546 1661 613 lupi

931 629 1030 662 ceu
1558 620 1661 669 355

140 689 403 751 Raptores
428 692 536 733 atra
561 684 614 732 in
641 682 864 746 nebula,
904 699 1041 750 quos
1064 683 1293 748 inproba
1314 685 1514 734 ventris

140 755 321 819 Exegit
342 769 530 804 caecos
553 753 749 816 rabies,
789 752 1053 819 catulique
1074 752 1244 802 relicti

140 825 398 875 Faucibus
426 832 730 890 exspectant
757 824 928 883 siccis3
967 840 1066 889 per
1090 822 1222 886 tela,
1261 841 1361 890 per
1384 823 1550 873 hostis

140 894 396 946 Vadimus
452 893 594 943 haud
643 893 861 942 dubiam
912 894 965 941 in
1019 902 1281 955 mortem3
1336 894 1660 962 mediaeque

926 972 1176 1013 tssnCIHUS

232 1110 302 1145 352
327 1109 396 1142 hoc
420 1109 543 1142 aberat
569 1121 637 1143 sec.
667 1107 834 1142 Rottend.
870 1115 905 1141 et
939 1108 1041 1142 Leid.
1067 1121 1087 1142 a
1110 1121 1156 1142 m.
1181 1120 1235 1154 pr.
1293 1111 1542 1143 succurrimus
1571 1112 1660 1144 Par-

139 1156 236 1190 rhas.
317 1155 387 1191 354
413 1169 594 1203 superare
632 1156 741 1189 Goth.
767 1162 849 1189 tert.

140 1203 315 1236 Leideusi.
366 1204 433 1246 (—
458 1204 539 1238 358.
565 1204 691 1237 hostes
715 1202 843 1236 Medic.
878 1203 974 1247 Wr.)

141 1251 283 1284 Oudart.
307 1256 342 1283 et
365 1250 467 1283 Leid.
495 1262 551 1283 un.

142 1368 239 1406 dum
264 1375 323 1406 est
341 1368 520 1406 molesta.
560 1367 700 1418 Itaque
716 1366 872 1420 apodo-

140 1427 200 1464 sin
235 1440 292 1464 vs,
324 1427 420 1468 350.
454 1424 720 1463 inchoandam
760 1431 871 1478 puto,

140 1491 188 1522 ut.
217 1497 303 1521 eam
334 1496 416 1521 esse
436 1489 579 1535 poetae
598 1490 772 1521 mentem
796 1497 872 1521 ex—

142 1542 384 1580 istimemus:
416 1541 447 1578 si
468 1540 701 1579 decrevistis
722 1554 786 1579 me
808 1554 871 1579 se-

141 1599 231 1651 qui,
260 1599 406 1638 videtis
428 1598 561 1636 omnia
586 1612 667 1636 esse
693 1599 870 1651 perdita:

141 1671 253 1708 ergo,
295 1656 405 1707 quod
436 1670 562 1695 unum
589 1656 708 1694 victis
727 1670 871 1709 super-

141 1721 217 1763 est,
259 1714 493 1752 moria-mur.
529 1715 646 1765 qu)
718 1728 757 1753 v.
786 1715 865 1756 351

141 1786 191 1810 ex
210 1772 337 1811 veteri
367 1772 652 1824 superstitione
678 1772 772 1810 satis
792 1787 870 1810 no-

142 1837 185 1868 ta
224 1829 576 1881 interpretandus,
637 1844 715 1881 qua
749 1830 871 1868 urbes

141 1894 279 1940 captae
302 1888 366 1925 vel
385 1888 601 1939 capiendae
632 1901 651 1924 a
686 1888 761 1926 diis
797 1888 871 1926 de-

140 1946 217 1984 seri
239 1945 522 1984 credebantur.
556 1960 595 1986 v.
619 1946 751 1984 Ursin.
776 1945 871 1984 Mu-

139 2009 214 2042 ret.
237 2003 329 2042 Var.
350 2004 456 2041 Lect.
473 2003 521 2051 V,
557 2005 620 2044 19.
639 2003 706 2054 qui
733 2010 869 2042 tamen

142 2068 370 2112 argutatur,
384 2068 423 2099 et
432 2060 558 2098 cerda
572 2060 621 2098 ad
632 2060 673 2099 h.
684 2061 710 2099 l.
747 2062 867 2100 Euri—

140 2119 245 2171 pidis
275 2119 408 2157 locum
450 2132 469 2156 e
503 2118 650 2157 Troad.
686 2119 754 2161 23.
786 2120 866 2158 iam

141 2176 316 2215 Macrob.
348 2177 382 2215 V
406 2190 490 2228 cap.
522 2182 624 2215 extr.
655 2190 865 2229 compara-

140 2234 213 2272 vit.
245 2235 294 2272 cs.
326 2233 547 2285 Tryphiod.
575 2248 615 2272 v.
646 2234 743 2275 496.
767 2234 864 2276 497.

141 2291 247 2329 Hinc
278 2292 459 2330 evocatio
489 2291 680 2339 deorum,
712 2291 762 2329 de
787 2306 866 2343 qua

141 2349 181 2388 h.
210 2350 234 2387 l.
262 2349 425 2387 Servius
455 2355 495 2387 et
524 2349 701 2388 Macrob.
731 2349 795 2398 Ill,
825 2353 865 2399 9,

139 2407 208 2457 qui
236 2407 369 2445 locum
396 2407 547 2445 laudat.
630 2405 725 2449 354.
774 2409 868 2446 Una

141 2466 272 2513 salus,
320 2465 393 2503 int.
435 2464 645 2503 honestam
683 2471 868 2515 mortem,

146 2535 224 2572 qua
252 2535 292 2560 se
320 2523 369 2560 ab
390 2521 569 2561 hostium
589 2528 788 2575 potestate
815 2523 867 2561 li-

141 2578 293 2618 berent.
384 2581 480 2623 355.
524 2582 652 2618 Furor
684 2581 862 2619 additas.

144 2635 292 2675 Incensi
312 2643 406 2676 sunt
426 2651 565 2676 eorum
586 2638 718 2677 animi.
756 2640 865 2677 Lau-

145 2692 214 2730 dat
241 2694 458 2734 Burmann.
488 2696 661 2734 Statium
683 2697 717 2732 V
739 2696 863 2735 Theb.

146 2752 198 2789 33
224 2751 260 2787 O
277 2754 444 2791 miserae
457 2783 468 2802 ‚
502 2753 645 2805 quibus
664 2754 731 2791 hic
742 2754 869 2806 furor

144 2806 315 2845 additus.

202 2863 460 2908 355—360.
512 2867 712 2906 Homerus
751 2882 866 2907 com-

143 2920 347 2971 paratione
368 2923 554 2975 luporum
582 2939 698 2978 saepe
715 2926 869 2966 utitur:

940 1156 1011 1193 356
1035 1158 1073 1190 in
1111 1156 1213 1188 deest
1237 1156 1359 1199 fragm.
1385 1158 1512 1190 Moret.
1539 1165 1575 1190 et
1600 1159 1660 1191 uni

1057 1203 1128 1238 359
1151 1204 1189 1236 in
1214 1211 1363 1237 mortem
1387 1204 1490 1237 haud
1514 1204 1660 1239 dubiam

930 1382 969 1407 v.
1005 1381 1037 1406 c.
1067 1366 1176 1406 Iliad.
1207 1370 1249 1418 λ,
1279 1371 1334 1410 72
1364 1368 1407 1410 οἵ
1428 1366 1494 1419 δὲ,
1539 1366 1659 1412 λύκοι

931 1422 999 1475 ὥς,
1022 1427 1171 1467 Θῦνον.
1194 1426 1289 1464 inde
1306 1432 1344 1464 et
1365 1427 1443 1476 alii,
1465 1434 1512 1466 ut
1534 1428 1658 1481 Apol-

930 1484 1009 1522 lon.
1031 1484 1077 1532 ΙΙ,
1109 1486 1189 1525 123
1220 1497 1304 1535 sqq.
1363 1486 1455 1535 lupi
1481 1496 1658 1537 raptores

930 1554 980 1579 ex
1000 1540 1181 1594 epitheto
1210 1543 1342 1582 σίνται
1361 1542 1472 1581 Iliad.
1494 1560 1536 1592 π,
1574 1546 1656 1587 353

929 1606 1070 1638 natum
1096 1599 1271 1638 videtur.
1313 1606 1353 1638 et
1378 1616 1428 1649 π,
1459 1603 1514 1643 56
1541 1599 1658 1643 λύκοι

931 1654 1008 1706 ὥς,
1036 1652 1281 1710 Ὠμοφάγοι.
1328 1658 1423 1696 item
1451 1658 1595 1711 Odyss.
1627 1662 1657 1709 ζ,

933 1718 1014 1757 133
1043 1715 1092 1753 de
1112 1715 1251 1753 leone:
1282 1713 1434 1756 κέλεται
1462 1716 1505 1757 δέ
1536 1717 1556 1758 ἒ
1584 1734 1656 1771 γα·-

930 1771 1030 1827 στῆρ
1067 1769 1231 1825 Μήλων
1264 1769 1573 1826 πειρήσοντα-
1592 1775 1657 1816 ἐλψ

928 1835 1035 1871 θεῖν.
1078 1831 1246 1883 Propius
1269 1837 1403 1869 tamen
1429 1839 1508 1871 est:
1539 1830 1657 1873 λύκοι

928 1887 1197 1941 ἁρπακτῆρες.
1243 1889 1372 1927 Etiam
1394 1890 1501 1942 apud
1523 1891 1657 1940 Quin-

926 1952 1015 1984 tum
1046 1952 1140 1985 sunt
1169 1946 1329 1999 ληϊσταὶ
1361 1943 1542 1997 ἀναιδεῖς
1576 1945 1656 2001 μή-

926 2007 1022 2046 λων,
1092 2005 1188 2046 356.
1221 2019 1318 2056 quos
1338 2006 1521 2057 improba
1548 2005 1655 2059 (ma-

923 2061 1020 2113 gua)
1051 2065 1197 2100 ventris
1224 2064 1376 2113 Exegit
1411 2063 1524 2114 (egit,
1563 2065 1656 2116 quia

923 2120 1130 2172 prodeunt
1152 2133 1201 2158 ex
1216 2119 1396 2171 latebris)
1428 2136 1567 2159 caecos
1585 2137 1655 2160 ra-

922 2178 1030 2224 bie33
1090 2183 1288 2228 quantum
1340 2179 1539 2217 ornatius!
1612 2186 1656 2218 ut

924 2235 1044 2273 etiam
1073 2236 1246 2286 reliqua:
1295 2244 1385 2273 alra
1414 2238 1456 2273 ιή
1487 2236 1650 2285 nebula,

924 2306 975 2330 ex
1012 2292 1292 2332 observatione
1344 2294 1569 2345 sagacitatis
1611 2296 1654 2333 iu

924 2350 1073 2389 talibus
1098 2351 1379 2390 animantibus.
1438 2352 1504 2390 Sic
1524 2351 1654 2404 Apol-

925 2409 1005 2447 lon.
1042 2422 1064 2446 a
1108 2409 1342 2447 Burmanno
1382 2408 1570 2449 laudatus
1606 2411 1653 2461 II,

930 2464 1011 2509 124
1033 2463 1159 2518 ἤματι
1182 2468 1367 2522 χειμερίῳ
1393 2466 1509 2520 lupos
1532 2482 1653 2521 prae-

927 2524 1014 2562 dari
1037 2525 1154 2574 facit,
1195 2530 1233 2562 et
1267 2524 1468 2563 Homerus
1498 2524 1586 2567 Βάν
1610 2522 1654 2579 ῥ’

924 2581 1030 2634 ἴμεν,
1061 2579 1156 2631 ὤςτε
1174 2581 1311 2623 λέοντε
1333 2580 1419 2623 δύω
1438 2580 1506 2624 διά
1525 2581 1654 2625 νύκτα

922 2639 1118 2692 μέλαιναν
1150 2636 1380 2692 Ἀμφόνον,
1440 2637 1653 2691 οἷννέκυας,

925 2693 993 2738 διά
1042 2693 1084 2738 τ’
1125 2697 1236 2739 ἔντεα
1276 2698 1346 2738 καὶ
1387 2697 1512 2750 μέλαν
1553 2696 1653 2753 αἷμα

924 2753 1017 2807 (per
1042 2756 1147 2804 tela,
1194 2770 1269 2807 per
1295 2754 1440 2809 hostes)
1476 2756 1586 2795 Iliad.
1614 2773 1651 2806 κ,

925 2815 1022 2855 297.
1062 2816 1159 2856 298.
1220 2813 1476 2865 Comparatio
1518 2820 1652 2853 autem

928 2877 1089 2909 tantum
1125 2870 1176 2908 ad
1204 2872 1398 2923 impetum
1431 2878 1471 2909 et
1500 2872 1651 2910 rabiem

923 2927 1168 2968 irruentium
1190 2928 1420 2979 reserenda3
1449 2928 1549 2967 nihil
1565 2942 1651 2967 am-
