1779 3420
85 207 187 254 312
416 205 470 253 Ρ.
510 205 868 254 VIRGILII
906 204 1292 253 MARONIS

86 328 373 396 Adcipiens
397 330 636 380 sonitum
656 331 757 379 saxi
784 330 852 380 de
873 330 1071 380 vertice
1104 340 1299 397 pastor.

89 403 232 449 Tum
267 417 397 450 vero
435 400 716 451 manifesta
748 400 906 463 fides,
944 404 1301 468 Danaumque
1335 410 1619 468 patescunt

87 469 330 522 Insidiae.
398 473 512 520 Iam
529 470 801 538 Deiphobi
832 470 983 520 dedit
1008 471 1185 537 ampla
1210 473 1439 535 ruinam,
1515 478 1619 523 310

88 539 329 592 Volcano
365 551 677 607 superante,
728 541 949 601 domus;
999 542 1104 590 iam
1141 558 1435 607 proxumus
1468 541 1621 592 ardet

87 610 390 676 Ucalegon3
431 612 583 675 Sigea
604 612 710 676 igni
734 609 870 660 freta
889 611 989 660 lata
1014 611 1272 664 relucent.

87 682 339 731 Exoritur
364 681 677 748 clamorque
700 682 877 731 virum
903 681 1229 750 clangorque
1252 681 1520 733 tubarum.

90 754 250 801 Arma
277 768 462 800 amens
485 753 662 818 capio3
702 769 802 801 nec
828 762 905 802 sat
930 753 1151 802 rationis
1174 754 1228 802 in
1251 752 1423 803 armis,

93 822 201 871 Sed
247 822 550 887 glomerare
600 839 826 872 manum
868 822 1041 887 bello,
1094 832 1147 873 et
1197 838 1522 873 concurrere
1566 822 1620 870 in

93 963 231 1012 Cum
252 962 406 1011 sociis
430 961 620 1012 ardent
641 963 816 1015 animi.

185 1104 255 1138 308
281 1105 464 1149 aspiciens
484 1106 603 1148 Sprot.
625 1116 690 1149 pro
709 1118 781 1139 var.
802 1106 888 1140 lect.

91 1149 189 1183 alias.

93 1199 273 1243 Sigeoqae
293 1199 374 1243 igni
400 1198 560 1232 Parthas.

91 1315 168 1353 lius
182 1316 383 1354 narrantis
394 1317 720 1358 recordationem
732 1334 827 1358 sua—

92 1374 196 1412 vitas
214 1376 458 1413 narrationis
479 1376 718 1417 iamdudum
737 1379 827 1416 ani-

92 1432 166 1470 mis
186 1433 437 1471 audientium
459 1435 647 1475 excussit.
673 1437 828 1488 saren-

93 1490 198 1528 tibus
217 1494 365 1529 austris
390 1492 489 1530 dicit
514 1500 561 1531 ut
588 1501 708 1545 poeta
739 1510 827 1548 pro,

94 1549 225 1586 ventis
246 1549 450 1589 flantibus.
481 1560 645 1602 torrens,
666 1554 829 1606 χείμαῤ-

96 1607 189 1657 ρος,
226 1609 397 1658 rapidus
424 1618 615 1648 montano
633 1613 827 1662 flumine,

96 1671 239 1702 auctus
259 1679 454 1715 aquarum
479 1667 650 1716 colluvie
672 1683 692 1706 e
712 1684 832 1708 mon-

95 1722 217 1760 tibus.
278 1726 373 1764 308.
407 1724 514 1763 Iliad.
549 1728 584 1776 ὅ,
616 1726 699 1769 455
740 1731 833 1768 Τῶν

97 1779 142 1821 δέ
159 1796 199 1820 τε
219 1778 364 1832 τηλόσε
395 1783 555 1823 δοῦπον
591 1784 634 1825 ἐν
667 1783 831 1840 οὔρεσιν

98 1838 212 1878 ἔκλυε
235 1836 403 1891 ποιμήν.

155 1898 238 1939 309
253 1922 304 1926 —
320 1900 416 1940 313.
458 1901 562 1937 Tum
582 1914 671 1937 vero
694 1902 831 1937 mani-

85 1954 320 2006 festafitles
338 1962 492 2005 ornate,
516 1956 577 1995 uti
601 1957 832 2006 rebusfiiles

86 2012 187 2060 fieri
219 2012 370 2051 dicitur
402 2021 572 2053 eventu:
622 2017 833 2055 manifesta

98 2070 177 2107 iam
208 2084 271 2108 res
313 2078 409 2110 erat.
478 2073 557 2111 Alii
595 2073 833 2127 interpretes

100 2129 226 2167 aliter.
286 2131 495 2181 Deiphobi
525 2132 669 2171 domus
704 2134 833 2185 prima

98 2186 260 2224 incensa
273 2202 282 2232 ;
302 2188 475 2227 duxerat
493 2190 525 2227 is
538 2190 731 2229 Helenam
743 2198 834 2244 post

100 2245 252 2283 Paridis
272 2254 444 2285 mortem
457 2278 467 2297 ,
498 2254 545 2286 ut
562 2249 639 2288 iam
658 2252 832 2289 Servius.

101 2303 150 2340 cf.
179 2304 359 2350 Quintus
388 2306 471 2346 Cal.
499 2307 607 2356 XIII,
642 2307 727 2350 354
749 2322 833 2359 sqq.

103 2360 245 2412 Odyss.
273 2367 325 2410 θ,
359 2364 443 2405 517
481 2379 588 2416 sqq,
623 2367 693 2416 qui
722 2367 835 2404 locus

102 2419 254 2457 fundus
295 2421 466 2460 fabulae.
527 2424 576 2461 cf.
614 2425 710 2462 Exc.
747 2425 833 2462 XII.

105 2477 217 2529 (etsi,
250 2477 281 2514 si
301 2480 478 2529 argutari
497 2482 615 2530 velis,
648 2483 708 2520 sui
731 2483 835 2520 obli-

105 2541 192 2572 tum
210 2535 360 2573 dixeris
382 2544 554 2588 poetam,
574 2554 664 2577 nam
682 2540 724 2577 in
747 2554 838 2578 arce

105 2607 196 2630 cum
222 2595 363 2631 ceteris
393 2596 537 2633 Priami
560 2597 647 2634 filiis
674 2598 739 2635 ille
760 2598 837 2635 lia—

104 2651 280 2704 bitavit.)
313 2654 497 2703 proxima
519 2656 662 2692 domus
692 2657 837 2693 Ucale-

104 2709 256 2760 gontiS‚
288 2711 354 2759 qui
378 2724 397 2747 e
420 2712 666 2763 principibus
691 2721 778 2752 erat
798 2721 838 2752 et

105 2768 145 2805 in
167 2768 331 2805 consilio
353 2769 498 2807 Priami
528 2770 639 2808 Iliad.
674 2788 709 2825 γ,
744 2772 836 2813 148.

107 2823 393 2877 (Imitationem
444 2828 694 2866 manifestam
746 2830 839 2868 vide

107 2884 215 2935 apud
231 2885 408 2922 Iuvenal.
429 2886 493 2936 HI,
514 2889 626 2927 198:
648 2889 742 2925 lam
755 2904 837 2938 po-

106 2945 180 2979 scit
199 2957 354 2994 aquam
369 2973 377 2991 ‚
414 2945 499 2980 iam
516 2945 678 2994 silvola
704 2954 837 2983 [rems—

884 911 1064 943 arcem
1517 896 1622 945 315

889 967 1065 1014 Furor
1092 964 1277 1031 iraque
1300 971 1548 1013 mentem

985 1107 1057 1142 310
1081 1105 1162 1138 alta
1184 1104 1310 1137 Hamb.
1338 1116 1421 1144 sec„
1446 1109 1485 1136 ut
1513 1114 1623 1148 saepe

286 1151 356 1185 312
397 1151 575 1184 Uclzalion
606 1153 778 1187 Rotteud.
810 1166 880 1187 sec.
930 1154 969 1185 In
999 1152 1077 1186 aliis
1106 1152 1209 1186 codd.
1238 1151 1308 1184 alio
1344 1151 1452 1183 modo
1483 1150 1621 1184 vitiose.

657 1200 727 1235 315
765 1209 800 1234 et
830 1213 981 1234 cart-ere
1011 1204 1131 1247 Sprot.
1181 1199 1230 1233 ad
1257 1211 1379 1232 arc-em
1407 1199 1536 1234 Mox-et.
1567 1209 1622 1242 pr.

873 1319 963 1371 sert
990 1320 1227 1370 Ucalegon,
1262 1317 1332 1369 qui
1353 1316 1432 1354 hoc
1461 1316 1622 1355 nomine

886 1378 1092 1416 hominem
1110 1376 1287 1416 nobilem
1307 1375 1482 1414 notavit.
1543 1374 1624 1412 lbi-

889 1436 980 1474 dein
1000 1439 1081 1478 201
1126 1437 1293 1474 ultimas
1320 1433 1475 1472 ardebit
1503 1446 1626 1471 usm'-

888 1501 1052 1547 patum,
1085 1500 1132 1532 ut
1150 1493 1191 1532 h.
1215 1493 1240 1531 l.
1276 1493 1488 1543 Ucalegon
1514 1491 1626 1529 ardet

887 1552 928 1590 h.
950 1566 982 1590 e.
1008 1552 1124 1590 aedes
1145 1550 1331 1590 hominis.
1367 1550 1496 1590 chlz.
1554 1550 1624 1587 cfr.

890 1611 988 1649 Aen.
1011 1611 1075 1659 IV,
1099 1613 1212 1652 67l.:
1244 1608 1535 1658 „flammaeque
1558 1608 1625 1645 fu—

890 1675 1025 1706 rentes
1054 1667 1239 1705 Culmina
1271 1679 1422 1719 perque
1459 1665 1626 1703 homi-

891 1740 1007 1764 num
1044 1726 1268 1765 volvantur
1296 1737 1449 1776 perque
1494 1723 1625 1761 deo-

891 1786 1057 1824 1·um.“
1094 1786 1158 1823 W
1159 1781 1213 1837 r.)
1284 1784 1410 1833 Sigea
1433 1782 1623 1831 relucent,

889 1841 1151 1895 prospicienti
1184 1854 1234 1878 ex
1263 1841 1365 1879 urbe
1400 1852 1473 1893 per
1510 1845 1626 1878 tene-

890 1901 996 1939 bras.
1057 1901 1105 1939 cs.
1128 1899 1306 1947 Quintus
1328 1898 1422 1939 ibid.
1443 1897 1527 1939 464
1539 1911 1624 1949 sqq.

890 1959 979 1996 lata
1004 1972 1095 1997 cum
1125 1958 1276 1995 dilectu
1306 1956 1346 1996 h.
1374 1957 1400 1996 l.
1429 1956 1626 2008 positum:

890 2031 985 2055 nam
1002 2017 1082 2055 late
1102 2017 1257 2055 relucet
1272 2028 1384 2054 mare
1405 2015 1510 2053 cirea
1527 2028 1627 2066 pro—

890 2076 1140 2113 montorium
1158 2075 1329 2125 Sigeum.
1392 2071 1458 2126 (cf.
1485 2072 1626 2111 cerda.

891 2133 1014 2183 Male,
1034 2139 1158 2186 puto,
1180 2133 1344 2172 Servius
1360 2138 1400 2170 et
1418 2132 1626 2184 Pompon.,

893 2192 1002 2243 quod
1039 2192 1121 2230 illic
1150 2192 1300 2230 fretum
1328 2189 1626 2242 Hellespontia-

893 2264 987 2288 cum
1015 2250 1157 2302 incipit
1188 2248 1378 2302 dilatari.)
1448 2248 1627 2299 Denique

893 2308 1078 2347 tubarum
1110 2309 1301 2360 clangor,
1357 2306 1562 2359 Euripidis
1589 2312 1628 2344 et

894 2368 1155 2419 'l'ragicorum
1189 2366 1397 2418 exemplo,
1426 2378 1627 2403 memora-

892 2431 982 2475 tur,
1013 2425 1087 2463 etsi
1106 2425 1233 2463 Iliacis
1252 2423 1505 2476 temporibus
1521 2436 1627 2461 non—

895 2483 993 2522 dum
1014 2485 1123 2521 fuere
1139 2484 1240 2521 tuba
1265 2490 1305 2520 et
1326 2483 1466 2520 lituus.

953 2542 1036 2584 314
1052 2544 1211 2583 -317.
1244 2543 1333 2579 Nec
1359 2548 1424 2578 sal
1442 2540 1624 2586 rationis,

895 2599 935 2637 h.
966 2613 997 2638 e.
1026 2614 1168 2652 parum
1202 2598 1379 2647 consilii,
1411 2600 1453 2635 in
1482 2598 1623 2644 armis,

894 2658 936 2695 in
958 2672 1165 2697 armorum
1186 2671 1283 2707 usu3
1313 2670 1386 2694 nec
1406 2654 1504 2692 mihi
1531 2654 1628 2692 satis

895 2716 969 2767 ipsi
989 2717 1222 2764 constabat,
1254 2721 1452 2767 quantum
1475 2712 1537 2751 his
1560 2726 1628 2750 ar-

895 2774 970 2811 mis
996 2776 1236 2827 profuturus
1267 2786 1390 2811 essem
1418 2779 1557 2824 captae
1588 2777 1629 2809 et

895 2833 1079 2871 incensae
1100 2834 1179 2871 iani
1201 2831 1304 2870 urbi.
1365 2831 1506 2868 ardent
1532 2831 1628 2868 ani-

896 2893 954 2927 mi
974 2893 1200 2942 glomerare
1222 2904 1392 2928 manum
1411 2888 1534 2938 bello,
1561 2902 1628 2926 ar—

898 2948 993 2999 deo,
1047 2949 1114 2987 hic
1163 2962 1267 2988 unus
1304 2948 1478 2999 impetus
1529 2953 1627 2995 erat,
