1811 3388
379 190 784 243 AENE1Dos
822 191 961 239 Lm.
991 190 1076 252 vl,
1114 193 1403 242 214—230

1545 196 1642 244 885

144 321 315 370 Triste
346 317 729 377 ministerium3
769 324 821 364 et
850 314 1141 363 subiectam
1177 330 1330 362 more
1363 325 1640 379 parentum

139 389 320 440 Aversi
355 397 578 436 tenuere
608 384 798 435 facem.
871 386 1135 447 Congesta
1157 391 1458 433 cremantur

141 462 316 508 Turea
340 456 504 520 dona,
551 456 738 521 dapes,
774 452 894 503 fuso
921 462 1147 502 crateres
1171 452 1327 503 olivo.

1543 459 1641 507 225

139 532 428 594 Postquam
452 525 687 575 conlabsi
710 524 936 585 cineres,
976 531 1027 571 et
1044 520 1258 570 flamma
1281 522 1504 588 quievit:

137 597 408 662 Reliquias
428 596 552 643 vino
579 604 631 644 et
652 593 889 642 bibulam
913 592 1088 641 lavere
1105 590 1363 653 favillam3

139 668 379 732 Ossaque
406 665 541 713 lecta
562 664 692 713 cado
714 663 841 712 texit
864 664 1167 726 Corynaeus
1189 678 1338 712 aeno.

136 736 291 787 Idem
315 744 398 784 ter
417 735 588 783 socios
610 751 742 799 pura
764 731 1082 781 circumtulit
1098 731 1258 794 unda,

139 808 403 873 Spargcns
428 820 552 853 rore
574 803 676 853 levi
700 811 751 852 et
778 818 929 850 ramo
958 799 1124 851 felicis
1147 800 1329 864 olivae,

1541 806 1643 852 230

228 945 297 980 223
322 952 357 977 et
379 944 482 977 deest
500 943 593 978 binis
613 944 705 989 apud
728 945 842 976 Burm.
889 942 1040 976 subiecti
1066 955 1110 975 m.
1132 955 1170 987 p.
1187 944 1364 975 Aversam
1383 948 1408 973 t.
1422 938 1455 986 f
1480 939 1641 972 Parrhas.

134 989 205 1027 224
232 992 401 1024 Coniecta
420 991 534 1035 Bigot.

136 1045 172 1071 et
189 1039 238 1071 sic
264 1039 387 1081 fragm.
413 1038 527 1073 Vatic.
549 1049 583 1081 p.
609 1040 685 1073 181.

628 992 696 1026 225
713 995 840 1024 Aurea
855 990 890 1023 d.
910 990 997 1023 alter
1016 990 1156 1033 Menag.
1195 989 1349 1021 crateris
1374 986 1450 1020 Ald.
1479 993 1514 1018 et
1542 988 1643 1026 lunt„

779 1038 848 1071 228
878 1037 954 1069 leta
979 1037 1098 1069 Franc.
1147 1036 1254 1081 lapsa
1280 1034 1414 1067 Zulich.
1463 1045 1551 1066 cavo
1573 1045 1642 1066 sec.

134 1086 262 1118 Moret.
311 1085 505 1125 Corineus,
544 1088 746 1128 Coryneus,
785 1084 1003 1123 c’lzorz'neus,
1043 1086 1222 1122 Cornea-5,
1257 1093 1297 1113 ex
1315 1080 1535 1113 librariorum
1565 1086 1641 1111 stu—

134 1142 222 1175 pore
240 1130 351 1163 multi.
398 1132 460 1164 Est
481 1132 696 1175 Κορυναῖος
720 1143 740 1163 a
770 1127 924 1173 κορύνη.

133 1178 254 1210 Heius.
285 1177 368 1210 olim
398 1177 607 1210 coniecerat.
651 1178 767 1221 (idque
796 1177 925 1220 probat
950 1176 1107 1208 Bothius.
1143 1176 1236 1217 Wr.)

1018 1130 1086 1164 229
1106 1141 1241 1175 puram
1266 1140 1396 1172 aquam
1424 1126 1571 1166 Zulich.,
1605 1132 1642 1157 ut

1285 1174 1355 1207 Sed
1383 1173 1529 1206 alterum
1560 1172 1640 1216 (vid.

133 1225 236 1268 Not.)
262 1224 420 1266 doctius,
456 1224 614 1268 adeoque
636 1230 742 1267 poeta
770 1223 919 1266 dignius.
968 1224 1087 1267 ltaque
1109 1233 1173 1254 nec
1200 1221 1403 1255 circumluit
1426 1219 1641 1264 amplecten—

134 1271 232 1311 dum,
261 1271 354 1315 quod
384 1271 488 1305 codd.
515 1271 686 1303 Macrobii
720 1271 761 1311 ΙΙ,
788 1272 820 1304 1.
848 1270 1001 1310 habent,
1045 1269 1207 1313 quodque
1239 1267 1437 1300 coniecerat
1472 1265 1640 1298 Maserius

134 1318 192 1361 (ad
213 1318 329 1351 Valer.
351 1317 463 1350 Flacc.
482 1317 628 1358 111,433.
650 1317 759 1355 ἶνα).
810 1318 1046 1349 circumvenit
1063 1315 1171 1348 Goth.
1193 1327 1262 1348 sec.
1313 1313 1470 1357 (—230.
1498 1326 1517 1345 e
1541 1324 1642 1345 ramo

133 1364 320 1408 Virgilium
346 1364 527 1408 scripsisse
549 1370 649 1408 putat
669 1362 813 1396 Bothius
842 1363 878 1395 iu
900 1363 999 1407 Virg.
1019 1361 1227 1406 Virgiliano.
1259 1361 1353 1404 Wr.)

132 1470 327 1522 respicere
349 1471 496 1523 potuit,
519 1469 568 1508 de
590 1483 668 1520 quo
689 1468 858 1507 laudant

132 1529 261 1580 Intpp.
302 1535 398 1566 nota
438 1528 525 1565 loca
556 1528 633 1566 Cic.
670 1527 718 1564 de
745 1527 856 1577 Legg.

132 1586 180 1635 11,
211 1589 279 1627 23.
306 1587 393 1623 Liv.
420 1585 607 1634 XXXIV,
637 1587 682 1634 73
722 1591 857 1621 tamen

131 1644 251 1694 magis
289 1643 494 1695 probabile
526 1642 596 1692 fit,
637 1642 857 1679 Homerum

132 1708 225 1738 ante
243 1701 380 1738 oculos
402 1701 521 1738 fuisse
543 1699 619 1737 Od.
642 1715 685 1748 ω,
707 1701 773 1740 59.
806 1699 859 1736 At

130 1758 241 1796 Iliad.
264 1774 307 1805 ω,
340 1760 422 1799 796
444 1758 540 1795 cinis
559 1769 761 1809 purpurea
784 1769 856 1794 ve-

131 1823 190 1854 ste
212 1816 424 1867 obtegitur.
484 1814 700 1852 subiectam
719 1822 855 1851 lenne-

130 1889 191 1922 re,
225 1873 266 1911 h.
296 1886 328 1910 e.
369 1872 604 1920 subiiciunt,
655 1872 857 1920 subdunt3

131 1946 236 1968 more
258 1939 474 1981 parentum
508 1930 691 1967 Servius:
732 1942 857 1979 „pro-

132 1987 436 2039 „pinquioribus
459 1987 561 2024 enim
586 1986 711 2024 virilis
739 1999 857 2023 sexus

131 2045 235 2094 „hoc
274 2045 446 2082 dabatur
493 2044 708 2081 officium.“
777 2042 856 2080 Sed

132 2103 285 2140 dictum
307 2108 404 2153 puto
434 2115 520 2152 pro,
551 2113 661 2138 more
680 2106 854 2150 patrum,

131 2160 340 2197 maiorum.
402 2159 497 2196 Mox
523 2160 564 2195 in
592 2159 720 2208 ignem
752 2171 853 2193 con-

130 2217 195 2254 iici
222 2223 320 2268 puta
350 2222 433 2263 tus,
467 2216 616 2263 oleum3
655 2214 722 2251 sed
755 2214 853 2264 quid

130 2275 288 2324 dapes?
317 2287 367 2310 an
390 2273 629 2323 putabimus,
653 2272 854 2308 Romanae

129 2331 253 2383 plebis
295 2330 618 2382 superstitionem
654 2329 695 2366 in
730 2329 853 2366 vitam

129 2389 331 2426 heroicam
372 2401 393 2424 a
431 2393 547 2439 poeta
581 2399 661 2423 esse
691 2386 852 2434 illatam,

130 2460 218 2483 cum
234 2446 272 2483 in
292 2460 401 2495 rog0‚
421 2445 483 2482 vel
507 2444 557 2481 ad
581 2457 732 2493 rogum,
753 2456 851 2494 epu—

128 2504 185 2541 las
213 2503 383 2541 mortuis
414 2507 660 2553 apponerent
693 2506 731 2537 et
763 2513 852 2537 cre-

128 2561 312 2598 marent'?
353 2560 401 2597 de
432 2573 510 2609 quo
539 2559 649 2595 locus
679 2564 738 2595 est
771 2559 852 2595 Lu-

130 2619 232 2656 ciani
265 2618 313 2655 ab
344 2615 642 2654 llcnisterhusio
672 2616 853 2652 illustra-

129 2681 194 2713 tus
226 2674 445 2726 Contenipl.
475 2677 543 2714 22.
612 2673 700 2710 Non
730 2679 853 2723 put03

129 2732 198 2769 sed
251 2733 374 2770 verbo
423 2730 628 2768 sacrificali
684 2744 852 2781 coi-pora

128 2790 273 2837 boum,
304 2802 442 2837 suuni,
482 2788 617 2825 ovium
658 2785 756 2839 (vid.
781 2787 850 2824 ins.

126 2847 196 2894 XI,
226 2849 303 2887 197
325 2844 420 2896 seq.)
443 2852 643 2894 tamquam
666 2844 850 2882 victima—

124 2918 236 2952 rum,
270 2916 379 2940 caesa
405 2909 445 2940 et
476 2903 515 2939 in
547 2903 673 2953 ignem
694 2902 849 2951 iniecta,

917 1469 1110 1520 significat
1138 1473 1279 1519 poeta:
1324 1467 1425 1507 cons.
1459 1466 1567 1504 Iliad.
1592 1477 1639 1517 ψ,

919 1529 1000 1568 166
1020 1541 1076 1577 sq.
1097 1526 1238 1577 Odyss.
1261 1540 1305 1574 m,
1330 1526 1382 1566 65
1410 1538 1465 1574 sq.

974 1587 1056 1625 226
1077 1598 1132 1634 sq.
1164 1584 1222 1623 Cf.
1248 1582 1356 1619 Iliad.
1377 1591 1422 1632 ψ,
1456 1583 1538 1622 250
1556 1594 1639 1631 sqq.

918 1658 970 1691 ω,
1012 1644 1093 1683 792
1136 1654 1191 1690 sq.
1243 1639 1386 1691 Odys&
1417 1655 1466 1690 μ,
1504 1641 1551 1678 13
1583 1652 1639 1688 sq.

919 1701 1023 1748 ω,71
1049 1712 1104 1749 sq.
1143 1697 1272 1736 verba
1293 1710 1341 1733 ex
1361 1696 1469 1734 iliad.
1493 1711 1517 1743 ι,
1541 1698 1639 1736 212;

914 1752 1055 1808 Αὕτιὶρ
1089 1755 1174 1796 ἐπεὶ
1203 1751 1303 1794 nan}
1336 1756 1418 1804 πῦρ
1438 1749 1536 1804 ἐκάη
1572 1751 1639 1791 καὶ

916 1812 1016 1865 φλὸξ
1041 1808 1267 1866 ἐμαράνθη.
1327 1814 1422 1852 227.
1440 1823 1580 1860 rogum
1600 1816 1639 1847 et

916 1873 1066 1909 cineres
1086 1874 1351 1921 conspergunt
1372 1869 1465 1906 vino
1484 1880 1531 1904 ex
1551 1881 1635 1904 mo-

915 1942 971 1977 re,
1001 1941 1117 1979 quem
1136 1928 1255 1965 nidor
1282 1932 1319 1963 et
1346 1926 1452 1963 calor
1472 1924 1639 1962 suadere

918 1986 1069 2024 debuit.
1128 1985 1276 2022 caelum
1297 1982 1400 2020 dixit
1423 1996 1496 2033 pro
1517 1995 1637 2030 urna;

915 2039 1068 2094 φιάλην
1109 2047 1401 2079 memoraverat
1439 2039 1636 2076 Homerus

913 2100 1024 2138 iliad.
1047 2110 1095 2149 ψ,
1119 2100 1199 2141 253
1223 2104 1261 2134 et
1283 2097 1462 2149 λάρνακα
1484 2112 1525 2144 ω,
1541 2097 1634 2137 795.

913 2157 1074 2195 Achillis
1093 2162 1227 2193 autem
1248 2169 1330 2192 ossa
1356 2155 1396 2191 in
1421 2166 1524 2202 vase,
1549 2166 1635 2189 ani-

912 2214 1052 2266 phora,
1086 2213 1244 2250 condita
1278 2212 1352 2249 Od.
1376 2228 1418 2260 ω,
1450 2214 1514 2251 73.
1558 2212 1633 2247 Co-

909 2286 1099 2322 rinaeum
1117 2271 1310 2317 nominat,
1336 2268 1522 2319 quoniam
1536 2280 1634 2318 poe-

912 2336 976 2367 tae
1034 2328 1165 2365 onmia
1208 2327 1369 2364 desinite
1401 2327 1516 2362 etiam
1564 2338 1633 2375 per

911 2400 1099 2438 personas
1137 2384 1335 2422 ell'erenda
1366 2390 1471 2421 sunt.
1530 2383 1632 2419 Nota

909 2458 1052 2482 urnam.
1076 2442 1114 2480 h.
1136 2444 1160 2480 l.
1180 2457 1226 2480 ex
1249 2456 1362 2488 aete;
1387 2443 1497 2478 cuius
1515 2452 1632 2490 gene—

910 2503 963 2539 ris
986 2500 1176 2538 nonnulla
1201 2504 1426 2551 supersunt.

967 2560 1222 2599 229—231.
1271 2556 1515 2606 Exquisitius
1552 2557 1630 2591 ci»-

910 2615 1102 2664 cumserre
1147 2617 1271 2651 socios
1307 2616 1440 2661 mula,
1494 2626 1626 2662 quani,

911 2675 1062 2710 walam
1097 2674 1203 2709 cinea
1247 2674 1386 2708 soc-ios.
1431 2670 1628 2723 (Serviusz

909 2730 1302 2779 ‚‚Cll‘1CUM'l'ULl's:
1323 2728 1517 2779 purgavit.
1548 2726 1628 2761 An—

910 2788 1068 2837 tiquum
1113 2787 1280 2824 verbum
1319 2793 1390 2824 cst.
1450 2785 1626 2820 Plautus:

910 2848 995 2882 Ρη)
1047 2846 1204 2881 larvale)
1246 2854 1279 2881 le
1322 2841 1596 2889 circumferam
1614 2855 1622 2876 .·

909 2903 932 2939 i.
968 2915 998 2939 c.
1036 2902 1252 2953 purgabo.“
1313 2899 1428 2950 Apud
1458 2897 1624 2936 cundem
