1779 3420
93 234 195 282 886

409 228 466 282 P.
503 227 859 283 VIRGILII
894 226 1273 279 MARONIS

93 355 469 422 Lustravitque
488 355 653 419 virOS,
693 355 929 422 dixitque
952 354 1241 403 novissima
1271 353 1449 405 verba.

94 430 163 477 At
186 426 305 492 pius
329 430 536 478 Aeneas
558 426 761 490 ingenti
782 425 933 475 mole
953 424 1262 491 sepulcrum

93 497 337 563 Inponit,
375 513 577 564 suaque
598 513 743 547 arma
763 496 894 559 viro,
932 511 1275 561 remumque,
1310 494 1625 562 tubamque,

93 570 284 618 Monte
314 567 412 617 sub
437 568 604 617 aerio:
642 567 734 632 qui
760 582 905 615 nunc
923 566 1162 615 Misenus
1187 565 1251 614 ab
1287 564 1378 614 illo

95 639 315 701 Dicitur,
340 647 733 703 aeternumque
755 645 905 685 tenet
929 652 1028 701 per
1050 635 1257 684 saecula
1278 651 1500 686 nomen.
1522 637 1626 687 235

166 709 259 758 His
293 708 418 757 actis
454 724 692 774 propere
728 706 1036 773 exsequitur
1061 714 1348 771 praecepta
1383 704 1626 770 Sibyllae.

97 778 364 846 Spelunca
387 777 485 828 alta
510 777 637 842 fuit,
673 786 934 844 vastoque
958 775 1186 826 inmanis
1217 775 1383 840 hiatu,

192 931 261 966 231
283 932 327 963 L.
352 930 480 964 domos
499 930 602 963 Rom.
625 942 701 963 cum
722 942 779 976 pr.
796 931 901 964 Voss.
923 936 956 962 et
979 935 1128 974 utroque
1155 929 1347 973 Hamburg.
1395 929 1432 961 ln
1454 926 1628 960 Montalb.

94 980 197 1012 viros
223 978 259 1010 in
290 977 406 1012 litura.
458 981 502 1011 At
524 978 660 1022 Menag.
681 990 736 1022 pr.
769 978 1040 1022 Lustravitqae
1067 977 1217 1017 choros,
1251 976 1346 1021 quod
1368 975 1526 1020 impense
1548 974 1629 1020 pla—

95 1026 199 1059 cebat
220 1025 387 1066 Heinsio,
413 1026 628 1070 copioseque
649 1025 693 1058 ab
716 1025 793 1069 ipso
816 1025 1027 1059 illustratum
1056 1031 1118 1057 est.
1167 1024 1259 1056 Mihi
1281 1023 1419 1068 quidem
1438 1029 1565 1068 poeta,
1599 1021 1629 1054 si

94 1073 145 1106 ita
162 1072 330 1113 dixisset,
371 1072 553 1106 affectatae
585 1080 619 1105 et
652 1073 795 1117 putidae
817 1071 1014 1116 elegantiae
1037 1071 1167 1104 crimen
1190 1071 1245 1104 vix
1268 1071 1421 1114 ell'ugere
1440 1082 1546 1114 posse
1572 1068 1629 1102 vi-

95 1120 251 1156 deretur.
306 1120 447 1154 Chorus
476 1119 591 1165 poetis
619 1131 690 1152 non
723 1131 788 1165 pro
821 1130 1026 1164 quacunque
1051 1119 1157 1151 turba
1186 1118 1365 1151 hominum
1383 1117 1469 1162 poni
1496 1122 1628 1160 potest,

97 1168 160 1202 sed
187 1167 229 1201 iis
248 1173 382 1201 tantum
402 1167 512 1209 locis,
537 1167 597 1200 ubi
618 1167 663 1200 ad
685 1167 786 1200 chori
808 1174 987 1208 naturam,
1026 1165 1205 1207 ordinem,
1238 1165 1293 1198 vel
1314 1165 1421 1198 ritum
1445 1170 1629 1208 respectus

94 1215 224 1260 aliquis
251 1216 385 1248 subest.
435 1216 474 1248 In
510 1214 720 1248 lustratione
758 1214 846 1247 nihil
875 1214 945 1247 tale
972 1213 1124 1246 memini.
1181 1212 1294 1246 Aliter
1324 1224 1399 1244 rem
1433 1223 1470 1244 se
1495 1211 1629 1244 habere

94 1262 292 1298 videbimus
315 1264 393 1304 VH,
417 1263 498 1298 391.

595 1263 665 1297 233
697 1262 878 1308 Imposuit
910 1262 1039 1294 Donat.
1065 1261 1101 1293 in
1131 1262 1277 1293 Terent.
1299 1259 1409 1292 Goth.
1438 1271 1491 1304 pr.
1517 1264 1552 1290 et
1572 1258 1629 1291 ed.

94 1311 184 1344 Iunt.
204 1310 298 1355 apud
322 1310 443 1343 Heins.
494 1309 559 1343 Illa
583 1309 653 1342 hoc
673 1309 797 1342 habuit
818 1321 859 1341 ex
878 1308 956 1341 Ald.
986 1320 1049 1352 prq
1075 1307 1223 1340 mutavit
1243 1307 1278 1340 in
1299 1307 1452 1353 imponit
1476 1307 1629 1350 Nauger.

95 1364 133 1393 et
164 1357 246 1391 hine
270 1358 364 1392 Flor.
394 1359 528 1391 Iuntae.

94 1406 165 1441 936
190 1405 370 1438 mandata
394 1405 496 1439 Leid.
527 1416 626 1438 unus.

95 1525 284 1564 Plautum
318 1523 523 1576 Amphitr.
556 1524 614 1573 II,
646 1525 694 1574 2,
739 1522 835 1565 143.

96 1598 175 1635 sq.:
214 1582 340 1634 „quin
371 1589 419 1621 tu
455 1583 585 1621 istanc
610 1581 723 1620 iubes
756 1582 835 1620 Pro

97 1642 244 1681 cerrita
295 1641 702 1680 eircun1ferri?“
783 1640 836 1678 Et

98 1700 326 1740 desinemus
348 1698 456 1738 hanc
485 1706 736 1738 structuram
758 1698 837 1735 La·-

95 1759 228 1797 tinam
264 1772 347 1796 non
376 1758 631 1806 existimare,
678 1756 711 1794 si
738 1770 836 1794 ean—-

98 1817 190 1856 dem
225 1817 308 1855 fere
340 1816 555 1868 legitimam
589 1828 671 1853 esse
686 1815 838 1853 verbo—

96 1889 191 1919 rum
203 1874 387 1913 similiter
400 1873 726 1926 compositorum,
739 1886 842 1924 qua—

97 1933 153 1973 lia
196 1939 294 1972 sunt
336 1933 607 1981 circumdare,
666 1933 840 1969 eircum-

84 1992 287 2044 jundere,
319 1991 624 2043 reputabimus3
654 1989 759 2028 infra
785 1990 839 2037 X,

97 2049 218 2094 243.:
257 2063 402 2100 „oras
443 2048 630 2088 ambiit
669 2049 840 2087 auro.“

98 2108 257 2148 Auctor
286 2108 432 2146 Moret.
461 2111 576 2151 121.:
622 2106 838 2156 „Ambit

100 2181 257 2206 crura
298 2166 515 2205 ocreis.“
548 2165 652 2204 adde
670 2165 764 2204 Not.
785 2163 838 2202 ad

99 2226 165 2276 1V,
197 2225 293 2267 506.
330 2222 449 2276 Ῑ46·.)
509 2224 715 2264 Lustratio
736 2222 838 2262 haec

99 2286 204 2323 sacto
225 2285 368 2322 funere
391 2283 594 2321 sollennis.
622 2283 736 2333 felix
757 2283 838 2320 oli-

101 2357 174 2391 va,
216 2342 310 2392 quia
334 2342 453 2380 etiam
485 2341 631 2392 infelix
659 2341 838 2389 oleaster,

101 2400 295 2439 silvestris
325 2400 466 2449 arbor,
499 2400 641 2451 Georg.
664 2399 711 2449 Π,
742 2398 839 2440 314.

101 2460 329 2496 novissima
350 2457 485 2507 verba,
508 2464 607 2497 nota
624 2470 700 2496 res.
730 2456 839 2496 Vale.

103 2515 201 2556 Ave.

161 2576 308 2616 232-
324 2573 421 2615 235.
455 2574 636 2624 Imponit
652 2586 740 2624 pro,
763 2586 840 2624 po—

103 2631 184 2681 nit,
216 2631 314 2669 facit
331 2631 373 2668 in
406 2630 476 2669 illo
498 2631 602 2679 loco,
636 2630 840 2668 tumulum

106 2697 216 2729 terra
230 2694 396 2740 aggesta,
413 2685 568 2740 τύμβον
593 2684 782 2739 χεύαντες
802 2693 841 2725 et

105 2751 216 2801 σῆμα
243 2743 433 2799 χεύαντες
464 2746 573 2798 apud
605 2745 842 2794 Homerum,

104 2805 269 2845 heroico
289 2817 402 2843 more
421 2805 523 2844 sorte
534 2819 545 2853 3
563 2799 671 2854 ἀμφὶ
688 2800 842 2856 πυρὴν,

105 2865 147 2903 in
176 2864 287 2913 loco,
324 2876 404 2914 quo
431 2875 553 2913 rogus
584 2867 762 2909 arserat,
794 2866 843 2900 ut

104 2922 269 2961 videtur
290 2934 354 2961 res
377 2920 487 2973 apud
512 2920 735 2959 Homerum
753 2918 843 2956 ani-

106 2994 169 3018 mo
199 2978 562 3033 repraesentanda,
605 2992 644 3016 v.
669 2991 701 3016 c.
732 2976 844 3015 Iliad.

626 1357 697 1395 234
716 1359 846 1391 Monte
868 1354 936 1389 sub
966 1354 1109 1389 excelso
1135 1355 1243 1390 Goth.
1276 1366 1346 1388 sec.
1372 1365 1413 1387 ex
1438 1353 1628 1398 interpret.

892 1531 942 1573 ψ,
974 1520 1071 1565 255.
1091 1519 1188 1563 256.
1212 1535 1253 1572 η,
1285 1518 1382 1561 434.
1424 1518 1528 1557 Tum
1548 1520 1630 1556 im-

885 1582 1007 1632 ponit
1029 1579 1125 1617 huic
1145 1578 1342 1631 sepulcro,
1373 1576 1414 1615 h.
1434 1590 1467 1615 e.
1487 1584 1631 1615 tumu-

894 1639 946 1685 lo,
981 1652 1061 1676 sua
1101 1652 1245 1685 arma,
1301 1650 1530 1688 remumque
1565 1643 1631 1672 tuf-

894 1697 1082 1749 bamque,
1117 1695 1286 1734 sollenni
1307 1707 1419 1733 more
1451 1708 1474 1730 a
1494 1693 1632 1731 multis

895 1755 1114 1802 illustrato,
1135 1754 1255 1791 etiam
1273 1766 1322 1790 ex
1342 1752 1546 1805 sepulcris.
1579 1751 1630 1790 cf.

899 1813 1078 1851 Fabrett.
1107 1811 1159 1849 ad
1195 1812 1380 1849 Column.
1413 1810 1520 1848 Trai.
1544 1823 1630 1861 pag.

900 1870 998 1913 374.
1060 1870 1159 1907 Cum
1179 1876 1313 1908 autem
1344 1868 1444 1906 haec
1462 1881 1572 1906 arma
1592 1874 1632 1906 et

898 1928 1169 1967 instrumenta
1201 1934 1334 1966 ‘terrae
1367 1926 1492 1964 infixa
1530 1926 1632 1963 aeris

899 1994 940 2026 et
973 1986 1167 2038 temporis
1195 1986 1341 2025 iniuria
1365 1999 1461 2023 mox
1486 1997 1631 2022 corru-

897 2052 968 2098 pta
994 2045 1232 2094 interirent,
1277 2043 1426 2082 mirum
1448 2057 1532 2081 non
1562 2048 1632 2091 est,

898 2105 1071 2142 alterum
1091 2103 1216 2141 ritum
1239 2116 1336 2141 mox
1361 2115 1443 2140 esse
1472 2101 1633 2154 praela-

894 2169 997 2210 tum,
1028 2167 1076 2200 ut
1094 2175 1139 2199 ea
1159 2161 1202 2200 in
1224 2162 1308 2214 ipso
1326 2160 1510 2212 sepulcro
1531 2173 1632 2197 con—

897 2221 1117 2270 derentur,
1148 2220 1307 2258 tumulo
1338 2225 1472 2257 autem
1498 2218 1633 2270 impo-

898 2286 1095 2318 nerentur
1141 2291 1161 2316 e
1213 2292 1311 2316 saxo
1355 2282 1632 2325 monumenta,

899 2338 1108 2376 columnae
1127 2343 1165 2374 et
1179 2336 1301 2388 signa.
1340 2335 1518 2388 Στήλην,
1540 2335 1634 2386 Cip-

898 2410 995 2449 pum
1018 2396 1254 2447 impositum
1284 2394 1468 2432 videmus
1490 2393 1570 2431 iam
1589 2392 1634 2430 in

900 2454 1045 2506 Odyss.
1079 2471 1118 2506 μ,
1155 2457 1220 2501 14,
1253 2453 1306 2496 15
1336 2451 1496 2490 tumulo
1513 2451 1635 2502 Elpe-

899 2513 1037 2562 noris,
1078 2518 1119 2550 et
1158 2525 1314 2549 summo
1355 2510 1510 2549 tumulo
1540 2508 1634 2546 infi-

898 2585 999 2610 xum
1018 2583 1194 2608 remum:
1234 2569 1348 2617 Quae
1375 2574 1468 2606 ante
1499 2567 1636 2605 oculos

898 2630 1011 2668 fuere
1033 2627 1203 2666 Maroni.
1252 2628 1315 2665 Ex
1335 2626 1501 2664 Marone
1523 2638 1635 2663 sum-

900 2687 973 2725 sit:
1020 2687 1229 2736 Iliacoque
1261 2687 1406 2735 ingam
1435 2697 1637 2721 memora-

901 2744 978 2781 bile
996 2758 1119 2790 remo,
1156 2743 1206 2780 de
1232 2742 1384 2780 Miseno
1411 2741 1566 2780 Statius
1585 2740 1637 2779 [ΙΙ

901 2802 999 2840 Silv.
1020 2802 1058 2850 5,
1092 2803 1160 2842 98.

962 2861 1046 2901 236
1064 2872 1147 2910 sqq.
1178 2859 1295 2897 Nunc
1311 2857 1363 2896 ad
1375 2871 1534 2896 sacrum
1548 2856 1638 2895 Ma-

902 2917 1021 2956 nibus
1059 2917 1288 2957 faciendum
1318 2930 1359 2954 se
1387 2915 1561 2967 accingit
1589 2927 1639 2953 ex

904 2982 1122 3029 praecepto
1169 2988 1209 3014 v·
1267 2976 1360 3017 153.
1432 2974 1640 3025 spelunca,
