1779 3420
71 212 174 258 452
403 210 456 256 P.
497 208 855 258 VIRGILII
890 207 1274 257 MARONIS

70 332 394 393 Condimus,
436 342 488 382 et
512 349 702 398 magna
727 349 1044 399 supremum
1070 350 1201 383 voce
1225 333 1439 385 ciemus.

139 403 274 452 Inde
290 443 303 465 ,
341 403 434 452 ubi
457 404 629 469 prima
652 402 789 452 fides
808 403 999 469 pelago
1014 445 1026 467 ,
1060 404 1369 470 placataque
1392 404 1538 453 venti

67 476 207 522 Dant
258 474 421 522 maria
445 514 458 536 ,
519 482 571 522 et
622 473 755 522 lenis
814 474 1078 539 crepitans
1117 482 1272 522 vocat
1316 483 1494 523 auster
1539 473 1592 522 in

863 542 1047 606 altum,
1523 549 1593 595 70

64 611 356 662 Deducunt
377 612 505 661 socii
530 612 697 672 navis,
738 620 790 660 et
813 610 966 660 litora
989 611 1257 677 conplent.

66 681 429 730 Provehimur
456 691 619 747 portu
637 722 648 742 ,
696 690 980 747 terraeque
1008 681 1281 747 urbesque
1313 681 1589 731 recedunt.

67 753 220 800 Sacra
245 753 378 800 mari
401 751 592 800 colitur
614 750 798 799 medio
823 752 1115 815 gratissima
1139 751 1300 800 tellus

157 869 202 903 69
224 870 345 914 prima
367 869 469 913 quies
490 868 597 901 Goth.
619 874 700 900 tert.
746 868 986 914 pronafides
1007 880 1057 913 pr.
1076 869 1206 901 Moret.
1229 880 1248 900 a
1267 880 1314 901 m.
1336 881 1409 913 pr.,
1438 868 1589 902 sollenni

64 914 181 958 potius
202 915 301 959 lapsu
324 915 382 958 <de
404 927 471 959 quo
490 928 520 948 v.
539 916 747 957 Burmann.)‚
769 927 871 959 quam
893 915 1133 959 exquisitioris
1155 915 1309 959 epitheti
1327 916 1445 948 studio
1459 942 1467 957 ,
1495 917 1590 961 quod

62 973 127 993 nec
153 962 256 994 facile
276 963 369 994 seras
393 962 427 994 h.
446 962 481 1002 l.‚
503 962 610 994 multo
632 962 744 994 minus
759 962 950 995 desideres.
972 971 1182 1007 pacataque
1194 962 1357 995 Parrhas.
1430 965 1477 998 70
1495 964 1590 996 lenis

62 1010 260 1053 crepitans.
311 1009 474 1052 displicet
497 1009 620 1041 merito
656 1009 784 1054 duplex
814 1009 1018 1054 epitheton,
1053 1009 1120 1041 etsi
1149 1008 1312 1042 similium
1351 1010 1588 1055 exemplorum

60 1055 272 1089 auctoritate
293 1056 434 1088 defendi
453 1056 543 1088 forte
565 1056 688 1100 possit.
717 1068 746 1088 v.
773 1057 884 1088 Burm.
923 1056 1042 1089 Heius.
1070 1056 1273 1090 coniecerat
1304 1069 1436 1102 segnes
1465 1059 1586 1103 crepi—

63 1110 171 1143 tanS,
198 1103 311 1134 Burm.
348 1103 469 1135 lentos
498 1116 527 1135 c.
565 1103 724 1147 Toupius
757 1103 791 1135 in
820 1103 958 1135 Suidam
988 1104 1025 1135 P.
1054 1104 1112 1143 ΙΙΙ,
1141 1116 1175 1148 p.
1209 1105 1276 1139 138
1314 1105 1587 1150 lenia-repimus,

59 1149 153 1192 quod
171 1150 204 1180 in
227 1149 392 1182 Lucretio
413 1162 480 1181 non
504 1148 721 1193 displiceret.
773 1150 882 1183 lortin
908 1152 1059 1195 (Traces
1085 1151 1188 1183 Tom.
1220 1152 1246 1192 Ι,
1277 1163 1312 1195 p.
1343 1151 1426 1194 470)
1458 1150 1583 1195 iungit:

57 1198 197 1227 Auster
229 1196 324 1228 lenis
350 1205 458 1229 vocat
486 1199 684 1241 crepitans.
735 1197 868 1229 Pierius
895 1209 913 1230 e
941 1197 1044 1230 codd.
1077 1196 1213 1241 aliquot
1240 1197 1363 1230 laudat
1392 1198 1474 1231 lene
1502 1211 1585 1231 cre-

54 1243 201 1287 pitans,
229 1243 323 1286 quod
344 1244 596 1275 consuetudine
620 1243 762 1287 Virgilii
781 1244 867 1276 satis
897 1244 1019 1276 tritum
1047 1244 1163 1276 teneri
1187 1251 1318 1290 potest.
1368 1246 1457 1278 Nam
1490 1245 1585 1291 quod

58 1288 178 1321 ultima
201 1288 235 1321 in
256 1295 342 1322 tono
365 1297 399 1322 et
427 1297 508 1322 ante
540 1290 715 1335 duplicem
744 1302 934 1324 consonam
965 1291 1191 1336 producitur,
1223 1291 1379 1324 insolens
1407 1304 1484 1325 esse
1513 1303 1584 1325 non

56 1335 207 1368 videtur.
259 1337 367 1380 (Haec
390 1337 530 1381 quidem
549 1337 734 1382 productio
754 1337 1048 1378 insolentissima3
1083 1338 1197 1371 edidit
1226 1345 1344 1371 tamen
1372 1337 1422 1372 ita
1444 1339 1584 1373 Wake-

55 1382 150 1414 field.
180 1383 276 1425 lVr.)
326 1385 374 1416 Io.
406 1384 593 1417 Schrader.
622 1391 738 1418 tamen
768 1385 804 1417 in
830 1385 971 1418 schedis
1002 1385 1186 1429 ingeniose
1217 1385 1307 1419 coni.
1343 1385 1426 1418 lene
1458 1387 1583 1419 incre-

49 1430 192 1474 pitans.
222 1431 327 1472 (bene
362 1432 458 1463 lenis
488 1433 692 1478 crepitanS,
724 1431 793 1465 vid.
823 1434 867 1465 V.
895 1433 935 1465 L.
962 1433 1007 1466 ad
1039 1434 1132 1474 VIII,
1164 1434 1247 1469 559.
1280 1452 1324 1457 --
1373 1433 1431 1468 71.
1467 1445 1584 1466 naves

54 1476 183 1509 Medic.
214 1477 310 1519 JVr.)
407 1479 454 1512 72
476 1479 747 1511 Praeveln‘mur
768 1479 836 1512 duo
859 1480 988 1521 Burm.,
1014 1480 1116 1514 male.
1167 1488 1290 1513 terrae
1307 1478 1383 1513 sine
1410 1493 1480 1525 que
1501 1480 1582 1513 duo.

55 1524 101 1557 73
135 1524 253 1556 medio
283 1524 419 1557 colitur
446 1525 535 1557 Gud.
566 1538 642 1558 cum
682 1526 799 1559 multis
842 1526 932 1559 aliis.
982 1528 1093 1560 Porro
1130 1527 1245 1561 Burm.
1269 1527 1304 1560 h.
1330 1526 1353 1559 l.
1382 1533 1417 1559 et
1444 1527 1511 1560 iarn
1539 1527 1582 1560 ad

54 1569 153 1602 Ovid.
178 1571 272 1603 Fast.
304 1572 364 1612 Vl,
389 1573 454 1606 177
484 1573 646 1604 emendat
670 1574 885 1617 gratissima
907 1574 1046 1615 Delas,
1083 1574 1257 1618 probante
1284 1575 1482 1608 Burmanno
1513 1577 1583 1608 Se-

53 1617 166 1648 cundo
190 1617 233 1649 ad
253 1617 397 1650 Authol.
418 1620 517 1651 Poet.
536 1620 612 1652 Lat.
633 1632 667 1663 p.
693 1620 783 1660 460,
809 1620 908 1652 addit
929 1621 1114 1653 Schrader.
1136 1621 1335 1654 Emendatt.
1359 1633 1388 1653 c·
1409 1621 1444 1663 3,
1463 1633 1498 1665 p.
1521 1622 1579 1656 39.

54 1663 148 1707 quod
170 1664 219 1696 sic
238 1676 376 1709 quoque
397 1665 433 1697 in
450 1665 521 1698 Ciri
541 1679 571 1700 v.
593 1665 663 1701 473
680 1666 822 1710 legitur.
870 1669 916 1701 Et
934 1667 1044 1700 habet
1061 1680 1145 1701 sane
1167 1680 1236 1712 quo
1260 1668 1407 1713 placeat.
1443 1668 1579 1702 Videa—

51 1784 92 1810 v.
114 1784 146 1808 e.
169 1770 313 1822 Odyss.
333 1787 360 1820 ι,
388 1770 454 1812 65.
484 1774 551 1813 66.
612 1769 783 1825 (Trium,

51 1841 150 1878 quas
178 1829 345 1877 statuit,
378 1829 529 1866 mortui
555 1831 782 1869 conclama—

51 1885 209 1924 tionum
240 1885 344 1923 lianc
380 1886 541 1924 tertiam
572 1888 691 1926 fuisse
728 1890 785 1927 ait

49 1942 275 1982 Markland.
297 1958 317 1980 a
340 1943 449 1982 lahn.
472 1945 580 1983 laud.
608 1946 660 1983 ad
683 1948 784 1986 Stat.

49 2002 88 2039 S.
121 2002 167 2048 V,
200 2002 226 2048 l,
259 2005 354 2043 227.
421 2004 538 2040 Certe
572 2002 668 2041 haec
702 2020 782 2043 non

49 2060 334 2108 conclamatio,
364 2060 433 2097 sed
461 2061 692 2100 acclamatio
717 2064 782 2101 di-

48 2117 174 2155 cenda
205 2124 312 2166 erat5
344 2118 425 2155 vid.
453 2119 499 2155 N.
535 2120 587 2157 ad
616 2119 713 2159 Aen.
751 2122 781 2170 Ι,

47 2177 145 2216 219.
185 2174 298 2229 an)
374 2176 497 2223 Quod
524 2178 782 2217 Burmannus

46 2234 230 2270 αηίιηαηι
248 2247 321 2284 pro
345 2247 513 2285 corpore
536 2236 599 2273 vel
620 2235 781 2275 homine

48 2289 196 2327 dictam
218 2292 295 2339 ait,
325 2305 567 2342 quamquam
587 2294 629 2331 id
651 2295 778 2333 inter-

47 2347 164 2392 dum,
196 2349 264 2385 sed
285 2349 325 2386 in
347 2350 432 2386 aliis
451 2352 670 2401 sententiis,
693 2353 779 2391 fieri

47 2411 202 2442 certum
226 2413 305 2454 est,
330 2406 368 2444 h.
392 2407 415 2444 l.
437 2413 571 2446 tamen
591 2410 659 2447 vix
679 2424 780 2449 con-

46 2463 179 2511 venit;
227 2478 396 2514 corpore
434 2467 538 2503 enim
576 2467 778 2518 insepulto

46 2526 214 2569 vagatur
246 2522 397 2567 anima,
446 2524 604 2574 sepulto
641 2532 777 2564 autem

45 2577 152 2615 redit
188 2578 236 2615 ad
278 2579 452 2628 quietem
491 2582 685 2631 sepulcri,
732 2591 778 2622 ut

44 2635 143 2672 bene
164 2636 338 2683 Servius,
357 2638 423 2687 qui
452 2638 500 2674 ad
524 2637 563 2676 h.
583 2639 606 2676 l.
630 2641 775 2678 viden-

45 2692 144 2741 dus,
187 2693 268 2731 sive
307 2700 352 2731 ut
393 2695 640 2744 aliquamdiu
684 2712 773 2735 eum

44 2764 212 2801 corpore
245 2751 308 2789 vel
342 2751 473 2788 cinere
508 2753 652 2801 duret,
693 2756 776 2794 sive

44 2814 90 2846 ut
110 2808 203 2845 inde
225 2809 311 2846 loca
331 2809 456 2846 infera
478 2810 668 2861 sedesque
686 2813 774 2850 Ma-

44 2865 154 2903 nium
184 2867 344 2915 subeat,
394 2881 486 2904 nam
527 2882 667 2919 inagna
702 2885 772 2909 su-

43 2924 286 2975 perstitionis
304 2924 409 2962 cirea
429 2924 527 2963 haec
549 2926 771 2967 diversitas.

843 1775 891 1812 cs.
911 1775 961 1812 ad
981 1774 1126 1813 Tibull.
1149 1774 1214 1823 Ill,
1235 1777 1275 1823 2,
1301 1774 1365 1817 15.
1424 1775 1579 1815 Anima

844 1846 936 1884 ergo
966 1833 1150 1870 comlc'mr
1170 1833 1350 1883 sepulcro
1365 1862 1375 1880 ,
1422 1847 1506 1871 non
1535 1836 1578 1871 in

842 1892 1049 1941 sepuler0;
1090 1890 1181 1938 sed,
1220 1891 1402 1941 sepulcro
1432 1891 1572 1941 sacto,

843 1949 1049 2000 sepultura
1068 1948 1250 1999 corporis
1268 1955 1442 1999 peracta.

900 2009 1103 2049 69—-72,
1126 2006 1271 2045 ornati
1294 2019 1445 2045 versus.
1474 2007 1575 2045 Cum

841 2065 1017 2116 primum
1056 2064 1225 2102 ineunte
1262 2078 1356 2102 vere
1395 2065 1574 2116 navigari

840 2129 992 2173 posset,
1032 2123 1180 2160 iterum
1219 2135 1341 2160 naves
1379 2136 1573 2161 conscen—

840 2180 983 2218 dimus.
1044 2189 1180 2218 (ηας-[εν
1197 2179 1236 2218 h.
1254 2180 1280 2218 l.
1297 2194 1378 2218 non
1398 2181 1573 2234 proprie,

839 2253 932 2276 nam
963 2252 1012 2276 ex
1039 2238 1211 2276 Thracia
1246 2240 1394 2277 evectis
1425 2240 1458 2277 is
1490 2254 1571 2277 non

837 2303 970 2348 potest
1026 2310 1107 2333 esse
1164 2296 1366 2335 secundus
1425 2304 1572 2336 ventus

840 2353 974 2406 (etiam
1011 2355 1120 2406 apud
1162 2354 1383 2393 Homerum
1419 2353 1570 2407 ἄνεμον

838 2414 987 2464 βορέην
1001 2412 1129 2463 Ulyssi
1144 2426 1193 2449 ex
1210 2412 1381 2450 Thracia
1398 2413 1570 2451 solventi

837 2471 965 2508 mittit
986 2470 1138 2521 Iupiter
1157 2470 1301 2520 Odyss.
1323 2486 1349 2519 ι,
1377 2470 1471 2523 67);
1500 2471 1570 2508 sed

836 2526 876 2566 h.
906 2529 929 2568 l.
959 2542 1033 2579 pro
1051 2533 1173 2566 vento
1196 2527 1372 2565 omnino.
1392 2551 1449 2556 —-
1470 2529 1569 2566 lenis

836 2588 1037 2635 crepitans
1050 2614 1059 2631 ,
1096 2599 1133 2623 v.
1154 2585 1199 2622 V.
1219 2585 1261 2622 L.
1328 2587 1450 2623 Vena·
1469 2588 1569 2624 (lant

836 2646 968 2680 νηιίνίτι
1002 2644 1205 2692 placalcl,
1261 2648 1459 2692 quatenus
1492 2644 1570 2696 ipsi

835 2706 930 2737 sunt
948 2701 1111 2750 placati
1126 2730 1135 2747 ,
1171 2699 1328 2750 placidi.
1362 2699 1461 2753 (vid.
1483 2703 1565 2741 Ecl.

834 2756 904 2805 IX,
932 2759 997 2799 57.
1032 2758 1165 2807 ibique
1191 2764 1276 2798 not.
1323 2758 1436 2812 lVr.)
1486 2770 1565 2798 ler—

832 2816 1186 2854 rae-rec-alutzt.·
1217 2817 1266 2854 cs.
1288 2816 1359 2855 ins.
1388 2818 1440 2855 ad
1468 2818 1564 2861 411.

891 2875 944 2913 75
968 2894 1016 2900 ·—
1042 2876 1108 2913 77.
1155 2873 1271 2912 Delus
1320 2875 1415 2912 olim
1462 2877 1564 2914 mari

832 2943 931 2981 vaga
954 2930 1115 2968 tandem
1137 2931 1242 2970 inter
1266 2932 1448 2985 Gyarum
1472 2934 1566 2986 My-
