1779 3420
172 224 274 272 386
585 207 1290 263 EXCURSUSI

173 362 311 388 rerum
331 345 663 398 interpolatorem
692 343 799 381 inter
837 340 1004 378 seriores
1035 337 1211 375 Graecos
1241 334 1421 374 extitisse
1450 346 1607 372 necesse
1638 339 1700 372 est

173 408 248 446 sub
281 405 447 457 Sisyphi
489 405 560 442 Coi
590 402 774 449 nomine,
804 413 855 436 ex
885 411 965 448 quo
996 395 1125 433 multa
1154 394 1316 447 petiisse
1347 392 1513 433 videtur
1531 392 1586 431 10.
1606 391 1698 431 Ma-

175 466 281 503 lelas.
341 463 476 502 Alium
506 463 785 505 Idomeneum,
827 455 901 508 (ita
943 454 1049 492 enim
1080 451 1238 492 mentiti
1269 458 1366 490 sunt
1394 451 1557 490 nomina
1588 450 1700 489 anti-

175 536 350 574 quorum
379 521 571 568 heroum,
619 531 691 556 nec
735 516 783 553 de
826 514 1038 551 ldoineneo
1081 509 1321 564 philosopho
1363 523 1383 547 e
1424 508 1571 548 Schola
1600 508 1701 560 Epi-

176 581 262 619 curi
294 578 551 631 cogitandum
587 588 667 613 esse
699 570 816 626 puto)
861 570 930 622 qui
963 570 1006 611 ἐν
1035 567 1183 624 πρώτῳ
1221 570 1418 622 Τρωῖκαῖν
1444 567 1647 605 excitatur
1677 579 1702 602 a

183 638 317 677 Schol.
357 635 560 688 Apollonii
604 637 694 683 Arg.
734 631 763 680 I,
808 632 905 671 916.
948 628 997 666 de
1039 628 1197 666 Electra
1227 625 1423 674 Dardani,
1458 625 1631 663 Eetionis
1660 629 1702 661 et

177 695 421 736 Harmoniae
460 699 600 731 matre.
668 690 837 727 Videtur
877 687 944 724 ille
983 684 1237 725 Hellanicum
1277 696 1359 721 esse
1400 688 1614 733 sequutus,
1661 687 1703 719 et

178 769 269 793 eum
301 755 406 792 forte
445 757 649 789 auctorem
682 746 829 785 habuit
859 745 1026 783 Nonnus
1056 743 1219 794 Dionys.
1250 741 1315 788 111,
1350 743 1444 782 115-
1481 743 1573 782 132.
1604 738 1701 780 274.

178 813 247 852 ubi
278 811 418 850 similia
449 813 683 847 narrantur.
743 805 798 844 At
827 805 996 842 Daretis
1035 801 1211 851 Phrygii
1251 799 1301 837 de
1331 798 1489 836 excidio
1525 797 1702 836 Troiano

179 871 337 909 libellus
368 867 479 906 haud
510 865 630 903 dubie
664 864 848 916 ineptum
874 861 1045 912 aliquem
1076 858 1308 911 Sophistam
1337 856 1460 895 habet
1496 861 1704 894 auctorem

185 935 226 967 et
258 924 559 966 declamationis
601 922 734 975 potius
764 934 887 972 genus
920 917 1155 966 constituit,
1194 930 1274 967 quo
1306 921 1521 967 poetarum
1549 913 1704 953 fabulas

180 988 223 1024 in
257 984 450 1024 historiae
479 981 747 1035 pragmaticae
766 980 937 1017 formam
970 976 1182 1014 deflectere
1202 973 1455 1026 propositum
1485 978 1555 1011 est.
1595 970 1705 1009 Cha-

178 1050 353 1082 racteres
380 1041 574 1087 heroum,
609 1052 710 1090 quos
741 1036 939 1083 intexuit,
971 1040 1067 1073 sunt
1099 1046 1150 1071 ex
1181 1036 1353 1086 μελετῶν
1381 1043 1536 1082 genere,
1567 1030 1704 1068 cuius-

180 1102 289 1140 modi
318 1099 466 1152 passim
496 1097 591 1136 alibi
621 1101 859 1135 occurrunt.
918 1094 980 1131 Ex
1011 1092 1153 1143 Dictye
1183 1089 1341 1142 repetiit
1371 1095 1496 1127 Isaac
1515 1087 1704 1138 Porphy-

179 1166 380 1211 rogemzel.
407 1171 443 1209 p.
466 1155 549 1198 304
572 1169 656 1206 sqq.
688 1155 728 1192 in
750 1152 843 1206 περὶ
875 1154 959 1192 τῶν
981 1148 1337 1200 καταλειφθέντων
1370 1144 1450 1187 ὑπὸ
1482 1149 1554 1187 τοῦ
1575 1141 1704 1197 Ὁμή-

185 1233 286 1270 ρου.·
320 1228 421 1267 quae
452 1220 548 1252 sunt
579 1211 878 1251 Posthomerica
909 1209 1111 1248 rhetorice
1142 1206 1349 1258 exposita5
1381 1206 1488 1243 edita
1519 1204 1560 1242 in
1590 1203 1705 1241 Alla-

185 1276 227 1314 tii
261 1275 475 1324 E'xoetptas
507 1274 632 1309 variis
665 1269 756 1324 (Ro.
791 1268 915 1317 1641,
946 1266 991 1320 8)
1025 1281 1063 1319 P·
1097 1268 1193 1307 259.
1256 1264 1440 1303 Eiusdem
1480 1267 1577 1299 sunt
1607 1261 1705 1299 cha-

180 1339 356 1372 racteres
387 1332 636 1369 Graecorum
675 1335 715 1366 et
745 1329 1042 1374 Romanorum,
1076 1338 1176 1375 quos
1205 1322 1441 1374 Rutgersius
1470 1320 1595 1358 edidit
1612 1320 1705 1359 Var.

182 1393 286 1429 lieet.
318 1390 365 1438 V,
409 1392 476 1430 20.
536 1387 713 1426 Melioris
751 1392 872 1424 notae
911 1390 970 1421 est
1001 1384 1272 1434 fragmentum
1313 1383 1394 1420 τῶν
1433 1381 1626 1429 Τρωϊκών
1656 1390 1706 1415 ex

184 1450 281 1488 Cod.
311 1447 448 1486 XXIV
482 1446 762 1485 Bibliothecae
801 1441 1044 1496 Uffenbaclz.
1079 1441 1119 1479 P.
1148 1440 1194 1488 ΙΙ,
1225 1453 1263 1490 p.
1300 1438 1562 1485 655—686‚
1597 1435 1707 1486 quod

184 1505 497 1545 Antehomerica
545 1504 829 1556 complectitur
871 1500 1078 1550 multaque
1126 1497 1250 1536 habet
1293 1509 1395 1548 quae
1434 1508 1526 1533 cum
1563 1495 1708 1532 Tzetza

184 1565 444 1604 conveniunt.

298 1622 429 1660 Fuere
464 1620 583 1658 etiam
622 1619 717 1657 olim
753 1613 916 1668 Τρωϊκά
946 1612 1210 1664 Palaephalo
1236 1611 1413 1659 tributa,
1445 1610 1515 1648 sed
1541 1609 1709 1648 iunioris

186 1679 470 1728 Grammatici,
525 1677 704 1716 eiusdem
744 1676 850 1713 forte
889 1672 1083 1720 nominis,
1121 1671 1237 1709 setus.
1285 1683 1324 1708 v.
1355 1668 1499 1706 Suidas
1529 1667 1567 1706 h.
1600 1681 1639 1706 v.
1671 1672 1709 1704 et

188 1740 300 1777 Voss.
331 1739 381 1777 H.
414 1738 483 1775 Gr.
516 1736 570 1774 ΙΙΙ
599 1735 640 1773 h.
673 1748 713 1773 v.
776 1734 836 1771 Ex
866 1732 913 1770 iis
952 1731 1211 1782 depromtum
1251 1740 1333 1764 esse
1366 1726 1550 1775 videtur,
1598 1724 1709 1775 quod

187 1798 373 1835 Servium
405 1794 571 1833 laudare
601 1792 720 1832 video
754 1791 807 1828 ad
836 1791 904 1828 lib.
936 1790 1001 1838 ΙΙΙ,
1034 1790 1059 1829 8
1094 1786 1304 1837 „quamvis
1326 1783 1591 1836 Palaephatus
1624 1789 1709 1820 tra-

188 1855 306 1905 „dat,
338 1860 454 1906 capto
486 1853 559 1891 Ilio
595 1852 770 1889 Aeneam
801 1854 893 1901 post
935 1845 1155 1886 triennium
1202 1843 1418 1894 navigasse.
1433 1844 1456 1864 “
1515 1842 1625 1880 Idem
1661 1840 1710 1878 de

187 1913 292 1952 Anio
322 1925 413 1963 rege
444 1917 485 1949 et,
527 1909 734 1947 sacerdote
778 1911 933 1958 egerat,
965 1919 1004 1944 v.
1036 1903 1209 1942 eundem
1252 1901 1304 1939 ad
1334 1901 1407 1949 ΙΙΙ,
1440 1903 1518 1949 80,
1561 1899 1711 1937 scilicet

189 1971 411 2009 secundum
443 1968 688 2019 antiquiores
714 1996 724 2015 ‚
756 1979 856 2016 quos
882 1963 1158 2014 exscripserat.
1226 1960 1290 1997 Ad
1324 1972 1415 1997 eum
1447 1959 1554 1996 loan.
1583 1957 1711 1995 Male-

188 2029 250 2066 lae
280 2041 440 2080 quoque
470 2028 604 2064 locum
634 2026 764 2063 resero
786 2023 1006 2073 Chronogr.
1029 2035 1066 2072 p.
1091 2021 1184 2062 101.
1244 2019 1387 2056 Troica
1407 2016 1580 2054 Abantis
1602 2014 1712 2067 apud

190 2087 377 2125 Servium
411 2084 463 2123 ad
494 2085 590 2123 Aen.
620 2084 692 2132 IX,
724 2082 808 2124 264-
844 2085 1062 2118 memorata
1097 2077 1228 2116 video.
1287 2077 1350 2114 Ex
1386 2074 1449 2113 his
1486 2088 1532 2113 ac
1567 2073 1712 2111 simili-

190 2145 286 2194 bUS,
318 2144 385 2195 qui
415 2149 595 2190 veteres,
627 2155 724 2192 quas
756 2139 989 2187 narrabant,
1020 2135 1208 2174 historias
1238 2134 1358 2173 simul
1387 2132 1712 2184 interpretaban—

190 2209 283 2251 tur,
323 2202 488 2240 fluxisse
529 2200 722 2239 videntur
766 2197 941 2235 absurda
982 2198 1230 2237 commenta,
1273 2192 1417 2243 quibus
1443 2191 1711 2229 contaminata

193 2267 253 2298 est
281 2259 445 2298 Troiani
475 2258 623 2296 excidii
649 2256 829 2295 Historia
859 2256 900 2293 in
932 2254 1123 2300 fflalela,
1170 2252 1365 2298 Ceclreno,
1410 2250 1515 2287 sorte
1558 2254 1598 2286 et
1628 2247 1714 2285 aliis

195 2318 421 2366 Graeculis,
463 2317 533 2367 qui
574 2329 624 2353 ex
665 2315 909 2353 telesmatica
947 2318 987 2349 et
1017 2310 1226 2361 astrologia
1260 2309 1388 2347 multa
1417 2308 1598 2345 intexere
1629 2305 1715 2344 ausi

195 2382 314 2424 sunt,
347 2389 385 2413 v.
418 2388 449 2411 c.
483 2374 532 2411 de
562 2373 739 2412 Palladio
771 2379 859 2420 etc„
892 2370 965 2408 alia
996 2375 1127 2407 autem
1163 2367 1369 2418 allegorice
1402 2377 1626 2416 exponere,
1669 2369 1715 2400 ut

199 2433 322 2484 ipsius
369 2434 533 2469 Tzetzae
575 2431 784 2482 allegoriae
830 2430 1063 2466 Homericae
1099 2427 1140 2463 in
1186 2424 1438 2463 bibliothecis
1478 2427 1715 2469 servantur,

197 2503 369 2541 quarum
411 2489 551 2526 similia
593 2490 720 2526 multa
759 2488 802 2525 in
843 2485 1089 2523 Chiliadibus
1134 2482 1332 2534 apposuit.
1390 2480 1481 2519 Non
1513 2492 1558 2516 eo
1591 2491 1715 2528 usque

199 2547 388 2586 audaciae
423 2552 518 2584 sunt
548 2546 764 2597 progressi,
797 2544 865 2581 sed
896 2544 1003 2581 intra
1036 2542 1184 2592 Dictyis
1215 2541 1295 2577 sere
1337 2545 1377 2576 et
1412 2537 1568 2574 Daretis
1602 2551 1716 2574 com—

200 2611 331 2644 menta
362 2604 631 2642 substiterunt
662 2603 875 2654 scriptores
902 2600 1108 2638 deterioris
1133 2598 1217 2636 aevi
1248 2596 1376 2644 latini,
1409 2601 1454 2633 ut
1474 2595 1716 2643 Illincmclas,

200 2669 240 2701 et
280 2662 348 2713 qui
387 2674 479 2698 eum
509 2661 728 2712 excerpsit,
776 2661 1013 2698 Vincentius
1051 2656 1349 2694 [Kellormwnsis—
1379 2653 1534 2705 Specul.
1566 2652 1715 2691 Histor.

200 2721 268 2759 lib.
302 2719 364 2768 ΙΙΙ,
400 2722 466 2767 62,
500 2718 592 2755 item
627 2719 763 2755 (luido
794 2718 841 2753 de
879 2717 1075 2753 Columna
1117 2714 1156 2751 in
1198 2713 1376 2750 llistoria
1409 2712 1581 2749 Troiana
1612 2710 1717 2748 circa

205 2780 314 2820 1287
345 2776 491 2828 scripta
523 2782 563 2813 et
597 2776 706 2817 1477
741 2774 868 2821 edita3
896 2786 996 2823 quae
1028 2772 1059 2809 si
1091 2771 1177 2821 quis
1210 2784 1289 2808 non
1322 2770 1568 2818 meminerit,
1609 2768 1719 2808 unde

203 2836 326 2874 ducta
364 2836 466 2882 sint,
507 2848 587 2871 non
620 2847 760 2885 parum
793 2831 978 2879 haereat,
1018 2829 1049 2867 si
1083 2834 1140 2866 tot
1171 2828 1371 2866 inauditas
1400 2842 1463 2865 res
1495 2841 1517 2865 a
1547 2827 1718 2879 scripto-

202 2894 315 2933 ribus
336 2892 587 2944 superiorum
618 2891 867 2929 sacculorum
891 2889 965 2928 sub
986 2889 1068 2939 ipsa
1101 2888 1326 2925 litterarum
1358 2886 1601 2925 incunabula
1620 2898 1718 2923 nar-

203 2951 283 2990 rari
316 2949 463 2989 videat.
