1827 3436
464 260 586 307 AD
659 248 1083 301 LIBRUM
1155 245 1213 292 ΙΙ
1495 247 1595 292 387

208 396 414 432 Romanos
443 395 615 439 poetas,
672 377 968 431 antiquissimos
1010 374 1194 426 quidem,
1232 371 1334 411 nihil
1373 369 1482 408 aliud
1519 369 1600 407 sere

91 453 234 505 egisse,
268 462 386 500 quam
418 452 465 483 ut
496 445 647 483 Graeca
676 439 798 478 latine
829 439 1125 481 converterent,
1157 431 1206 470 ab
1235 430 1297 468 his
1319 435 1453 466 autem
1474 432 1602 463 aetate

89 510 306 564 proximos,
337 511 377 542 et
407 503 568 541 omnino
591 494 977 552 praestantissimum
1009 503 1205 541 quemque
1236 494 1418 540 poetam,
1451 486 1603 522 Graeca

91 568 214 607 latine
244 562 502 615 expressisse,
543 557 733 596 Graeciae
762 553 881 591 flores
910 551 950 588 in
984 548 1175 587 viridaria
1206 547 1387 584 Romana
1418 548 1604 580 transtu—

90 627 199 672 lisse,
231 629 271 660 et
292 620 452 659 omnino
483 631 533 655 ex
565 614 724 654 Graecis
753 609 967 663 profecisse
997 608 1135 653 unice,
1183 605 1235 642 ad
1277 613 1495 651 eorumque
1531 612 1604 636 ex-

93 682 268 733 emplum
306 678 509 731 poeticum
551 674 719 724 aliquem
764 680 1008 714 sermonem,
1049 664 1118 715 qui
1155 677 1175 700 a
1217 661 1392 714 pedestri
1424 657 1606 697 oratione

93 741 210 793 plane
242 738 451 788 discrepat,
482 733 769 776 conformasse,
799 727 840 764 in
872 725 1049 762 confesso
1081 728 1152 759 est.
1212 722 1381 766 Ennius,
1413 716 1483 767 qui
1511 714 1606 752 ssia-

97 799 158 836 dis
181 797 290 835 rivos
318 795 359 832 in
389 792 561 830 Annales
592 803 683 827 suos
709 783 915 831 traduxit,
947 779 1186 831 Tragoedias
1207 778 1341 830 plures
1366 775 1487 813 latine
1508 786 1606 810 con-

96 859 294 894 verterat:
320 858 359 889 et
380 852 434 888 sic
452 848 604 899 Tragici
626 860 671 884 ac
688 842 835 882 Comici
855 846 1007 879 veteres
1026 840 1107 875 sere
1129 849 1266 874 omnes
1289 832 1515 872 faciendum
1534 829 1609 867 sibi

98 916 354 965 putaverant.
413 907 491 946 Sed
523 907 572 943 de
602 904 680 942 hoc
710 914 819 939 nunc
851 912 930 936 non
963 896 1116 948 agitur,
1155 907 1298 933 verum
1327 891 1489 929 Iliadem
1521 888 1610 926 Ho-

99 971 197 1009 meri
229 967 491 1007 transtulerat
526 965 598 1001 Cn.
635 962 837 1005 Mattius,
881 962 919 992 et
962 956 1111 1006 Cypria
1141 954 1325 989 carmina
1360 950 1466 986 insra
1495 945 1611 984 vide-

99 1030 230 1067 bimus
260 1041 280 1063 a
312 1026 476 1063 λὶιενίο
507 1021 631 1059 latine
661 1020 792 1065 facta,
836 1021 894 1062 ct,
927 1012 957 1049 si
987 1012 1052 1049 alii
1082 1011 1187 1048 inter
1219 1010 1420 1046 Romanos
1452 1017 1610 1043 memo-

100 1092 263 1133 rantur,
297 1083 362 1133 qui
394 1086 674 1132 argumentum
703 1075 797 1114 belli
820 1070 982 1110 Troiani
1013 1073 1254 1115 tractarunt,
1286 1072 1334 1104 ut
1358 1067 1506 1102 Macer
1527 1061 1612 1098 An-

103 1142 366 1186 tehomerica,
417 1153 454 1176 v.
487 1136 605 1176 Ovid.
639 1135 673 1172 ΙΙ
704 1135 792 1171 Am.
825 1133 896 1178 18,
930 1134 968 1165 et
999 1125 1306 1171 Posthomerica,
1339 1123 1371 1160 ΙΙ
1403 1135 1454 1158 ex
1486 1121 1613 1158 Ponto

108 1205 172 1248 10,
207 1203 271 1248 13,
308 1199 402 1235 item
436 1197 691 1240 Cauterium,
737 1190 792 1228 IV
821 1201 871 1225 ex
901 1187 1028 1224 Ponto
1064 1188 1127 1232 16,
1161 1187 1198 1231 6,
1236 1183 1305 1220 ubi
1344 1195 1380 1218 v.
1414 1184 1519 1225 not.,
1565 1189 1615 1212 ex

106 1258 265 1297 Graecis
296 1257 378 1293 fere
410 1268 474 1291 eos
506 1267 576 1290 sua
608 1249 831 1294 effinxisse,
864 1244 1090 1295 exemplum
1118 1254 1281 1287 eorum,
1322 1238 1389 1288 qui
1421 1234 1617 1287 supersti—

106 1325 167 1356 tes
198 1321 314 1362 sunt,
364 1312 525 1350 credere
564 1309 686 1347 iubet.
757 1306 903 1343 Verum
937 1302 986 1338 de
1019 1301 1183 1338 Latinis
1222 1297 1463 1335 llonzerisnls»
1501 1293 1618 1330 docte

111 1388 218 1413 nunc
240 1372 314 1422 egit
336 1367 590 1418 I‘Vernfsclms.
619 1367 659 1404 in
682 1367 797 1402 Poet.
820 1363 960 1398 minor.
989 1359 1032 1396 T.
1067 1357 1130 1405 IV,
1159 1370 1197 1407 p.
1221 1354 1315 1396 565.
1338 1355 1421 1394 568
1442 1364 1497 1401 sq.
1522 1350 1617 1392 579.

224 1428 379 1467 Munita
408 1428 485 1465 iam
520 1431 557 1463 et
584 1425 781 1475 patefacta
811 1424 867 1457 est
897 1418 982 1463 via,
1022 1421 1069 1452 ut
1113 1412 1301 1451 accedere
1331 1410 1528 1462 possimus
1568 1406 1620 1444 ad

110 1489 175 1537 id,
217 1488 329 1526 cuius
359 1499 495 1523 caussa
526 1489 653 1521 totam
690 1480 795 1517 hanc
825 1473 1133 1527 disputationem
1164 1470 1427 1521 suscepimus,
1466 1472 1512 1504 ut
1540 1464 1621 1501 sci-

113 1549 205 1585 licet
236 1556 493 1596 quaeramus,
525 1554 641 1592 quem
664 1538 923 1589 potissimum
953 1547 1001 1569 ex
1032 1529 1225 1568 veteribus
1254 1528 1385 1578 poetis
1421 1523 1623 1574 Virgilius

115 1608 156 1643 ιή
187 1603 339 1640 excidio
377 1603 548 1638 Troiano
578 1596 800 1634 enarrando
831 1598 1018 1642 sequutus
1047 1590 1113 1625 sic.
1165 1588 1257 1624 Esse
1276 1584 1386 1622 hunc
1415 1582 1519 1619 inter
1544 1593 1624 1627 eos,

116 1662 186 1713 qui
215 1658 463 1705 interierint,
495 1656 608 1694 facile
638 1652 892 1703 intelligitur,
925 1645 1252 1698 quandoquidem
1281 1655 1355 1680 nec
1381 1639 1625 1691 cyclicoruin

116 1725 324 1772 poetarum
348 1716 500 1766 aliquis,
532 1726 604 1751 nec
634 1724 773 1749 eorum
803 1708 1023 1759 quisquam,
1055 1703 1123 1754 qui
1146 1700 1321 1754 proximi
1352 1703 1482 1736 aetate
1501 1697 1626 1742 suere,

119 1777 362 1825 omninoque
402 1774 469 1824 qui
500 1778 592 1809 ante
623 1768 831 1820 Virgilium
861 1765 1020 1810 vixere,
1063 1761 1114 1798 ad
1144 1765 1283 1797 nostra
1314 1764 1496 1807 tempora
1529 1766 1628 1804 per-

119 1835 244 1874 venit.
303 1832 450 1870 Sedula
480 1837 614 1867 tamen
645 1827 866 1865 multarum
895 1834 1033 1860 rerum
1064 1824 1103 1855 et
1133 1831 1272 1855 eorum
1302 1813 1502 1866 inprimis,
1545 1809 1627 1861 qui,

121 1893 287 1931 seriores
318 1889 491 1941 quidem,
525 1894 681 1925 veteres
710 1891 843 1922 tamen
875 1878 1184 1929 exscripserunt,
1216 1881 1256 1912 et
1285 1871 1460 1910 Tabulae
1489 1869 1630 1906 Iliacae

123 1965 144 1988 a
174 1950 363 1987 Fabretto
396 1947 598 1996 vulgatae,
649 1944 690 1980 in
722 1955 801 1992 qua
832 1944 1014 1976 auctores
1045 1932 1234 1984 adscripti
1266 1936 1382 1978 sunt,
1425 1941 1506 1966 una
1538 1939 1631 1963 cum

122 2007 335 2059 Polygnoti
372 2005 510 2043 tabula
551 2001 658 2053 apud
700 1997 955 2044 Pausaniam,
996 1991 1315 2043 comparatione,
1357 1999 1467 2024 nunc
1497 1989 1632 2021 autem

127 2066 256 2104 multo
288 2063 408 2114 magis
450 2075 498 2099 ex
537 2059 668 2098 Procli
704 2058 943 2106 Fragiliento
986 2051 1209 2088 coniectare
1249 2047 1360 2093 licet,
1409 2043 1634 2093 Visgilizmz

122 2125 378 2174 polis-simma
407 2120 565 2157 Arclz'ni
600 2113 728 2156 Ἰλίου
759 2114 944 2163 πέρσιδα,
977 2117 1012 2146 et
1041 2122 1133 2145 cum
1163 2107 1241 2143 hac·
1260 2102 1431 2142 Leselzei
1459 2099 1635 2138 Iliadem

122 2194 298 2231 parvam
327 2179 584 2227 expres-sisse,
619 2174 742 2211 multa
771 2178 926 2215 tamen,
967 2172 1016 2204 ut
1054 2166 1157 2202 infra
1197 2163 1240 2200 in
1279 2158 1440 2210 singulis
1482 2155 1635 2195 videbi-

130 2251 241 2285 mus,
272 2236 417 2287 passini
447 2248 494 2271 ex
528 2234 694 2269 Graecis
725 2227 964 2279 tragoediis,
998 2222 1178 2274 inprimis
1210 2217 1444 2267 Eurc'ln'clis,
1489 2213 1636 2251 hausta

131 2294 433 2340 intel-texuisse,
474 2289 585 2340 quod
613 2295 675 2326 tot
704 2288 791 2325 loca
831 2298 880 2322 ex
910 2281 1073 2320 Hecuba
1114 2285 1154 2316 et
1183 2275 1408 2314 Troadibus
1446 2270 1638 2309 traducta

133 2354 297 2401 docent,
338 2356 386 2387 ut
416 2348 577 2386 omnino
608 2344 836 2396 Euripidem
869 2340 1085 2392 plurimum
1110 2336 1298 2375 videatur
1327 2330 1513 2383 probasse
1543 2327 1638 2365 Vir—

133 2411 260 2462 gilius.
320 2406 442 2456 Quod
473 2411 605 2442 autem
636 2409 772 2454 poetae
801 2400 976 2437 animum
1007 2394 1185 2446 inprimis
1215 2392 1266 2428 ad
1295 2387 1519 2439 tragoedias
1549 2385 1640 2422 fru-

135 2475 323 2517 ctumque
351 2465 444 2502 inde
476 2463 526 2500 ad
559 2461 785 2499 ornandum
826 2457 981 2508 epicum
1023 2465 1184 2490 carmen
1222 2448 1470 2487 uberrimum
1499 2448 1641 2495 peten—

136 2526 233 2563 dum
265 2523 395 2575 potuit
425 2527 660 2559 convertere
690 2525 730 2555 et
760 2516 980 2560 adducere,
1026 2510 1105 2547 hoc
1138 2508 1257 2546 fuisse
1288 2504 1482 2550 arbitror,
1533 2498 1644 2551 quod

137 2596 276 2634 magna
307 2580 534 2619 fabularum
566 2580 811 2614 Graecarum
842 2586 934 2624 pars
965 2570 1013 2606 ab
1043 2567 1193 2613 Ennio,
1235 2563 1377 2610 Accio,
1414 2559 1526 2597 Livio
1555 2557 1643 2595 An-

140 2640 326 2686 dronico,
356 2638 529 2684 Naevio,
562 2634 756 2681 Pacuvio,
787 2632 986 2676 Varrone,
1027 2627 1161 2663 forsan
1194 2628 1234 2660 et
1264 2621 1371 2667 aliis,
1411 2617 1532 2655 latine
1560 2619 1646 2652 erat

141 2710 342 2735 conversa.
402 2695 597 2732 Proficere
636 2706 687 2729 ex
715 2691 777 2729 his
817 2695 932 2740 poeta
964 2698 1044 2723 non
1075 2695 1216 2734 parum
1249 2678 1385 2716 debuit
1413 2688 1495 2712 non
1525 2671 1645 2711 modo

143 2755 194 2791 ad
224 2752 462 2792 narrationis
492 2751 748 2797 varietatem,
779 2760 920 2785 verum
950 2742 1079 2780 multo
1101 2738 1221 2789 magis
1251 2736 1301 2773 ad
1333 2730 1522 2771 orationis
1546 2741 1647 2782 poe-

147 2811 265 2858 ticae,
313 2811 375 2847 cui
418 2808 680 2846 elaborandae
719 2805 900 2856 inprimis
937 2798 1147 2845 studebat,
1192 2794 1426 2845 dignitatem
1457 2794 1496 2826 et
1526 2800 1648 2825 orna-

147 2874 242 2904 tum.
303 2867 385 2904 Etsi
414 2868 518 2904 enim
549 2864 812 2903 diversissima
841 2862 893 2899 sit
925 2858 1090 2907 tragicae
1121 2854 1332 2904 epicaeque
1362 2844 1553 2886 orationis
1583 2844 1648 2880 in-

147 2924 278 2970 doleS‚
327 2930 456 2961 tamen
494 2923 645 2972 tragica
680 2922 747 2958 illa
780 2919 909 2958 oratio
942 2914 1178 2965 Virgilianae
1219 2906 1386 2946 dictioni
1415 2903 1650 2955 gravitatem

148 2981 274 3027 illam,
315 2994 433 3030 quam
464 2987 672 3031 tantopere
703 2980 920 3023 miramur,
964 2979 1003 3010 et
1035 2970 1303 3012 maiestatem,
1341 2961 1548 3001 interdum
1573 2958 1649 2998 δει-

1261 3030 1370 3077 25*
