1731 3420
107 231 167 274 14
496 214 1119 280 DISQUISI'I'IO
1194 213 1216 260 I

104 348 253 416 quod
278 349 451 414 ipsum
485 350 754 396 Homerus
787 352 875 392 aut
907 340 1037 390 vidit
1065 347 1152 388 aut
1182 334 1367 397 sensit,
1398 349 1521 383 cum
1557 350 1616 382 ex

101 429 217 468 toto
251 417 377 467 belli
411 416 627 466 Troiani
673 414 901 463 decursu
941 426 1110 459 unum
1145 407 1394 463 heroem,
1441 419 1615 453 unum

103 488 328 545 sactum,
387 486 600 549 selegit„
657 484 892 548 ideoque
932 478 1151 528 infinitis
1194 475 1303 524 aliis
1348 472 1510 521 rebus
1556 489 1616 522 ex

105 560 251 608 istius
283 557 409 605 belli
449 555 665 604 historia
705 552 769 602 ad
803 547 1167 600 exornandum
1203 554 1255 593 et
1287 541 1616 609 amplifican-

106 628 237 678 dum
276 634 651 691 argumentum
682 631 825 671 recte
854 621 930 668 uti
966 617 1150 684 potuit.
1223 617 1339 662 Hoc
1368 629 1480 661 uno
1517 629 1614 662 suo

107 698 299 747 iudicio
334 696 559 761 plurima
590 691 850 759 praeclara
885 687 1127 738 carminis
1158 685 1235 733 sui
1268 682 1528 749 praesidia
1565 692 1617 732 et

104 767 407 817 uberrimos
435 764 634 812 fructus
657 762 775 811 tulit
802 763 966 809 Maro,
1036 759 1158 806 Non
1192 770 1363 802 novus
1389 761 1440 802 et
1463 753 1617 816 igno—

107 847 188 886 tus
224 845 300 884 est
341 834 627 883 lectoribus
674 846 855 880 rerum
887 829 1178 894 priscarum
1221 824 1408 872 notitia
1445 822 1616 889 aliqua

109 907 322 955 imbutis
347 905 531 965 heros,
576 902 720 950 cuius
754 898 857 947 sata
890 897 975 946 ille
1005 895 1243 962 exponit,
1292 910 1394 942 nec
1429 894 1618 942 Troia·

109 992 303 1025 norum
343 988 542 1022 nomen
593 988 648 1020 ac
683 969 896 1018 fortuna
937 977 1046 1016 tam
1076 964 1326 1027 obscura,
1379 963 1508 1030 quin
1552 963 1617 1012 ab

108 1047 255 1095 initio
282 1045 451 1093 statim
474 1041 812 1089 miseratione
837 1036 1131 1085 afficiamur
1152 1043 1203 1084 et
1218 1034 1422 1083 virtutis
1447 1033 1618 1082 admi-

107 1117 325 1164 ratione.
403 1117 642 1162 Deorum
686 1118 863 1158 autem
907 1107 1261 1169 interventus,
1304 1104 1527 1153 Iunonis
1567 1112 1619 1152 et

110 1184 332 1236 Veneris
374 1183 479 1230 irae
516 1190 567 1229 et
610 1179 804 1239 studia,
861 1193 918 1226 ac
955 1185 1130 1243 partes
1173 1175 1233 1223 iis
1281 1173 1619 1233 tribuendae,

112 1254 317 1317 egregie
354 1260 501 1300 erant
539 1251 642 1298 iam
678 1249 740 1298 ab
770 1250 1009 1296 Homero
1045 1244 1311 1296 definitae.
1386 1244 1617 1306 Quando

111 1326 283 1389 itaque
310 1323 483 1387 primo
517 1320 689 1368 statim
717 1317 966 1367 Aeneidis
996 1317 1234 1380 ingressu
1266 1315 1488 1365 Iunonis
1518 1335 1618 1364 me-

108 1413 215 1443 mor
248 1397 351 1451 ira,
401 1396 686 1453 irarumque
724 1407 955 1445 caussae,
1003 1391 1233 1450 saevique
1267 1391 1469 1435 dolores
1502 1402 1619 1433 me-

110 1470 407 1512 morantur:
447 1459 566 1508 odia
587 1458 812 1508 Iunonia
845 1474 904 1505 ex
930 1459 1173 1505 Homero
1200 1459 1375 1504 statim
1405 1472 1618 1504 succur-

110 1541 234 1581 runt
254 1531 448 1593 legenti
473 1538 525 1577 et
544 1530 647 1576 iam
671 1529 733 1576 ab
763 1528 909 1575 initio
933 1542 1150 1591 gravem
1178 1525 1246 1575 de
1268 1529 1483 1576 Aeneae
1506 1524 1620 1574 for-

112 1612 236 1651 tuna
260 1598 669 1648 sollicitudinem
690 1598 996 1661 iniiciunt*).

248 1672 382 1721 VIII.
408 1672 601 1717 Poetae
624 1668 908 1716 sollertiam
932 1676 983 1715 et
1004 1682 1230 1716 acumen
1254 1665 1413 1715 etiam
1437 1666 1491 1714 in
1513 1665 1619 1714 hoc

113 1741 332 1806 spectari
351 1738 472 1787 volo
489 1779 500 1799 ,
540 1737 686 1803 quod
710 1754 819 1786 non
845 1736 1014 1785 modo
1049 1753 1109 1786 ex
1130 1735 1463 1784 nobilissima
1480 1736 1621 1784 *anti-

115 1810 322 1876 quitatis
341 1817 511 1873 parte,
552 1807 716 1873 qualis
739 1824 919 1856 rerum
944 1807 1257 1856 Troicarum
1291 1816 1393 1869 est,
1430 1822 1621 1855 verum

117 1881 274 1928 etiam
299 1895 357 1926 ex
380 1895 442 1926 eo
472 1887 774 1943 temporum
808 1877 1027 1927 articulo
1052 1877 1305 1927 Aeneidis
1333 1893 1621 1941 argumen-

114 1959 228 1998 tum
256 1948 419 2009 ‹luxit‚
460 1948 546 2012 qui
573 1948 703 1995 intra
726 1964 1018 2013 paucorum
1043 1964 1310 1996 annorum
1334 1947 1622 1996 decursum

115 2020 385 2081 ingentem
419 2018 524 2065 vim
559 2017 832 2065 illustrium
863 2016 1162 2066 facinorum
1197 2034 1254 2066 ac
1291 2016 1623 2066 memorabi-

116 2088 247 2135 lium
307 2103 518 2135 casuum
580 2088 1059 2153 conversionesque
1112 2104 1297 2137 rerum
1350 2085 1623 2135 mirabiles

117 2173 237 2205 cum
276 2156 521 2204 Graeciae
556 2165 606 2204 et
633 2158 781 2205 Asiae
818 2167 933 2206 tum
963 2157 1140 2207 Italiae
1192 2156 1620 2223 comprehendit.

114 2230 248 2276 Nam
273 2226 440 2273 exciso
467 2226 561 2275 Ilio
596 2226 694 2274 dici
712 2228 792 2275 vix
814 2236 1015 2292 potest,
1057 2237 1394 2294 quantopere
1418 2227 1621 2293 ubique

117 2295 383 2343 turbatum
432 2296 507 2346 sit.
580 2297 711 2346 Victi
755 2297 1088 2363 victoresque
1138 2297 1205 2347 ad
1253 2314 1417 2347 novas
1467 2297 1623 2347 sedes

119 2364 446 2429 quaerendas
487 2382 579 2430 per
623 2375 796 2413 totum
850 2376 1112 2416 terrarum
1162 2368 1354 2417 orbem
1400 2367 1622 2433 dispersi

118 2434 541 2495 vagal›antur**),
583 2444 634 2482 et
658 2452 837 2485 versus
865 2438 1201 2487 occidentem
1229 2439 1482 2501 maxime,
1531 2437 1622 2503 qui

118 2513 223 2551 tam
248 2520 431 2568 parum
472 2503 642 2552 adhuc
668 2506 875 2554 Graecis
897 2517 1054 2555 notus
1086 2517 1224 2571 erat,
1261 2518 1321 2558 ut
1344 2510 1521 2558 Circes
1542 2508 1622 2555 in-

119 2573 287 2621 sulam
319 2572 574 2635 (Circeios
606 2575 756 2637 Latii)
789 2593 881 2640 pro
916 2578 1159 2625 extremis
1183 2578 1474 2627 occidentis
1501 2576 1625 2626 fini-

120 2643 216 2689 bus
243 2642 462 2703 habere,
503 2652 552 2691 et
577 2643 641 2691 ad
668 2643 797 2693 hacc
817 2645 945 2708 loca,
983 2656 1255 2713 tamquam
1276 2649 1544 2713 incognita
1572 2656 1624 2696 et

236 2820 269 2868 ‘)
306 2818 414 2854 Cous.
448 2817 611 2854 Excurs.
646 2818 691 2854 1*
723 2818 774 2855 ad
801 2819 866 2857 lib.
899 2820 925 2857 l.

237 2873 292 2926 ⁰)
327 2875 507 2922 Egregius
530 2882 588 2912 est
613 2888 697 2912 cani
731 2876 768 2912 in
803 2890 884 2913 rein
914 2879 1118 2917 Strabonis
1148 2881 1258 2919 locus
1288 2882 1356 2921 lib.
1382 2882 1481 2933 [gp.
1504 2880 1559 2923 48
1581 2882 1624 2930 Β,

120 2939 158 2968 ct
179 2932 241 2969 lib.
265 2933 326 2979 ΙΙΙ,
359 2946 394 2982 1».
426 2935 500 2973 150
520 2932 563 2968 A.
