1779 3420
111 205 207 253 174

456 203 507 250 P.
549 202 905 251 VIRGILII
944 201 1323 250 MARONIS

106 332 417 391 Quassatam
445 328 614 376 ventis
634 327 789 377 liceat
813 327 1119 377 subducere
1148 328 1388 386 classem„

103 402 170 449 Et
197 398 335 447 silvis
360 407 538 464 aptare
564 399 763 457 trabes,
805 408 857 447 et
880 399 1140 462 stringere
1166 414 1373 455 remos;

107 470 161 518 Si
189 468 345 518 datur
366 468 599 529 Italiam,
632 470 786 518 sociis
813 477 865 517 et
889 483 1016 532 rege
1044 478 1282 535 recepto,

105 539 383 601 Tendere,
421 548 481 586 ut
502 538 708 587 Italiam
734 538 856 587 laeti
877 538 1197 604 Latiumque
1224 547 1496 604 petamus;

108 611 201 660 Sin
250 609 493 658 absumta
541 607 707 670 salus,

106 753 310 800 Pontus
343 747 508 796 habet
539 747 733 812 Libyae
748 787 758 805 ,

769 617 820 657 et
873 617 951 669 te,

1013 617 1166 672 pater
1217 617 1441 674 optume
1493 610 1638 655 Teu-

1536 681 1637 729 555

901 694 1067 740 crum,

809 763 910 796 nec
939 764 1060 813 spes
1097 748 1201 795 iam
1235 755 1396 795 restat
1422 747 1549 797 Iuli:

106 825 173 870 At
203 817 339 867 freta
366 816 603 866 Sicaniae
626 817 840 880 saltem,
876 817 1142 884 sedesque
1171 825 1392 882 paratas,

106 889 268 941 Unde
292 888 398 937 huc
423 886 655 951 advecti,
689 903 987 955 regemque
1009 896 1257 954 petamus
1282 891 1525 937 Acesten.

177 986 525 1036 552.REMos

204 1148 270 1183 551
300 1155 408 1180 vento
436 1148 561 1180 Hamb.
602 1160 655 1193 pr.

109 1203 266 1240 tangere
300 1195 426 1227 Hamb.
458 1207 528 1228 sec.

687 985 804 1034 554.
840 996 1099 1032 PETAMUS.

770 1148 842 1183 552
883 1157 1014 1195 optare
1050 1146 1221 1181 Montalb.
1254 1146 1348 1192 quod
1385 1152 1490 1178 ornat
1518 1143 1639 1177 Heins.

627 1195 696 1230 553
720 1196 927 1229 Ausoniam
956 1207 1026 1229 sec.
1056 1197 1185 1228 Moret.

107 1242 201 1275 coni.
227 1248 263 1274 at
296 1241 453 1286 sequitur
481 1242 550 1275 hoc
572 1255 603 1275 v.
634 1243 714 1277 557.
733 1249 769 1275 et
803 1242 884 1275 vide
911 1249 986 1276 not.

108 1289 190 1324 556.
216 1302 283 1322 nec
305 1301 376 1321 tam
409 1302 493 1335 spes
521 1296 594 1322 tres
623 1289 925 1334 Burm.L1l›yes
953 1289 1098 1322 Oudart.

1284 1194 1354 1229 554
1390 1201 1430 1226 αι
1458 1194 1487 1225 I.
1518 1191 1639 1224 Heius.

1090 1242 1160 1278 555
1187 1239 1304 1287 abrpu
1308 1249 1347 1275 ta
1375 1240 1470 1272 solus
1502 1241 1639 1283 Hagen.

1197 1289 1265 1323 557
1278 1255 1352 1321 PAd
1377 1294 1527 1332 quatuor
1548 1286 1642 1331 apud

108 1337 225 1368 Burm.
276 1338 469 1378 19ιεαηι“,αε
507 1337 629 1380 priore
659 1336 788 1381 longa,
823 1337 935 1369 altera
955 1336 1076 1378 brevi,
1111 1343 1150 1369 ut
1172 1337 1230 1377 ΙΙΙ,
1256 1337 1336 1370 692.
1371 1336 1472 1375 VIII,
1498 1334 1578 1368 416.
1605 1340 1642 1366 at

108 1383 187 1421 aliis
208 1383 297 1416 locis
330 1383 443 1428 prima
472 1383 587 1416 brevis
621 1390 656 1416 et
690 1384 801 1416 altera
828 1384 1020 1428 producta:
1048 1392 1185 1431 portus
1215 1395 1351 1415 zenere
1377 1383 1532 1415 Sicanos
1549 1382 1641 1422 VIII,

106 1431 191 1466 328
216 1432 262 1471 V,
287 1429 344 1466 24.
369 1431 450 1466 293.
488 1433 561 1471 VII,
587 1432 666 1467 795.
702 1432 765 1472 XI,
789 1432 870 1467 317.
908 1431 980 1464 Ecl.
1008 1431 1057 1471 X,
1082 1433 1115 1466 4.
1166 1429 1323 1463 Occunit
1343 1428 1465 1462 similis
1490 1428 1580 1461 vari
1579 1435 1641 1461 tas

109 1477 144 1511 in
165 1458 614 1535 graecis:Calli111.Di.57.
640 1476 714 1511 Αύε
735 1476 774 1512 δὲ
793 1478 1010 1533 Τρινακρίη,
1032 1475 1209 1515 Σικοὶνων
1231 1474 1382 1518 ἕδος-,
1406 1483 1441 1509 at
1460 1475 1641 1521 Lycophr.

109 1527 214 1564 1029.
241 1523 383 1569 ἔμπλην
408 1523 591 1570 Παχύνου
621 1523 791 1566 Σικανὸς
814 1523 1105 1571 προςμάσσεται.

110 1581 231 1607 temus
250 1585 319 1605 sec.
339 1573 464 1606 Hamb.
514 1576 683 1607 Acestem
708 1572 820 1606 multi.

114 1713 209 1757 195.
232 1713 422 1752 Eiusdem
453 1714 549 1753 urbs
576 1716 754 1767 Aegesta
784 1716 847 1753 in-

110 1772 338 1824 telligenda.

170 1831 267 1874 551.
294 1830 391 1873 552.
435 1831 569 1869 Liceat
600 1843 722 1869 naves
751 1829 848 1868 refi-

112 1891 222 1927 cere!
253 1888 468 1927 subducere
486 1891 681 1926 classem:
713 1884 848 1942 ἐρύειν

111 1943 283 2001 ἤπειρόν
307 1948 349 1987 δε
372 1947 562 1985 Homero.
595 1947 717 1998 vulgo
739 1951 847 1987 καθ-

113 2006 257 2046 έλκειν.
300 2001 503 2059 κατάγειν.
565 2004 661 2047 552.
690 2006 736 2043 In
770 2006 846 2042 sil-

111 2067 174 2103 vis
211 2063 341 2101 trabes
378 2072 521 2115 aptare.
563 2064 756 2112 navibus,
809 2069 848 2101 et

112 2125 304 2173 stringere
323 2122 445 2171 ferro,
478 2128 702 2174 amputare,
731 2122 846 2159 dola·-

113 2194 169 2230 re,
201 2180 397 2231 adeoque,
429 2180 471 2218 id
491 2181 603 2232 quod
633 2180 846 2230 antecedit,

113 2238 278 2278 omnino
313 2238 489 2277 incidere
525 2239 713 2288 arbores,
746 2251 847 2290 quae

111 2312 186 2348 pro
214 2299 332 2334 remi-s·
360 2298 453 2345 sint,
484 2297 524 2336 h.
548 2310 579 2336 e.
604 2311 727 2335 naves
750 2297 847 2335 refi—

114 2368 216 2393 cere.
293 2355 390 2393 Mox
427 2371 496 2393 rex
532 2370 607 2408 pro
647 2356 770 2404 duce,
803 2362 850 2393 ut

115 2425 242 2464 saepe.
303 2413 399 2456 554.
447 2415 501 2450 &a
529 2415 700 2452 llaliam
722 2422 849 2464 pela-

115 2485 228 2508 mus:
264 2470 380 2508 docte
400 2472 565 2520 omisso,
599 2485 649 2509 ex
671 2473 850 2509 Graeco—

115 2542 208 2567 rum
230 2542 353 2578 more,
374 2530 513 2578 verbo,
545 2543 565 2565 a
591 2544 670 2580 quo
692 2538 735 2567 ιιι
757 2543 849 2567 cum

116 2586 374 2625 subiunctivo
392 2588 585 2639 pendeat:
603 2588 848 2636 curabimus,

114 2645 356 2694 efficiemus,
398 2652 457 2684 ut.
517 2646 619 2682 Nam
650 2646 681 2683 si
714 2646 849 2683 conti-

118 2717 286 2741 nuares:
325 2713 467 2754 aptare
503 2703 632 2740 trabes
662 2712 697 2740 ec
731 2706 853 2740 mm-

114 2776 209 2812 gere
227 2777 369 2808 remos,
394 2776 437 2798 eo
457 2762 639 2809 consilio,
663 2770 705 2798 ul
726 2762 762 2799 ].
779 2776 849 2812 p.,

118 2820 344 2873 prosaicum
373 2819 415 2858 id
444 2821 569 2858 soret:
602 2819 784 2856 similiter
814 2833 853 2857 v.

118 2878 215 2920 557.
254 2879 350 2920 558.
387 2877 456 2916 sed
495 2878 578 2916 sine
617 2885 687 2915 ut:
743 2876 853 2928 quod

114 2936 372 2977 communius
411 2942 482 2975 est.
552 2934 662 2989 (Non
699 2948 854 2988 semper

1205 1525 1275 1561 558
1299 1525 1398 1557 Ιιιιηε
1424 1525 1525 1557 Rom.
1570 1535 1642 1570 pe·—

907 1728 952 1752 ea
971 1714 1076 1752 ratio
1097 1714 1139 1752 in
1162 1719 1282 1766 poeta
1304 1711 1518 1763 sequenda,
1541 1724 1642 1762 quae

907 1773 1134 1824 longissime
1190 1771 1293 1810 absit
1350 1785 1371 1807 a
1424 1769 1641 1808 communi.

907 1831 1013 1883 Apte
1040 1830 1129 1880 hic,
1161 1829 1242 1872 551
1264 1852 1309 1857 -
1326 1829 1433 1877 558,
1465 1828 1642 1880 singulae

908 1889 1103 1928 orationis
1131 1894 1266 1941 partes
1299 1894 1420 1938 atque
1450 1886 1506 1925 ita
1542 1900 1641 1924 con—
1708 1937 1710 1940 y

905 1948 1127 2000 glutinatae
1157 1953 1264 1993 sunt,
1295 1952 1354 1994 ut,
1386 1945 1454 1996 qui
1484 1959 1546 1982 eas
1578 1944 1642 1982 di—

906 2007 1030 2046 vellat
1041 2037 1051 2056 ,
1094 2007 1179 2058 ipsa
1229 2004 1446 2042 Latinitate
1494 2015 1642 2041 exuere

905 2071 1065 2118 poetam
1091 2064 1291 2103 videatur.
1360 2061 1518 2100 Mecum
1550 2074 1642 2099 sen-

906 2125 1016 2162 tiunt
1047 2120 1325 2161 Wunderlich.
1359 2126 1399 2158 et
1432 2119 1546 2158 Iahn.
1586 2140 1643 2149 ——

904 2183 1097 2220 Ceterum
1130 2180 1319 2232 repetitio
1350 2192 1439 2217 voe.
1471 2178 1643 2216 Italiam

904 2255 989 2279 non
1026 2239 1293 2292 displicuisset
1330 2235 1562 2276 Weicherto
1594 2234 1642 2273 de

910 2300 992 2338 Vss.
1012 2298 1159 2336 iniuria
1178 2296 1371 2349 suspectis
1393 2309 1480 2347 pag.
1502 2297 1590 2341 97.,
1612 2293 1641 2330 si

909 2358 990 2396 vim
1007 2356 1104 2394 huic
1122 2355 1274 2394 nomini
1299 2368 1349 2392 ex
1371 2352 1553 2406 opposito
1579 2351 1642 2388 Si-

909 2416 1019 2453 ciliae
1044 2416 1207 2452 nomine
1234 2412 1423 2451 accedere
1455 2409 1643 2448 animad-

908 2473 1106 2512 vertisset.
1143 2471 1255 2525 ler.)

966 2587 1064 2630 555.
1086 2587 1181 2630 556.
1218 2587 1290 2623 Sin
1307 2586 1497 2624 absumta
1518 2586 1642 2633 salas,

911 2645 1090 2697 adeoque
1112 2645 1220 2683 nulla
1240 2650 1299 2681 est
1323 2645 1441 2693 salus,
1459 2643 1570 2681 nulla
1583 2656 1643 2680 sa-

910 2704 1007 2742 lutis
1022 2717 1109 2755 spes
1121 2718 1130 2752 ,
1151 2703 1208 2740 sin
1228 2701 1643 2753 pe1·iimuS‚siquidenl

911 2762 941 2799 is
965 2761 1103 2813 periit,
1136 2761 1177 2798 in
1201 2775 1278 2811 quo
1300 2773 1363 2797 res
1384 2766 1548 2798 nostrae
1567 2773 1643 2812 po-

911 2820 1009 2857 sitae
1038 2825 1152 2868 sunt,
1185 2832 1265 2856 una
1293 2832 1386 2856 cum
1414 2818 1524 2868 Iulo;
1554 2832 1645 2868 spes

913 2879 998 2916 Iuli
1026 2877 1125 2915 bene
1148 2890 1223 2929 pro
1252 2876 1352 2915 Iulo.
1412 2877 1509 2919 557.
1540 2875 1644 2914 5ἰεὶ-

911 2936 1005 2975 liam
1026 2936 1172 2974 iterum
1191 2941 1327 2987 petere
1355 2934 1485 2973 liceat.
