<?xml version="1.0" encoding="UTF-8"?>
<!DOCTYPE html PUBLIC "-//W3C//DTD XHTML 1.0 Transitional//EN"
    "http://www.w3.org/TR/xhtml1/DTD/xhtml1-transitional.dtd">
<html xmlns="http://www.w3.org/1999/xhtml" xml:lang="en" lang="en">
 <head>
  <title>
</title>
<meta http-equiv="Content-Type" content="text/html;charset=utf-8" />
  <meta name='ocr-system' content='tesseract 3.04.00' />
  <meta name='ocr-capabilities' content='ocr_page ocr_carea ocr_par ocr_line ocrx_word'/>
</head>
<body>
  <div class='ocr_page' id='page_1' title='image "./publiusvirgilius02virguoft_0677.png"; bbox 0 0 1811 3388; ppageno 0'>
   <div class='ocr_carea' id='block_1_1' title="bbox 348 205 1620 271">
    <p class='ocr_par' dir='ltr' id='par_1_1' title="bbox 348 205 1620 271">
     <span class='ocr_line' id='line_1_1' title="bbox 348 205 1620 271; baseline 0.011 -16"><span class='ocrx_word' id='word_1_1' title='bbox 348 205 750 256; x_wconf 84' lang='lat' dir='ltr'><strong>AENEIDOS</strong></span> <span class='ocrx_word' id='word_1_2' title='bbox 785 207 922 257; x_wconf 91' lang='lat' dir='ltr'><strong>LIB.</strong></span> <span class='ocrx_word' id='word_1_3' title='bbox 960 209 1048 271; x_wconf 89' lang='lat' dir='ltr'><strong>IV,</strong></span> <span class='ocrx_word' id='word_1_4' title='bbox 1076 213 1366 264; x_wconf 82' lang='lat'>469—473</span> <span class='ocrx_word' id='word_1_5' title='bbox 1521 223 1620 269; x_wconf 84' lang='lat'><strong>669</strong></span> 
     </span>
    </p>
   </div>
   <div class='ocr_carea' id='block_1_2' title="bbox 126 328 1513 466">
    <p class='ocr_par' dir='ltr' id='par_1_2' title="bbox 126 328 1513 466">
     <span class='ocr_line' id='line_1_2' title="bbox 126 328 1436 398; baseline 0.005 -18"><span class='ocrx_word' id='word_1_6' title='bbox 126 335 392 380; x_wconf 79' lang='lat' dir='ltr'>Armatam</span> <span class='ocrx_word' id='word_1_7' title='bbox 412 328 612 377; x_wconf 76' lang='lat' dir='ltr'>facibus</span> <span class='ocrx_word' id='word_1_8' title='bbox 641 338 867 379; x_wconf 85' lang='lat' dir='ltr'><strong>matrem</strong></span> <span class='ocrx_word' id='word_1_9' title='bbox 891 340 941 380; x_wconf 85' lang='lat' dir='ltr'><strong>et</strong></span> <span class='ocrx_word' id='word_1_10' title='bbox 961 334 1296 398; x_wconf 77' lang='lat' dir='ltr'><strong>serpentibus</strong></span> <span class='ocrx_word' id='word_1_11' title='bbox 1316 338 1436 386; x_wconf 84' lang='lat' dir='ltr'><strong>atris</strong></span> 
     </span>
     <span class='ocr_line' id='line_1_3' title="bbox 127 397 1513 466; baseline 0.006 -17"><span class='ocrx_word' id='word_1_12' title='bbox 127 403 304 462; x_wconf 87' lang='lat' dir='ltr'><strong>Quum</strong></span> <span class='ocrx_word' id='word_1_13' title='bbox 327 397 478 462; x_wconf 85' lang='lat' dir='ltr'><strong>sugit,</strong></span> <span class='ocrx_word' id='word_1_14' title='bbox 514 398 834 466; x_wconf 83' lang='lat' dir='ltr'><strong>ultricesque</strong></span> <span class='ocrx_word' id='word_1_15' title='bbox 858 400 1047 450; x_wconf 87' lang='lat' dir='ltr'><strong>sedent</strong></span> <span class='ocrx_word' id='word_1_16' title='bbox 1067 403 1119 452; x_wconf 90' lang='lat' dir='ltr'><strong>in</strong></span> <span class='ocrx_word' id='word_1_17' title='bbox 1141 402 1322 455; x_wconf 88' lang='lat' dir='ltr'><strong>limine</strong></span> <span class='ocrx_word' id='word_1_18' title='bbox 1344 407 1513 458; x_wconf 86' lang='lat' dir='ltr'><strong>Dirae.</strong></span> 
     </span>
    </p>
   </div>
   <div class='ocr_carea' id='block_1_3' title="bbox 107 534 1619 2198">
    <p class='ocr_par' dir='ltr' id='par_1_3' title="bbox 107 534 1619 2198">
     <span class='ocr_line' id='line_1_4' title="bbox 123 534 1619 582; baseline 0.007 -13"><span class='ocrx_word' id='word_1_19' title='bbox 123 537 193 569; x_wconf 72' lang='lat' dir='ltr'><strong>diis</strong></span> <span class='ocrx_word' id='word_1_20' title='bbox 217 544 329 570; x_wconf 81' lang='lat' dir='ltr'><strong>notus</strong></span> <span class='ocrx_word' id='word_1_21' title='bbox 352 534 509 580; x_wconf 87' lang='lat' dir='ltr'><strong>accipere</strong></span> <span class='ocrx_word' id='word_1_22' title='bbox 543 535 625 579; x_wconf 90' lang='lat' dir='ltr'><strong>quid</strong></span> <span class='ocrx_word' id='word_1_23' title='bbox 650 535 787 570; x_wconf 85' lang='lat' dir='ltr'><strong>tandem</strong></span> <span class='ocrx_word' id='word_1_24' title='bbox 812 537 936 582; x_wconf 78' lang='lat' dir='ltr'><strong>cogit?</strong></span> <span class='ocrx_word' id='word_1_25' title='bbox 982 540 1076 573; x_wconf 84' lang='lat' dir='ltr'><strong>Vera</strong></span> <span class='ocrx_word' id='word_1_26' title='bbox 1099 540 1190 575; x_wconf 82' lang='lat' dir='ltr'><strong>ratio</strong></span> <span class='ocrx_word' id='word_1_27' title='bbox 1217 548 1286 576; x_wconf 89' lang='lat' dir='ltr'><strong>est:</strong></span> <span class='ocrx_word' id='word_1_28' title='bbox 1321 544 1424 577; x_wconf 75' lang='lat' dir='ltr'><strong>velut</strong></span> <span class='ocrx_word' id='word_1_29' title='bbox 1447 546 1484 578; x_wconf 87' lang='lat' dir='ltr'><strong>in</strong></span> <span class='ocrx_word' id='word_1_30' title='bbox 1509 557 1619 580; x_wconf 79' lang='lat' dir='ltr'><strong>scena</strong></span> 
     </span>
     <span class='ocr_line' id='line_1_5' title="bbox 123 582 1616 636; baseline 0.007 -21"><span class='ocrx_word' id='word_1_31' title='bbox 123 586 267 615; x_wconf 84' lang='lat' dir='ltr'><strong>Orestes</strong></span> <span class='ocrx_word' id='word_1_32' title='bbox 288 582 370 614; x_wconf 84' lang='lat' dir='ltr'><strong>furit</strong></span> <span class='ocrx_word' id='word_1_33' title='bbox 396 582 504 626; x_wconf 85' lang='lat' dir='ltr'><strong>(quod</strong></span> <span class='ocrx_word' id='word_1_34' title='bbox 530 593 571 614; x_wconf 79' lang='lat' dir='ltr'><strong>ex</strong></span> <span class='ocrx_word' id='word_1_35' title='bbox 611 584 830 617; x_wconf 75' lang='lat' dir='ltr'><strong>antecedent.</strong></span> <span class='ocrx_word' id='word_1_36' title='bbox 857 584 1094 630; x_wconf 87' lang='lat' dir='ltr'><strong>eliciendum),</strong></span> <span class='ocrx_word' id='word_1_37' title='bbox 1131 600 1237 633; x_wconf 83' lang='lat' dir='ltr'><strong>quum</strong></span> <span class='ocrx_word' id='word_1_38' title='bbox 1254 588 1360 635; x_wconf 80' lang='lat' dir='ltr'><strong>sugit</strong></span> <span class='ocrx_word' id='word_1_39' title='bbox 1384 592 1548 636; x_wconf 79' lang='lat' dir='ltr'><strong>agitatus</strong></span> <span class='ocrx_word' id='word_1_40' title='bbox 1571 604 1616 626; x_wconf 92' lang='lat' dir='ltr'><strong>m.</strong></span> 
     </span>
     <span class='ocr_line' id='line_1_6' title="bbox 120 627 1616 681; baseline 0.008 -22"><span class='ocrx_word' id='word_1_41' title='bbox 120 630 255 661; x_wconf 87' lang='lat' dir='ltr'><strong>Novum</strong></span> <span class='ocrx_word' id='word_1_42' title='bbox 279 627 347 661; x_wconf 91' lang='lat' dir='ltr'><strong>hoc</strong></span> <span class='ocrx_word' id='word_1_43' title='bbox 370 629 502 669; x_wconf 74' lang='lat' dir='ltr'><strong>fateor,</strong></span> <span class='ocrx_word' id='word_1_44' title='bbox 527 628 619 673; x_wconf 92' lang='lat' dir='ltr'><strong>quod</strong></span> <span class='ocrx_word' id='word_1_45' title='bbox 644 629 688 661; x_wconf 85' lang='lat' dir='ltr'><strong>ad</strong></span> <span class='ocrx_word' id='word_1_46' title='bbox 712 630 864 663; x_wconf 83' lang='lat' dir='ltr'><strong>fabulam</strong></span> <span class='ocrx_word' id='word_1_47' title='bbox 890 632 1055 676; x_wconf 82' lang='lat' dir='ltr'>tragicam</span> <span class='ocrx_word' id='word_1_48' title='bbox 1080 633 1114 665; x_wconf 88' lang='lat' dir='ltr'><strong>in</strong></span> <span class='ocrx_word' id='word_1_49' title='bbox 1140 646 1241 667; x_wconf 82' lang='lat' dir='ltr'><strong>scena</strong></span> <span class='ocrx_word' id='word_1_50' title='bbox 1267 636 1456 670; x_wconf 79' lang='lat' dir='ltr'><strong>exhibitam</strong></span> <span class='ocrx_word' id='word_1_51' title='bbox 1481 650 1616 681; x_wconf 88' lang='lat' dir='ltr'><strong>provo-</strong></span> 
     </span>
     <span class='ocr_line' id='line_1_7' title="bbox 121 674 1614 726; baseline 0.008 -20"><span class='ocrx_word' id='word_1_52' title='bbox 121 682 183 707; x_wconf 82' lang='lat' dir='ltr'><strong>cat.</strong></span> <span class='ocrx_word' id='word_1_53' title='bbox 232 675 335 715; x_wconf 86' lang='lat' dir='ltr'><strong>Quod</strong></span> <span class='ocrx_word' id='word_1_54' title='bbox 369 674 551 719; x_wconf 85' lang='lat' dir='ltr'><strong>displicet,</strong></span> <span class='ocrx_word' id='word_1_55' title='bbox 584 675 676 707; x_wconf 82' lang='lat' dir='ltr'><strong>forte</strong></span> <span class='ocrx_word' id='word_1_56' title='bbox 700 676 768 709; x_wconf 90' lang='lat' dir='ltr'><strong>hoc</strong></span> <span class='ocrx_word' id='word_1_57' title='bbox 795 684 864 719; x_wconf 86' lang='lat' dir='ltr'><strong>est,</strong></span> <span class='ocrx_word' id='word_1_58' title='bbox 902 679 995 721; x_wconf 88' lang='lat' dir='ltr'><strong>quod</strong></span> <span class='ocrx_word' id='word_1_59' title='bbox 1027 678 1063 711; x_wconf 89' lang='lat' dir='ltr'><strong>in</strong></span> <span class='ocrx_word' id='word_1_60' title='bbox 1088 681 1285 714; x_wconf 78' lang='lat' dir='ltr'><strong>narratione</strong></span> <span class='ocrx_word' id='word_1_61' title='bbox 1322 694 1363 715; x_wconf 83' lang='lat' dir='ltr'><strong>ex</strong></span> <span class='ocrx_word' id='word_1_62' title='bbox 1387 683 1502 726; x_wconf 88' lang='lat' dir='ltr'><strong>prisco</strong></span> <span class='ocrx_word' id='word_1_63' title='bbox 1528 696 1614 718; x_wconf 83' lang='lat' dir='ltr'><strong>aevo</strong></span> 
     </span>
     <span class='ocr_line' id='line_1_8' title="bbox 119 720 1615 773; baseline 0.009 -22"><span class='ocrx_word' id='word_1_64' title='bbox 119 720 353 764; x_wconf 78' lang='lat' dir='ltr'><strong>interponitur</strong></span> <span class='ocrx_word' id='word_1_65' title='bbox 376 720 506 765; x_wconf 87' lang='lat' dir='ltr'><strong>aliquid</strong></span> <span class='ocrx_word' id='word_1_66' title='bbox 530 721 635 753; x_wconf 87' lang='lat' dir='ltr'><strong>moris</strong></span> <span class='ocrx_word' id='word_1_67' title='bbox 661 722 820 762; x_wconf 85' lang='lat' dir='ltr'><strong>serioris,</strong></span> <span class='ocrx_word' id='word_1_68' title='bbox 853 725 1014 769; x_wconf 87' lang='lat' dir='ltr'><strong>quodque</strong></span> <span class='ocrx_word' id='word_1_69' title='bbox 1038 726 1126 758; x_wconf 88' lang='lat' dir='ltr'><strong>adeo</strong></span> <span class='ocrx_word' id='word_1_70' title='bbox 1161 739 1257 760; x_wconf 89' lang='lat' dir='ltr'><strong>mens</strong></span> <span class='ocrx_word' id='word_1_71' title='bbox 1283 728 1325 760; x_wconf 86' lang='lat' dir='ltr'><strong>ab</strong></span> <span class='ocrx_word' id='word_1_72' title='bbox 1352 729 1412 762; x_wconf 89' lang='lat' dir='ltr'><strong>illa</strong></span> <span class='ocrx_word' id='word_1_73' title='bbox 1437 730 1615 773; x_wconf 86' lang='lat' dir='ltr'><strong>illecebra,</strong></span> 
     </span>
     <span class='ocr_line' id='line_1_9' title="bbox 119 767 1615 818; baseline 0.008 -20"><span class='ocrx_word' id='word_1_74' title='bbox 119 778 184 810; x_wconf 87' lang='lat' dir='ltr'><strong>qua</strong></span> <span class='ocrx_word' id='word_1_75' title='bbox 209 767 411 809; x_wconf 88' lang='lat' dir='ltr'><strong>tenebatur,</strong></span> <span class='ocrx_word' id='word_1_76' title='bbox 446 779 519 799; x_wconf 93' lang='lat' dir='ltr'><strong>cum</strong></span> <span class='ocrx_word' id='word_1_77' title='bbox 544 770 680 800; x_wconf 84' lang='lat' dir='ltr'><strong>Aeneae</strong></span> <span class='ocrx_word' id='word_1_78' title='bbox 705 775 741 801; x_wconf 86' lang='lat' dir='ltr'><strong>et</strong></span> <span class='ocrx_word' id='word_1_79' title='bbox 765 770 911 802; x_wconf 81' lang='lat' dir='ltr'><strong>Didonis</strong></span> <span class='ocrx_word' id='word_1_80' title='bbox 940 771 1021 804; x_wconf 82' lang='lat' dir='ltr'><strong>fatis</strong></span> <span class='ocrx_word' id='word_1_81' title='bbox 1055 771 1129 816; x_wconf 84' lang='lat' dir='ltr'><strong>ipsa</strong></span> <span class='ocrx_word' id='word_1_82' title='bbox 1155 773 1251 817; x_wconf 80' lang='lat' dir='ltr'><strong>quasi</strong></span> <span class='ocrx_word' id='word_1_83' title='bbox 1275 787 1438 818; x_wconf 78' lang='lat' dir='ltr'><strong>praesens</strong></span> <span class='ocrx_word' id='word_1_84' title='bbox 1464 776 1615 810; x_wconf 87' lang='lat' dir='ltr'><strong>interes-</strong></span> 
     </span>
     <span class='ocr_line' id='line_1_10' title="bbox 118 813 1614 858; baseline 0.009 -15"><span class='ocrx_word' id='word_1_85' title='bbox 118 819 194 854; x_wconf 84' lang='lat' dir='ltr'><strong>set,</strong></span> <span class='ocrx_word' id='word_1_86' title='bbox 226 820 407 846; x_wconf 85' lang='lat' dir='ltr'><strong>revocatur</strong></span> <span class='ocrx_word' id='word_1_87' title='bbox 431 825 520 846; x_wconf 90' lang='lat' dir='ltr'><strong>nunc</strong></span> <span class='ocrx_word' id='word_1_88' title='bbox 545 813 680 855; x_wconf 87' lang='lat' dir='ltr'><strong>subito,</strong></span> <span class='ocrx_word' id='word_1_89' title='bbox 725 822 761 847; x_wconf 86' lang='lat' dir='ltr'><strong>ut</strong></span> <span class='ocrx_word' id='word_1_90' title='bbox 796 816 947 850; x_wconf 87' lang='lat' dir='ltr'><strong>delusam</strong></span> <span class='ocrx_word' id='word_1_91' title='bbox 980 829 1017 850; x_wconf 89' lang='lat' dir='ltr'><strong>se</strong></span> <span class='ocrx_word' id='word_1_92' title='bbox 1043 819 1181 851; x_wconf 85' lang='lat' dir='ltr'><strong>sentiat.</strong></span> <span class='ocrx_word' id='word_1_93' title='bbox 1230 822 1304 854; x_wconf 90' lang='lat' dir='ltr'><strong>Nec</strong></span> <span class='ocrx_word' id='word_1_94' title='bbox 1329 828 1442 854; x_wconf 87' lang='lat' dir='ltr'><strong>tamen</strong></span> <span class='ocrx_word' id='word_1_95' title='bbox 1467 822 1554 856; x_wconf 76' lang='lat' dir='ltr'><strong>haec</strong></span> <span class='ocrx_word' id='word_1_96' title='bbox 1576 823 1614 858; x_wconf 87' lang='lat' dir='ltr'><strong>in</strong></span> 
     </span>
     <span class='ocr_line' id='line_1_11' title="bbox 117 859 1613 909; baseline 0.009 -19"><span class='ocrx_word' id='word_1_97' title='bbox 117 859 193 903; x_wconf 86' lang='lat' dir='ltr'><strong>ipsa</strong></span> <span class='ocrx_word' id='word_1_98' title='bbox 227 859 446 899; x_wconf 80' lang='lat' dir='ltr'><strong>narratione,</strong></span> <span class='ocrx_word' id='word_1_99' title='bbox 479 860 540 891; x_wconf 90' lang='lat' dir='ltr'><strong>sed</strong></span> <span class='ocrx_word' id='word_1_100' title='bbox 574 861 611 892; x_wconf 85' lang='lat' dir='ltr'><strong>in</strong></span> <span class='ocrx_word' id='word_1_101' title='bbox 648 865 915 906; x_wconf 80' lang='lat' dir='ltr'><strong>comparatione</strong></span> <span class='ocrx_word' id='word_1_102' title='bbox 947 863 1152 908; x_wconf 82' lang='lat' dir='ltr'><strong>interposita</strong></span> <span class='ocrx_word' id='word_1_103' title='bbox 1186 873 1276 899; x_wconf 88' lang='lat' dir='ltr'><strong>sunt.</strong></span> <span class='ocrx_word' id='word_1_104' title='bbox 1336 868 1465 909; x_wconf 88' lang='lat' dir='ltr'><strong>Quidni</strong></span> <span class='ocrx_word' id='word_1_105' title='bbox 1499 877 1613 903; x_wconf 85' lang='lat' dir='ltr'><strong>autem</strong></span> 
     </span>
     <span class='ocr_line' id='line_1_12' title="bbox 118 905 1611 957; baseline 0.009 -21"><span class='ocrx_word' id='word_1_106' title='bbox 118 911 224 949; x_wconf 88' lang='lat' dir='ltr'><strong>poeta</strong></span> <span class='ocrx_word' id='word_1_107' title='bbox 250 905 316 938; x_wconf 87' lang='lat' dir='ltr'><strong>hoc</strong></span> <span class='ocrx_word' id='word_1_108' title='bbox 341 906 395 938; x_wconf 85' lang='lat' dir='ltr'><strong>vel</strong></span> <span class='ocrx_word' id='word_1_109' title='bbox 421 906 464 938; x_wconf 86' lang='lat' dir='ltr'><strong>ad</strong></span> <span class='ocrx_word' id='word_1_110' title='bbox 488 905 684 939; x_wconf 73' lang='lat' dir='ltr'><strong>variandam</strong></span> <span class='ocrx_word' id='word_1_111' title='bbox 709 919 822 940; x_wconf 86' lang='lat' dir='ltr'><strong>rerum</strong></span> <span class='ocrx_word' id='word_1_112' title='bbox 849 909 972 942; x_wconf 80' lang='lat' dir='ltr'><strong>faciem</strong></span> <span class='ocrx_word' id='word_1_113' title='bbox 998 910 1100 952; x_wconf 89' lang='lat' dir='ltr'><strong>ausit,</strong></span> <span class='ocrx_word' id='word_1_114' title='bbox 1124 911 1182 955; x_wconf 90' lang='lat' dir='ltr'><strong>qui</strong></span> <span class='ocrx_word' id='word_1_115' title='bbox 1205 912 1312 946; x_wconf 85' lang='lat' dir='ltr'><strong>toties</strong></span> <span class='ocrx_word' id='word_1_116' title='bbox 1338 916 1611 957; x_wconf 87' lang='lat' dir='ltr'><strong>comparationes</strong></span> 
     </span>
     <span class='ocr_line' id='line_1_13' title="bbox 117 951 1612 1005; baseline 0.009 -23"><span class='ocrx_word' id='word_1_117' title='bbox 117 952 151 983; x_wconf 91' lang='lat' dir='ltr'><strong>in</strong></span> <span class='ocrx_word' id='word_1_118' title='bbox 176 951 265 984; x_wconf 87' lang='lat' dir='ltr'><strong>hunc</strong></span> <span class='ocrx_word' id='word_1_119' title='bbox 290 952 427 984; x_wconf 90' lang='lat' dir='ltr'><strong>modum</strong></span> <span class='ocrx_word' id='word_1_120' title='bbox 452 952 609 993; x_wconf 78' lang='lat' dir='ltr'><strong>instituit,</strong></span> <span class='ocrx_word' id='word_1_121' title='bbox 635 959 672 985; x_wconf 90' lang='lat' dir='ltr'><strong>ut</strong></span> <span class='ocrx_word' id='word_1_122' title='bbox 698 965 738 986; x_wconf 87' lang='lat' dir='ltr'><strong>ex</strong></span> <span class='ocrx_word' id='word_1_123' title='bbox 764 954 833 987; x_wconf 80' lang='lat' dir='ltr'><strong>vita</strong></span> <span class='ocrx_word' id='word_1_124' title='bbox 859 957 1027 988; x_wconf 91' lang='lat' dir='ltr'><strong>communi</strong></span> <span class='ocrx_word' id='word_1_125' title='bbox 1052 963 1087 989; x_wconf 87' lang='lat' dir='ltr'><strong>et</strong></span> <span class='ocrx_word' id='word_1_126' title='bbox 1111 968 1172 991; x_wconf 90' lang='lat' dir='ltr'><strong>usu</strong></span> <span class='ocrx_word' id='word_1_127' title='bbox 1196 958 1372 992; x_wconf 81' lang='lat' dir='ltr'><strong>hominum</strong></span> <span class='ocrx_word' id='word_1_128' title='bbox 1397 961 1527 1005; x_wconf 88' lang='lat' dir='ltr'><strong>aliquid</strong></span> <span class='ocrx_word' id='word_1_129' title='bbox 1550 975 1612 995; x_wconf 87' lang='lat' dir='ltr'><strong>re-</strong></span> 
     </span>
     <span class='ocr_line' id='line_1_14' title="bbox 116 998 1611 1046; baseline 0.009 -18"><span class='ocrx_word' id='word_1_130' title='bbox 116 1004 215 1042; x_wconf 82' lang='lat' dir='ltr'><strong>petat</strong></span> <span class='ocrx_word' id='word_1_131' title='bbox 240 1004 275 1029; x_wconf 89' lang='lat' dir='ltr'><strong>et</strong></span> <span class='ocrx_word' id='word_1_132' title='bbox 298 998 363 1030; x_wconf 81' lang='lat' dir='ltr'><strong>hae</strong></span> <span class='ocrx_word' id='word_1_133' title='bbox 387 998 534 1031; x_wconf 82' lang='lat' dir='ltr'><strong>formula</strong></span> <span class='ocrx_word' id='word_1_134' title='bbox 559 1005 692 1032; x_wconf 82' lang='lat' dir='ltr'><strong>utatur:</strong></span> <span class='ocrx_word' id='word_1_135' title='bbox 719 1008 760 1032; x_wconf 75' lang='lat' dir='ltr'><strong>ut</strong></span> <span class='ocrx_word' id='word_1_136' title='bbox 783 1013 891 1046; x_wconf 79' lang='lat' dir='ltr'><strong>saepe</strong></span> <span class='ocrx_word' id='word_1_137' title='bbox 918 1003 1079 1036; x_wconf 80' lang='lat' dir='ltr'><strong>videmus</strong></span> <span class='ocrx_word' id='word_1_138' title='bbox 1104 1011 1167 1037; x_wconf 88' lang='lat' dir='ltr'><strong>etc.</strong></span> <span class='ocrx_word' id='word_1_139' title='bbox 1215 1006 1289 1038; x_wconf 89' lang='lat' dir='ltr'><strong>Nec</strong></span> <span class='ocrx_word' id='word_1_140' title='bbox 1313 1005 1380 1039; x_wconf 90' lang='lat' dir='ltr'><strong>hoc</strong></span> <span class='ocrx_word' id='word_1_141' title='bbox 1405 1008 1493 1040; x_wconf 88' lang='lat' dir='ltr'><strong>adeo</strong></span> <span class='ocrx_word' id='word_1_142' title='bbox 1517 1008 1611 1042; x_wconf 88' lang='lat' dir='ltr'><strong>idem</strong></span> 
     </span>
     <span class='ocr_line' id='line_1_15' title="bbox 117 1043 1610 1097; baseline 0.009 -23"><span class='ocrx_word' id='word_1_143' title='bbox 117 1043 218 1088; x_wconf 81' lang='lat' dir='ltr'><strong>plane</strong></span> <span class='ocrx_word' id='word_1_144' title='bbox 243 1056 317 1076; x_wconf 91' lang='lat' dir='ltr'><strong>cum</strong></span> <span class='ocrx_word' id='word_1_145' title='bbox 345 1056 398 1086; x_wconf 89' lang='lat' dir='ltr'><strong>eo,</strong></span> <span class='ocrx_word' id='word_1_146' title='bbox 424 1045 518 1088; x_wconf 90' lang='lat' dir='ltr'><strong>quod</strong></span> <span class='ocrx_word' id='word_1_147' title='bbox 542 1045 646 1078; x_wconf 85' lang='lat' dir='ltr'><strong>toties</strong></span> <span class='ocrx_word' id='word_1_148' title='bbox 672 1054 827 1079; x_wconf 84' lang='lat' dir='ltr'><strong>oratores</strong></span> <span class='ocrx_word' id='word_1_149' title='bbox 852 1048 998 1081; x_wconf 87' lang='lat' dir='ltr'><strong>habent:</strong></span> <span class='ocrx_word' id='word_1_150' title='bbox 1025 1050 1318 1095; x_wconf 81' lang='lat' dir='ltr'><strong>quemadmodum</strong></span> <span class='ocrx_word' id='word_1_151' title='bbox 1342 1053 1406 1085; x_wconf 81' lang='lat' dir='ltr'><strong>ille</strong></span> <span class='ocrx_word' id='word_1_152' title='bbox 1428 1055 1466 1086; x_wconf 85' lang='grc' dir='ltr'><em>ιή</em></span> <span class='ocrx_word' id='word_1_153' title='bbox 1490 1066 1610 1097; x_wconf 71' lang='lat' dir='ltr'><strong>scena,</strong></span> 
     </span>
     <span class='ocr_line' id='line_1_16' title="bbox 119 1089 1609 1145; baseline 0.008 -23"><span class='ocrx_word' id='word_1_154' title='bbox 119 1092 153 1122; x_wconf 81' lang='lat'><strong>1&#39;71</strong></span> <span class='ocrx_word' id='word_1_155' title='bbox 173 1089 309 1134; x_wconf 75' lang='lat' dir='ltr'><strong>sabula</strong></span> <span class='ocrx_word' id='word_1_156' title='bbox 335 1097 399 1123; x_wconf 83' lang='lat' dir='ltr'><strong>etc.</strong></span> <span class='ocrx_word' id='word_1_157' title='bbox 449 1091 516 1123; x_wconf 73' lang='lat' dir='ltr'><strong>Cic.</strong></span> <span class='ocrx_word' id='word_1_158' title='bbox 552 1103 615 1135; x_wconf 88' lang='lat' dir='ltr'><strong>pro</strong></span> <span class='ocrx_word' id='word_1_159' title='bbox 641 1093 743 1125; x_wconf 87' lang='lat' dir='ltr'><strong>Rosc.</strong></span> <span class='ocrx_word' id='word_1_160' title='bbox 777 1096 888 1126; x_wconf 77' lang='lat' dir='ltr'><strong>Amer.</strong></span> <span class='ocrx_word' id='word_1_161' title='bbox 923 1107 950 1126; x_wconf 90' lang='lat' dir='ltr'><strong>c.</strong></span> <span class='ocrx_word' id='word_1_162' title='bbox 977 1096 1020 1130; x_wconf 84' lang='lat'><strong>67</strong></span> <span class='ocrx_word' id='word_1_163' title='bbox 1046 1097 1169 1129; x_wconf 75' lang='lat' dir='ltr'><strong>Nolite</strong></span> <span class='ocrx_word' id='word_1_164' title='bbox 1193 1099 1285 1129; x_wconf 81' lang='lat' dir='ltr'><strong>enim</strong></span> <span class='ocrx_word' id='word_1_165' title='bbox 1305 1107 1460 1143; x_wconf 77' lang='lat' dir='ltr'><strong>putare,</strong></span> <span class='ocrx_word' id='word_1_166' title='bbox 1486 1112 1609 1145; x_wconf 89' lang='lat' dir='ltr'><strong>quem-</strong></span> 
     </span>
     <span class='ocr_line' id='line_1_17' title="bbox 116 1136 1608 1190; baseline 0.009 -23"><span class='ocrx_word' id='word_1_167' title='bbox 116 1136 296 1168; x_wconf 82' lang='lat' dir='ltr'><strong>admodum</strong></span> <span class='ocrx_word' id='word_1_168' title='bbox 324 1136 357 1168; x_wconf 90' lang='lat' dir='ltr'><strong>in</strong></span> <span class='ocrx_word' id='word_1_169' title='bbox 383 1137 507 1169; x_wconf 86' lang='lat' dir='ltr'><strong>sabulis</strong></span> <span class='ocrx_word' id='word_1_170' title='bbox 533 1150 780 1181; x_wconf 74' lang='lat' dir='ltr'><strong>saepenumero</strong></span> <span class='ocrx_word' id='word_1_171' title='bbox 806 1139 952 1183; x_wconf 85' lang='lat' dir='ltr'><strong>videtis,</strong></span> <span class='ocrx_word' id='word_1_172' title='bbox 986 1154 1064 1181; x_wconf 77' lang='lat' dir='ltr'><strong>eos,</strong></span> <span class='ocrx_word' id='word_1_173' title='bbox 1099 1145 1161 1186; x_wconf 75' lang='lat' dir='ltr'><strong>qui</strong></span> <span class='ocrx_word' id='word_1_174' title='bbox 1192 1144 1330 1188; x_wconf 78' lang='lat' dir='ltr'><strong>aliquid</strong></span> <span class='ocrx_word' id='word_1_175' title='bbox 1363 1147 1468 1190; x_wconf 76' lang='lat' dir='ltr'><strong>impie</strong></span> <span class='ocrx_word' id='word_1_176' title='bbox 1492 1148 1608 1179; x_wconf 76' lang='lat' dir='ltr'><strong>seele—</strong></span> 
     </span>
     <span class='ocr_line' id='line_1_18' title="bbox 117 1185 1607 1232; baseline 0.009 -19"><span class='ocrx_word' id='word_1_177' title='bbox 117 1191 266 1226; x_wconf 72' lang='lat' dir='ltr'><strong>rateque</strong></span> <span class='ocrx_word' id='word_1_178' title='bbox 291 1185 548 1225; x_wconf 76' lang='lat' dir='ltr'><strong>commiserint,</strong></span> <span class='ocrx_word' id='word_1_179' title='bbox 583 1186 721 1228; x_wconf 74' lang='lat' dir='ltr'><strong>agitari</strong></span> <span class='ocrx_word' id='word_1_180' title='bbox 744 1194 780 1218; x_wconf 81' lang='lat' dir='ltr'><strong>et</strong></span> <span class='ocrx_word' id='word_1_181' title='bbox 798 1189 1001 1232; x_wconf 77' lang='lat' dir='ltr'><strong>perterreri</strong></span> <span class='ocrx_word' id='word_1_182' title='bbox 1023 1190 1218 1221; x_wconf 80' lang='lat' dir='ltr'><strong>Furiarum</strong></span> <span class='ocrx_word' id='word_1_183' title='bbox 1242 1191 1362 1223; x_wconf 73' lang='lat' dir='ltr'><strong>taedis</strong></span> <span class='ocrx_word' id='word_1_184' title='bbox 1385 1192 1607 1226; x_wconf 78' lang='lat' dir='ltr'><strong>ardentibus.</strong></span> 
     </span>
     <span class='ocr_line' id='line_1_19' title="bbox 116 1227 1606 1272; baseline 0.008 -12"><span class='ocrx_word' id='word_1_185' title='bbox 116 1228 158 1260; x_wconf 80' lang='lat' dir='ltr'><strong>cs.</strong></span> <span class='ocrx_word' id='word_1_186' title='bbox 193 1227 351 1262; x_wconf 82' lang='lat' dir='ltr'><strong>Aeschin.</strong></span> <span class='ocrx_word' id='word_1_187' title='bbox 386 1230 420 1261; x_wconf 87' lang='lat' dir='ltr'><strong>in</strong></span> <span class='ocrx_word' id='word_1_188' title='bbox 451 1229 623 1262; x_wconf 82' lang='lat' dir='ltr'><strong>Timarch.</strong></span> <span class='ocrx_word' id='word_1_189' title='bbox 659 1231 720 1263; x_wconf 91' lang='lat' dir='ltr'><strong>sub</strong></span> <span class='ocrx_word' id='word_1_190' title='bbox 754 1232 791 1271; x_wconf 66' lang='lat'><strong>12,</strong></span> <span class='ocrx_word' id='word_1_191' title='bbox 825 1233 914 1264; x_wconf 89' lang='lat' dir='ltr'><strong>unde</strong></span> <span class='ocrx_word' id='word_1_192' title='bbox 948 1233 1036 1266; x_wconf 85' lang='lat' dir='ltr'><strong>haec</strong></span> <span class='ocrx_word' id='word_1_193' title='bbox 1070 1234 1286 1268; x_wconf 86' lang='lat' dir='ltr'><strong>adumbrata.</strong></span> <span class='ocrx_word' id='word_1_194' title='bbox 1334 1238 1433 1270; x_wconf 84' lang='lat' dir='ltr'><strong>Adde</strong></span> <span class='ocrx_word' id='word_1_195' title='bbox 1468 1239 1535 1272; x_wconf 85' lang='lat' dir='ltr'><strong>Cic.</strong></span> <span class='ocrx_word' id='word_1_196' title='bbox 1562 1240 1606 1272; x_wconf 88' lang='lat' dir='ltr'><strong>de</strong></span> 
     </span>
     <span class='ocr_line' id='line_1_20' title="bbox 115 1274 1606 1328; baseline 0.009 -23"><span class='ocrx_word' id='word_1_197' title='bbox 115 1274 223 1317; x_wconf 83' lang='lat' dir='ltr'><strong>Legg.</strong></span> <span class='ocrx_word' id='word_1_198' title='bbox 249 1276 274 1314; x_wconf 88' lang='grc' dir='ltr'><strong>Ι,</strong></span> <span class='ocrx_word' id='word_1_199' title='bbox 305 1277 357 1309; x_wconf 72' lang='lat'><strong>14.</strong></span> <span class='ocrx_word' id='word_1_200' title='bbox 405 1275 542 1308; x_wconf 73' lang='lat' dir='ltr'><strong>Scilicet</strong></span> <span class='ocrx_word' id='word_1_201' title='bbox 567 1282 686 1308; x_wconf 78' lang='lat' dir='ltr'><strong>orator</strong></span> <span class='ocrx_word' id='word_1_202' title='bbox 713 1279 838 1310; x_wconf 82' lang='lat' dir='ltr'><strong>excitat</strong></span> <span class='ocrx_word' id='word_1_203' title='bbox 861 1279 974 1311; x_wconf 86' lang='lat' dir='ltr'><strong>locum</strong></span> <span class='ocrx_word' id='word_1_204' title='bbox 1001 1291 1019 1311; x_wconf 90' lang='lat' dir='ltr'><strong>e</strong></span> <span class='ocrx_word' id='word_1_205' title='bbox 1046 1281 1242 1324; x_wconf 86' lang='lat' dir='ltr'><strong>tragoedia;</strong></span> <span class='ocrx_word' id='word_1_206' title='bbox 1277 1288 1314 1315; x_wconf 88' lang='lat' dir='ltr'><strong>at</strong></span> <span class='ocrx_word' id='word_1_207' title='bbox 1339 1290 1443 1328; x_wconf 86' lang='lat' dir='ltr'><strong>poeta</strong></span> <span class='ocrx_word' id='word_1_208' title='bbox 1468 1285 1606 1318; x_wconf 89' lang='lat' dir='ltr'><strong>scenico</strong></span> 
     </span>
     <span class='ocr_line' id='line_1_21' title="bbox 115 1321 1608 1374; baseline 0.009 -23"><span class='ocrx_word' id='word_1_209' title='bbox 115 1327 282 1364; x_wconf 83' lang='lat' dir='ltr'><strong>apparatu</strong></span> <span class='ocrx_word' id='word_1_210' title='bbox 308 1333 347 1353; x_wconf 81' lang='lat' dir='ltr'><strong>ac</strong></span> <span class='ocrx_word' id='word_1_211' title='bbox 372 1321 538 1353; x_wconf 81' lang='lat' dir='ltr'><strong>theatrali</strong></span> <span class='ocrx_word' id='word_1_212' title='bbox 574 1323 772 1366; x_wconf 85' lang='lat' dir='ltr'><strong>spectaculo</strong></span> <span class='ocrx_word' id='word_1_213' title='bbox 798 1325 841 1356; x_wconf 90' lang='lat' dir='ltr'><strong>ad</strong></span> <span class='ocrx_word' id='word_1_214' title='bbox 876 1327 1170 1368; x_wconf 80' lang='lat' dir='ltr'><strong>comparationem</strong></span> <span class='ocrx_word' id='word_1_215' title='bbox 1194 1327 1311 1361; x_wconf 85' lang='lat' dir='ltr'><strong>utitur.</strong></span> <span class='ocrx_word' id='word_1_216' title='bbox 1358 1330 1525 1374; x_wconf 88' lang='lat' dir='ltr'><strong>Equidem</strong></span> <span class='ocrx_word' id='word_1_217' title='bbox 1549 1331 1608 1364; x_wconf 89' lang='lat' dir='ltr'><strong>ni-</strong></span> 
     </span>
     <span class='ocr_line' id='line_1_22' title="bbox 115 1366 1606 1417; baseline 0.009 -20"><span class='ocrx_word' id='word_1_218' title='bbox 115 1366 165 1398; x_wconf 90' lang='lat' dir='ltr'><strong>hil</strong></span> <span class='ocrx_word' id='word_1_219' title='bbox 191 1366 334 1399; x_wconf 81' lang='lat' dir='ltr'><strong>desinire</strong></span> <span class='ocrx_word' id='word_1_220' title='bbox 360 1367 469 1399; x_wconf 82' lang='lat' dir='ltr'><strong>videri</strong></span> <span class='ocrx_word' id='word_1_221' title='bbox 493 1367 593 1407; x_wconf 77' lang='lat' dir='ltr'><strong>volo,</strong></span> <span class='ocrx_word' id='word_1_222' title='bbox 618 1370 679 1400; x_wconf 81' lang='lat' dir='ltr'><strong>sed</strong></span> <span class='ocrx_word' id='word_1_223' title='bbox 704 1376 837 1402; x_wconf 89' lang='lat' dir='ltr'><strong>tantum</strong></span> <span class='ocrx_word' id='word_1_224' title='bbox 862 1371 1032 1412; x_wconf 86' lang='lat' dir='ltr'><strong>dubitare,</strong></span> <span class='ocrx_word' id='word_1_225' title='bbox 1058 1385 1100 1405; x_wconf 87' lang='lat' dir='ltr'><strong>an</strong></span> <span class='ocrx_word' id='word_1_226' title='bbox 1125 1373 1291 1417; x_wconf 84' lang='lat' dir='ltr'><strong>Virgilius</strong></span> <span class='ocrx_word' id='word_1_227' title='bbox 1317 1377 1504 1409; x_wconf 89' lang='lat' dir='ltr'><strong>oratoriam</strong></span> <span class='ocrx_word' id='word_1_228' title='bbox 1528 1379 1606 1411; x_wconf 86' lang='lat' dir='ltr'><strong>for—</strong></span> 
     </span>
     <span class='ocr_line' id='line_1_23' title="bbox 113 1413 1606 1464; baseline 0.009 -21"><span class='ocrx_word' id='word_1_229' title='bbox 113 1424 199 1444; x_wconf 86' lang='lat' dir='ltr'><strong>mam</strong></span> <span class='ocrx_word' id='word_1_230' title='bbox 229 1413 379 1445; x_wconf 89' lang='lat' dir='ltr'><strong>retiuere</strong></span> <span class='ocrx_word' id='word_1_231' title='bbox 405 1414 585 1446; x_wconf 76' lang='lat' dir='ltr'><strong>maluerit?</strong></span> <span class='ocrx_word' id='word_1_232' title='bbox 613 1415 648 1446; x_wconf 90' lang='lat' dir='ltr'><strong>id</strong></span> <span class='ocrx_word' id='word_1_233' title='bbox 672 1416 765 1459; x_wconf 89' lang='lat' dir='ltr'><strong>quod</strong></span> <span class='ocrx_word' id='word_1_234' title='bbox 791 1416 825 1448; x_wconf 88' lang='lat' dir='ltr'><strong>in</strong></span> <span class='ocrx_word' id='word_1_235' title='bbox 850 1417 986 1459; x_wconf 88' lang='lat' dir='ltr'><strong>multis,</strong></span> <span class='ocrx_word' id='word_1_236' title='bbox 1019 1418 1175 1463; x_wconf 87' lang='lat' dir='ltr'><strong>inprimis</strong></span> <span class='ocrx_word' id='word_1_237' title='bbox 1199 1421 1452 1464; x_wconf 86' lang='lat' dir='ltr'><strong>posterioribus</strong></span> <span class='ocrx_word' id='word_1_238' title='bbox 1475 1424 1606 1457; x_wconf 82' lang='lat' dir='ltr'><strong>Aenei—</strong></span> 
     </span>
     <span class='ocr_line' id='line_1_24' title="bbox 113 1458 1606 1510; baseline 0.009 -21"><span class='ocrx_word' id='word_1_239' title='bbox 113 1458 166 1490; x_wconf 81' lang='lat' dir='ltr'><strong>dis</strong></span> <span class='ocrx_word' id='word_1_240' title='bbox 191 1458 308 1497; x_wconf 79' lang='lat' dir='ltr'><strong>libris,</strong></span> <span class='ocrx_word' id='word_1_241' title='bbox 341 1459 465 1492; x_wconf 84' lang='lat' dir='ltr'><strong>secisse</strong></span> <span class='ocrx_word' id='word_1_242' title='bbox 494 1472 570 1492; x_wconf 87' lang='lat' dir='ltr'><strong>eum</strong></span> <span class='ocrx_word' id='word_1_243' title='bbox 595 1473 699 1505; x_wconf 84' lang='lat' dir='ltr'><strong>saepe</strong></span> <span class='ocrx_word' id='word_1_244' title='bbox 724 1462 991 1503; x_wconf 81' lang='lat' dir='ltr'><strong>declarabimus5</strong></span> <span class='ocrx_word' id='word_1_245' title='bbox 1016 1471 1087 1497; x_wconf 91' lang='lat' dir='ltr'><strong>tum</strong></span> <span class='ocrx_word' id='word_1_246' title='bbox 1112 1465 1255 1499; x_wconf 87' lang='lat' dir='ltr'><strong>alterum</strong></span> <span class='ocrx_word' id='word_1_247' title='bbox 1280 1475 1349 1510; x_wconf 88' lang='lat' dir='ltr'><strong>est,</strong></span> <span class='ocrx_word' id='word_1_248' title='bbox 1374 1476 1514 1502; x_wconf 87' lang='lat' dir='ltr'><strong>rectene</strong></span> <span class='ocrx_word' id='word_1_249' title='bbox 1537 1471 1606 1504; x_wconf 91' lang='lat' dir='ltr'><strong>hoc</strong></span> 
     </span>
     <span class='ocr_line' id='line_1_25' title="bbox 113 1505 1605 1558; baseline 0.009 -22"><span class='ocrx_word' id='word_1_250' title='bbox 113 1505 264 1537; x_wconf 77' lang='lat' dir='ltr'><strong>fecerit?</strong></span> <span class='ocrx_word' id='word_1_251' title='bbox 290 1505 421 1537; x_wconf 78' lang='lat' dir='ltr'><strong>Valerii</strong></span> <span class='ocrx_word' id='word_1_252' title='bbox 446 1506 497 1538; x_wconf 87' lang='lat' dir='ltr'><strong>Fl.</strong></span> <span class='ocrx_word' id='word_1_253' title='bbox 523 1507 634 1539; x_wconf 86' lang='lat' dir='ltr'><strong>locum</strong></span> <span class='ocrx_word' id='word_1_254' title='bbox 658 1509 731 1549; x_wconf 82' lang='lat' dir='ltr'><strong>VH,</strong></span> <span class='ocrx_word' id='word_1_255' title='bbox 759 1511 822 1543; x_wconf 75' lang='lat'><strong>147</strong></span> <span class='ocrx_word' id='word_1_256' title='bbox 847 1521 921 1554; x_wconf 89' lang='lat' dir='ltr'><strong>sqq.</strong></span> <span class='ocrx_word' id='word_1_257' title='bbox 949 1522 989 1542; x_wconf 89' lang='lat' dir='ltr'><strong>ex</strong></span> <span class='ocrx_word' id='word_1_258' title='bbox 1015 1511 1188 1556; x_wconf 85' lang='lat' dir='ltr'><strong>Euripide,</strong></span> <span class='ocrx_word' id='word_1_259' title='bbox 1213 1524 1282 1546; x_wconf 88' lang='lat' dir='ltr'><strong>non</strong></span> <span class='ocrx_word' id='word_1_260' title='bbox 1307 1526 1347 1546; x_wconf 87' lang='lat' dir='ltr'><strong>ex</strong></span> <span class='ocrx_word' id='word_1_261' title='bbox 1371 1522 1504 1558; x_wconf 78' lang='lat' dir='ltr'><strong>nostro,</strong></span> <span class='ocrx_word' id='word_1_262' title='bbox 1529 1529 1605 1549; x_wconf 87' lang='lat' dir='ltr'><strong>esse</strong></span> 
     </span>
     <span class='ocr_line' id='line_1_26' title="bbox 113 1552 1605 1599; baseline 0.009 -17"><span class='ocrx_word' id='word_1_263' title='bbox 113 1562 310 1594; x_wconf 85' lang='lat' dir='ltr'><strong>expressum</strong></span> <span class='ocrx_word' id='word_1_264' title='bbox 335 1552 550 1584; x_wconf 79' lang='lat' dir='ltr'><strong>manifestum</strong></span> <span class='ocrx_word' id='word_1_265' title='bbox 578 1560 640 1586; x_wconf 89' lang='lat' dir='ltr'><strong>est.</strong></span> <span class='ocrx_word' id='word_1_266' title='bbox 690 1555 855 1599; x_wconf 78' lang='lat' dir='ltr'><strong>agitatur</strong></span> <span class='ocrx_word' id='word_1_267' title='bbox 873 1557 1039 1589; x_wconf 81' lang='lat' dir='ltr'><strong>Rottend.</strong></span> <span class='ocrx_word' id='word_1_268' title='bbox 1065 1557 1164 1591; x_wconf 86' lang='lat' dir='ltr'><strong>alter.</strong></span> <span class='ocrx_word' id='word_1_269' title='bbox 1196 1559 1367 1593; x_wconf 80' lang='lat' dir='ltr'><strong>Donatum</strong></span> <span class='ocrx_word' id='word_1_270' title='bbox 1389 1561 1422 1594; x_wconf 88' lang='lat' dir='ltr'><strong>in</strong></span> <span class='ocrx_word' id='word_1_271' title='bbox 1442 1562 1496 1594; x_wconf 87' lang='lat' dir='ltr'><strong>his</strong></span> <span class='ocrx_word' id='word_1_272' title='bbox 1516 1575 1605 1595; x_wconf 91' lang='lat' dir='ltr'><strong>con—</strong></span> 
     </span>
     <span class='ocr_line' id='line_1_27' title="bbox 111 1596 1605 1653; baseline 0.009 -25"><span class='ocrx_word' id='word_1_273' title='bbox 111 1596 224 1629; x_wconf 90' lang='lat' dir='ltr'><strong>sulere</strong></span> <span class='ocrx_word' id='word_1_274' title='bbox 249 1608 316 1629; x_wconf 89' lang='lat' dir='ltr'><strong>non</strong></span> <span class='ocrx_word' id='word_1_275' title='bbox 342 1597 443 1637; x_wconf 87' lang='lat' dir='ltr'><strong>licet;</strong></span> <span class='ocrx_word' id='word_1_276' title='bbox 481 1605 533 1630; x_wconf 90' lang='lat' dir='ltr'><strong>est</strong></span> <span class='ocrx_word' id='word_1_277' title='bbox 559 1599 647 1631; x_wconf 87' lang='lat' dir='ltr'><strong>enim</strong></span> <span class='ocrx_word' id='word_1_278' title='bbox 673 1599 706 1631; x_wconf 89' lang='lat' dir='ltr'><strong>in</strong></span> <span class='ocrx_word' id='word_1_279' title='bbox 731 1600 792 1632; x_wconf 91' lang='lat' dir='ltr'><strong>lib.</strong></span> <span class='ocrx_word' id='word_1_280' title='bbox 818 1602 866 1634; x_wconf 83' lang='lat' dir='ltr'><strong>lv</strong></span> <span class='ocrx_word' id='word_1_281' title='bbox 890 1601 1010 1634; x_wconf 82' lang='lat' dir='ltr'><strong>lacuna</strong></span> <span class='ocrx_word' id='word_1_282' title='bbox 1034 1603 1068 1636; x_wconf 91' lang='lat' dir='ltr'><strong>in</strong></span> <span class='ocrx_word' id='word_1_283' title='bbox 1095 1604 1165 1636; x_wconf 89' lang='lat' dir='ltr'><strong>eius</strong></span> <span class='ocrx_word' id='word_1_284' title='bbox 1190 1605 1462 1641; x_wconf 83' lang='lat' dir='ltr'><strong>Commentariis.</strong></span> <span class='ocrx_word' id='word_1_285' title='bbox 1488 1609 1605 1653; x_wconf 83' lang='lat' dir='ltr'><strong>(Quod</strong></span> 
     </span>
     <span class='ocr_line' id='line_1_28' title="bbox 114 1644 1604 1695; baseline 0.009 -21"><span class='ocrx_word' id='word_1_286' title='bbox 114 1654 238 1675; x_wconf 85' lang='lat' dir='ltr'><strong>scenae</strong></span> <span class='ocrx_word' id='word_1_287' title='bbox 264 1644 474 1676; x_wconf 85' lang='lat' dir='ltr'><strong>mentionem</strong></span> <span class='ocrx_word' id='word_1_288' title='bbox 498 1645 581 1677; x_wconf 86' lang='lat' dir='ltr'><strong>facit</strong></span> <span class='ocrx_word' id='word_1_289' title='bbox 606 1652 730 1690; x_wconf 84' lang='lat' dir='ltr'><strong>poeta,</strong></span> <span class='ocrx_word' id='word_1_290' title='bbox 755 1647 864 1679; x_wconf 89' lang='lat' dir='ltr'><strong>minus</strong></span> <span class='ocrx_word' id='word_1_291' title='bbox 889 1648 1060 1689; x_wconf 78' lang='lat' dir='ltr'><strong>offendet,</strong></span> <span class='ocrx_word' id='word_1_292' title='bbox 1085 1650 1113 1682; x_wconf 85' lang='lat' dir='ltr'><strong>si</strong></span> <span class='ocrx_word' id='word_1_293' title='bbox 1138 1654 1409 1695; x_wconf 81' lang='lat' dir='ltr'><strong>reputaverimus</strong></span> <span class='ocrx_word' id='word_1_294' title='bbox 1425 1680 1433 1694; x_wconf 91' lang='lat'><strong>,</strong></span> <span class='ocrx_word' id='word_1_295' title='bbox 1458 1654 1493 1687; x_wconf 89' lang='lat' dir='ltr'><strong>in</strong></span> <span class='ocrx_word' id='word_1_296' title='bbox 1516 1667 1604 1687; x_wconf 88' lang='lat' dir='ltr'><strong>con-</strong></span> 
     </span>
     <span class='ocr_line' id='line_1_29' title="bbox 115 1689 1603 1742; baseline 0.009 -22"><span class='ocrx_word' id='word_1_297' title='bbox 115 1689 228 1721; x_wconf 88' lang='lat' dir='ltr'><strong>denda</strong></span> <span class='ocrx_word' id='word_1_298' title='bbox 248 1690 456 1733; x_wconf 84' lang='lat' dir='ltr'><strong>Carthagine</strong></span> <span class='ocrx_word' id='word_1_299' title='bbox 492 1691 593 1723; x_wconf 78' lang='lat' dir='ltr'><strong>etiarn</strong></span> <span class='ocrx_word' id='word_1_300' title='bbox 628 1691 801 1724; x_wconf 83' lang='lat' dir='ltr'><strong>theatrum</strong></span> <span class='ocrx_word' id='word_1_301' title='bbox 826 1695 1028 1734; x_wconf 89' lang='lat' dir='ltr'><strong>memorari;</strong></span> <span class='ocrx_word' id='word_1_302' title='bbox 1061 1696 1123 1729; x_wconf 83' lang='lat' dir='ltr'><strong>csr.</strong></span> <span class='ocrx_word' id='word_1_303' title='bbox 1148 1704 1268 1730; x_wconf 81' lang='lat' dir='ltr'><strong>notata</strong></span> <span class='ocrx_word' id='word_1_304' title='bbox 1293 1699 1337 1731; x_wconf 88' lang='lat' dir='ltr'><strong>ad</strong></span> <span class='ocrx_word' id='word_1_305' title='bbox 1362 1703 1446 1733; x_wconf 85' lang='lat' dir='ltr'><strong>Aen.</strong></span> <span class='ocrx_word' id='word_1_306' title='bbox 1471 1702 1497 1742; x_wconf 90' lang='lat' dir='ltr'><strong>I,</strong></span> <span class='ocrx_word' id='word_1_307' title='bbox 1523 1700 1603 1737; x_wconf 73' lang='lat'><strong>427.</strong></span> 
     </span>
     <span class='ocr_line' id='line_1_30' title="bbox 112 1736 1604 1788; baseline 0.009 -21"><span class='ocrx_word' id='word_1_308' title='bbox 112 1737 237 1768; x_wconf 81' lang='lat' dir='ltr'><strong>Scenis</strong></span> <span class='ocrx_word' id='word_1_309' title='bbox 262 1736 363 1778; x_wconf 75' lang='lat' dir='ltr'><strong>iunge</strong></span> <span class='ocrx_word' id='word_1_310' title='bbox 389 1737 574 1780; x_wconf 88' lang='lat' dir='ltr'><strong>participio</strong></span> <span class='ocrx_word' id='word_1_311' title='bbox 601 1739 782 1782; x_wconf 73' lang='lat' dir='ltr'><strong>agitatus-3</strong></span> <span class='ocrx_word' id='word_1_312' title='bbox 808 1740 955 1784; x_wconf 85' lang='lat' dir='ltr'><strong>requirit</strong></span> <span class='ocrx_word' id='word_1_313' title='bbox 979 1744 1096 1774; x_wconf 74' lang='lat' dir='ltr'><strong>scenis</strong></span> <span class='ocrx_word' id='word_1_314' title='bbox 1118 1743 1186 1776; x_wconf 87' lang='lat' dir='ltr'><strong>tale</strong></span> <span class='ocrx_word' id='word_1_315' title='bbox 1212 1744 1293 1788; x_wconf 89' lang='lat' dir='ltr'><strong>quid</strong></span> <span class='ocrx_word' id='word_1_316' title='bbox 1319 1746 1508 1787; x_wconf 83' lang='lat' dir='ltr'><strong>adiectum3</strong></span> <span class='ocrx_word' id='word_1_317' title='bbox 1541 1760 1604 1781; x_wconf 87' lang='lat' dir='ltr'><strong>nec</strong></span> 
     </span>
     <span class='ocr_line' id='line_1_31' title="bbox 111 1781 1602 1837; baseline 0.01 -25"><span class='ocrx_word' id='word_1_318' title='bbox 111 1781 234 1822; x_wconf 84' lang='lat' dir='ltr'><strong>video,</strong></span> <span class='ocrx_word' id='word_1_319' title='bbox 264 1782 345 1826; x_wconf 91' lang='lat' dir='ltr'><strong>quid</strong></span> <span class='ocrx_word' id='word_1_320' title='bbox 372 1783 578 1826; x_wconf 85' lang='lat' dir='ltr'><strong>prohibeat,</strong></span> <span class='ocrx_word' id='word_1_321' title='bbox 613 1785 792 1828; x_wconf 86' lang='lat' dir='ltr'><strong>quominus</strong></span> <span class='ocrx_word' id='word_1_322' title='bbox 818 1785 904 1818; x_wconf 86' lang='lat' dir='ltr'><strong>haec</strong></span> <span class='ocrx_word' id='word_1_323' title='bbox 929 1787 1147 1830; x_wconf 74' lang='lat' dir='ltr'><strong>copulemus3</strong></span> <span class='ocrx_word' id='word_1_324' title='bbox 1181 1791 1305 1822; x_wconf 82' lang='lat' dir='ltr'><strong>suadet</strong></span> <span class='ocrx_word' id='word_1_325' title='bbox 1328 1791 1396 1825; x_wconf 91' lang='lat' dir='ltr'><strong>hoc</strong></span> <span class='ocrx_word' id='word_1_326' title='bbox 1420 1793 1496 1837; x_wconf 87' lang='lat' dir='ltr'><strong>ipse</strong></span> <span class='ocrx_word' id='word_1_327' title='bbox 1520 1806 1602 1826; x_wconf 89' lang='lat' dir='ltr'><strong>ver-</strong></span> 
     </span>
     <span class='ocr_line' id='line_1_32' title="bbox 109 1827 1602 1881; baseline 0.009 -22"><span class='ocrx_word' id='word_1_328' title='bbox 109 1827 230 1860; x_wconf 91' lang='lat' dir='ltr'><strong>borum</strong></span> <span class='ocrx_word' id='word_1_329' title='bbox 255 1829 410 1872; x_wconf 85' lang='lat' dir='ltr'><strong>positus,</strong></span> <span class='ocrx_word' id='word_1_330' title='bbox 435 1829 469 1861; x_wconf 88' lang='lat' dir='ltr'><strong>in</strong></span> <span class='ocrx_word' id='word_1_331' title='bbox 495 1830 587 1861; x_wconf 91' lang='lat' dir='ltr'><strong>bono</strong></span> <span class='ocrx_word' id='word_1_332' title='bbox 612 1837 716 1874; x_wconf 86' lang='lat' dir='ltr'><strong>poeta</strong></span> <span class='ocrx_word' id='word_1_333' title='bbox 741 1831 878 1864; x_wconf 88' lang='lat' dir='ltr'><strong>minime</strong></span> <span class='ocrx_word' id='word_1_334' title='bbox 904 1833 1140 1876; x_wconf 83' lang='lat' dir='ltr'><strong>negligendus.</strong></span> <span class='ocrx_word' id='word_1_335' title='bbox 1186 1838 1312 1869; x_wconf 77' lang='lat' dir='ltr'><strong>Scenis</strong></span> <span class='ocrx_word' id='word_1_336' title='bbox 1337 1844 1389 1870; x_wconf 87' lang='lat' dir='ltr'><strong>est</strong></span> <span class='ocrx_word' id='word_1_337' title='bbox 1413 1840 1448 1871; x_wconf 65' lang='lat'><strong>12⁷:</strong></span> <span class='ocrx_word' id='word_1_338' title='bbox 1475 1841 1602 1881; x_wconf 72' lang='lat' dir='ltr'><strong>scenis,</strong></span> 
     </span>
     <span class='ocr_line' id='line_1_33' title="bbox 108 1873 1601 1928; baseline 0.009 -23"><span class='ocrx_word' id='word_1_339' title='bbox 108 1873 176 1906; x_wconf 88' lang='lat' dir='ltr'><strong>vid.</strong></span> <span class='ocrx_word' id='word_1_340' title='bbox 204 1875 246 1906; x_wconf 91' lang='lat' dir='ltr'><strong>V.</strong></span> <span class='ocrx_word' id='word_1_341' title='bbox 268 1875 306 1906; x_wconf 91' lang='lat' dir='ltr'><strong>L.</strong></span> <span class='ocrx_word' id='word_1_342' title='bbox 333 1876 375 1907; x_wconf 86' lang='lat' dir='ltr'><strong>ad</strong></span> <span class='ocrx_word' id='word_1_343' title='bbox 400 1887 449 1908; x_wconf 87' lang='lat' dir='ltr'><strong>vs.</strong></span> <span class='ocrx_word' id='word_1_344' title='bbox 474 1877 531 1910; x_wconf 74' lang='grc'><strong>26.</strong></span> <span class='ocrx_word' id='word_1_345' title='bbox 584 1877 628 1908; x_wconf 88' lang='lat' dir='ltr'><strong>Et</strong></span> <span class='ocrx_word' id='word_1_346' title='bbox 653 1877 797 1920; x_wconf 85' lang='lat' dir='ltr'><strong>pluralis</strong></span> <span class='ocrx_word' id='word_1_347' title='bbox 833 1880 950 1911; x_wconf 81' lang='lat' dir='ltr'><strong>scenis</strong></span> <span class='ocrx_word' id='word_1_348' title='bbox 973 1879 1065 1912; x_wconf 84' lang='lat' dir='ltr'><strong>valet</strong></span> <span class='ocrx_word' id='word_1_349' title='bbox 1089 1880 1111 1912; x_wconf 90' lang='lat' dir='ltr'><strong>i.</strong></span> <span class='ocrx_word' id='word_1_350' title='bbox 1138 1894 1172 1926; x_wconf 92' lang='lat' dir='ltr'><strong>q.</strong></span> <span class='ocrx_word' id='word_1_351' title='bbox 1204 1895 1340 1928; x_wconf 87' lang='lat' dir='ltr'><strong>saepe</strong></span> <span class='ocrx_word' id='word_1_352' title='bbox 1373 1884 1418 1916; x_wconf 88' lang='lat' dir='ltr'><strong>in</strong></span> <span class='ocrx_word' id='word_1_353' title='bbox 1453 1898 1601 1919; x_wconf 87' lang='lat' dir='ltr'><strong>scena.</strong></span> 
     </span>
     <span class='ocr_line' id='line_1_34' title="bbox 107 1921 1602 1974; baseline 0.009 -23"><span class='ocrx_word' id='word_1_354' title='bbox 107 1922 219 1963; x_wconf 81' lang='lat' dir='ltr'><strong>Atque</strong></span> <span class='ocrx_word' id='word_1_355' title='bbox 246 1921 349 1952; x_wconf 83' lang='lat' dir='ltr'><strong>etiam</strong></span> <span class='ocrx_word' id='word_1_356' title='bbox 374 1921 417 1953; x_wconf 88' lang='lat' dir='ltr'><strong>de</strong></span> <span class='ocrx_word' id='word_1_357' title='bbox 442 1922 598 1955; x_wconf 86' lang='lat' dir='ltr'><strong>Pentheo</strong></span> <span class='ocrx_word' id='word_1_358' title='bbox 625 1935 711 1967; x_wconf 87' lang='lat' dir='ltr'><strong>quae</strong></span> <span class='ocrx_word' id='word_1_359' title='bbox 735 1925 934 1965; x_wconf 69' lang='lat' dir='ltr'><strong>alleruntur,</strong></span> <span class='ocrx_word' id='word_1_360' title='bbox 958 1925 993 1957; x_wconf 87' lang='lat' dir='ltr'><strong>in</strong></span> <span class='ocrx_word' id='word_1_361' title='bbox 1017 1925 1141 1960; x_wconf 86' lang='lat' dir='ltr'><strong>Latina</strong></span> <span class='ocrx_word' id='word_1_362' title='bbox 1166 1929 1310 1971; x_wconf 84' lang='lat' dir='ltr'><strong>quadam</strong></span> <span class='ocrx_word' id='word_1_363' title='bbox 1335 1931 1514 1974; x_wconf 85' lang='lat' dir='ltr'><strong>tragoedia</strong></span> <span class='ocrx_word' id='word_1_364' title='bbox 1539 1944 1602 1965; x_wconf 88' lang='lat' dir='ltr'><strong>ex·-</strong></span> 
     </span>
     <span class='ocr_line' id='line_1_35' title="bbox 108 1965 1602 2017; baseline 0.009 -20"><span class='ocrx_word' id='word_1_365' title='bbox 108 1965 219 1998; x_wconf 81' lang='lat' dir='ltr'><strong>hibita</strong></span> <span class='ocrx_word' id='word_1_366' title='bbox 255 1966 380 2008; x_wconf 80' lang='lat' dir='ltr'><strong>fuisse,</strong></span> <span class='ocrx_word' id='word_1_367' title='bbox 414 1974 563 2000; x_wconf 85' lang='lat' dir='ltr'><strong>testatur</strong></span> <span class='ocrx_word' id='word_1_368' title='bbox 598 1975 737 2012; x_wconf 83' lang='lat' dir='ltr'><strong>praeter</strong></span> <span class='ocrx_word' id='word_1_369' title='bbox 768 1972 934 2013; x_wconf 89' lang='lat' dir='ltr'><strong>Pompon.</strong></span> <span class='ocrx_word' id='word_1_370' title='bbox 968 1972 1128 2005; x_wconf 84' lang='lat' dir='ltr'><strong>Sabinum</strong></span> <span class='ocrx_word' id='word_1_371' title='bbox 1162 1975 1320 2017; x_wconf 88' lang='lat' dir='ltr'><strong>Servius,</strong></span> <span class='ocrx_word' id='word_1_372' title='bbox 1363 1984 1398 2009; x_wconf 92' lang='lat' dir='ltr'><strong>et</strong></span> <span class='ocrx_word' id='word_1_373' title='bbox 1421 1978 1602 2011; x_wconf 80' lang='lat' dir='ltr'><strong>confirmat</strong></span> 
     </span>
     <span class='ocr_line' id='line_1_36' title="bbox 109 2011 1602 2063; baseline 0.011 -22"><span class='ocrx_word' id='word_1_374' title='bbox 109 2011 362 2054; x_wconf 81' lang='lat' dir='ltr'><strong>quodammodo</strong></span> <span class='ocrx_word' id='word_1_375' title='bbox 388 2014 553 2046; x_wconf 81' lang='lat' dir='ltr'><strong>Praesens</strong></span> <span class='ocrx_word' id='word_1_376' title='bbox 578 2015 686 2046; x_wconf 74' lang='lat' dir='ltr'><strong>videt.</strong></span> <span class='ocrx_word' id='word_1_377' title='bbox 736 2018 831 2056; x_wconf 87' lang='lat' dir='ltr'><strong>Quae</strong></span> <span class='ocrx_word' id='word_1_378' title='bbox 858 2028 912 2048; x_wconf 90' lang='lat' dir='ltr'><strong>res</strong></span> <span class='ocrx_word' id='word_1_379' title='bbox 938 2017 1040 2050; x_wconf 87' lang='lat' dir='ltr'><strong>etiam</strong></span> <span class='ocrx_word' id='word_1_380' title='bbox 1065 2019 1171 2063; x_wconf 90' lang='lat' dir='ltr'><strong>magis</strong></span> <span class='ocrx_word' id='word_1_381' title='bbox 1197 2020 1385 2054; x_wconf 83' lang='lat' dir='ltr'><strong>labefactat</strong></span> <span class='ocrx_word' id='word_1_382' title='bbox 1407 2024 1602 2057; x_wconf 86' lang='lat' dir='ltr'><strong>Marklandi</strong></span> 
     </span>
     <span class='ocr_line' id='line_1_37' title="bbox 108 2058 1600 2111; baseline 0.01 -24"><span class='ocrx_word' id='word_1_383' title='bbox 108 2058 351 2090; x_wconf 85' lang='lat' dir='ltr'><strong>coniecturam.</strong></span> <span class='ocrx_word' id='word_1_384' title='bbox 388 2060 481 2101; x_wconf 78' lang='lat' dir='ltr'><strong>ll&#39;r.)</strong></span> <span class='ocrx_word' id='word_1_385' title='bbox 581 2061 649 2095; x_wconf 82' lang='lat'><strong>473</strong></span> <span class='ocrx_word' id='word_1_386' title='bbox 685 2063 767 2093; x_wconf 85' lang='lat' dir='ltr'><strong>Cum</strong></span> <span class='ocrx_word' id='word_1_387' title='bbox 806 2063 903 2094; x_wconf 77' lang='lat' dir='ltr'><strong>videt</strong></span> <span class='ocrx_word' id='word_1_388' title='bbox 926 2064 1084 2097; x_wconf 82' lang='lat' dir='ltr'><strong>Parrhas.</strong></span> <span class='ocrx_word' id='word_1_389' title='bbox 1134 2066 1304 2111; x_wconf 71' lang='lat' dir='ltr'><strong>Confugit</strong></span> <span class='ocrx_word' id='word_1_390' title='bbox 1329 2069 1450 2101; x_wconf 80' lang='lat' dir='ltr'><strong>Ilamb.</strong></span> <span class='ocrx_word' id='word_1_391' title='bbox 1477 2081 1529 2111; x_wconf 86' lang='lat' dir='ltr'><strong>pr.</strong></span> <span class='ocrx_word' id='word_1_392' title='bbox 1565 2076 1600 2102; x_wconf 83' lang='lat' dir='ltr'><strong>et</strong></span> 
     </span>
     <span class='ocr_line' id='line_1_38' title="bbox 108 2104 1600 2160; baseline 0.01 -26"><span class='ocrx_word' id='word_1_393' title='bbox 108 2104 273 2137; x_wconf 83' lang='lat' dir='ltr'><strong>Rottend.</strong></span> <span class='ocrx_word' id='word_1_394' title='bbox 297 2104 396 2136; x_wconf 88' lang='lat' dir='ltr'><strong>alter.</strong></span> <span class='ocrx_word' id='word_1_395' title='bbox 445 2113 519 2137; x_wconf 79' lang='lat' dir='ltr'><strong>tum</strong></span> <span class='ocrx_word' id='word_1_396' title='bbox 539 2104 572 2149; x_wconf 89' lang='lat' dir='ltr'><em>s</em></span> <span class='ocrx_word' id='word_1_397' title='bbox 599 2107 668 2138; x_wconf 80' lang='lat' dir='ltr'><strong>Erf.</strong></span> <span class='ocrx_word' id='word_1_398' title='bbox 717 2108 823 2140; x_wconf 74' lang='lat' dir='ltr'><strong>divae</strong></span> <span class='ocrx_word' id='word_1_399' title='bbox 847 2108 935 2142; x_wconf 88' lang='lat' dir='ltr'><strong>Gud.</strong></span> <span class='ocrx_word' id='word_1_400' title='bbox 969 2121 988 2141; x_wconf 85' lang='lat' dir='ltr'><strong>a</strong></span> <span class='ocrx_word' id='word_1_401' title='bbox 1015 2122 1059 2143; x_wconf 90' lang='lat' dir='ltr'><strong>m.</strong></span> <span class='ocrx_word' id='word_1_402' title='bbox 1082 2122 1146 2155; x_wconf 70' lang='lat' dir='ltr'><strong>pn,</strong></span> <span class='ocrx_word' id='word_1_403' title='bbox 1180 2113 1273 2156; x_wconf 83' lang='lat' dir='ltr'><strong>quod</strong></span> <span class='ocrx_word' id='word_1_404' title='bbox 1297 2125 1367 2146; x_wconf 89' lang='lat' dir='ltr'><strong>non</strong></span> <span class='ocrx_word' id='word_1_405' title='bbox 1391 2114 1600 2160; x_wconf 87' lang='lat' dir='ltr'><strong>displicebat</strong></span> 
     </span>
     <span class='ocr_line' id='line_1_39' title="bbox 108 2148 887 2198; baseline 0.012 -19"><span class='ocrx_word' id='word_1_406' title='bbox 108 2148 264 2181; x_wconf 80' lang='lat' dir='ltr'><strong>Heinsio.</strong></span> <span class='ocrx_word' id='word_1_407' title='bbox 291 2151 514 2195; x_wconf 75' lang='lat' dir='ltr'><strong>(ultrici-sque</strong></span> <span class='ocrx_word' id='word_1_408' title='bbox 537 2152 660 2196; x_wconf 83' lang='lat' dir='ltr'><strong>fragm.</strong></span> <span class='ocrx_word' id='word_1_409' title='bbox 685 2155 764 2187; x_wconf 82' lang='lat' dir='ltr'><strong>Vat.</strong></span> <span class='ocrx_word' id='word_1_410' title='bbox 794 2154 887 2198; x_wconf 82' lang='lat' dir='ltr'><strong>Wr.)</strong></span> 
     </span>
    </p>
   </div>
   <div class='ocr_carea' id='block_1_4' title="bbox 109 2249 1596 2308">
    <p class='ocr_par' dir='ltr' id='par_1_4' title="bbox 109 2249 1596 2308">
     <span class='ocr_line' id='line_1_40' title="bbox 109 2249 1596 2308; baseline 0.009 -18"><span class='ocrx_word' id='word_1_411' title='bbox 109 2253 188 2291; x_wconf 91' lang='lat' dir='ltr'><strong>det.</strong></span> <span class='ocrx_word' id='word_1_412' title='bbox 247 2249 351 2306; x_wconf 83' lang='lat' dir='ltr'><strong>(Hac</strong></span> <span class='ocrx_word' id='word_1_413' title='bbox 380 2255 419 2292; x_wconf 86' lang='lat' dir='ltr'><strong>in</strong></span> <span class='ocrx_word' id='word_1_414' title='bbox 448 2261 540 2293; x_wconf 81' lang='lat' dir='ltr'><strong>nota</strong></span> <span class='ocrx_word' id='word_1_415' title='bbox 572 2257 691 2294; x_wconf 81' lang='lat' dir='ltr'><strong>verba</strong></span> <span class='ocrx_word' id='word_1_416' title='bbox 711 2272 827 2308; x_wconf 74' lang='lat' dir='ltr'><strong>seque</strong></span> <span class='ocrx_word' id='word_1_417' title='bbox 884 2259 1146 2298; x_wconf 60' lang='lat' dir='ltr'><strong>invadebatur</strong></span> <span class='ocrx_word' id='word_1_418' title='bbox 1165 2276 1191 2298; x_wconf 84' lang='grc' dir='ltr'><em>α</em></span> <span class='ocrx_word' id='word_1_419' title='bbox 1212 2263 1360 2301; x_wconf 65' lang='lat' dir='ltr'><strong>Hzriis.</strong></span> <span class='ocrx_word' id='word_1_420' title='bbox 1404 2266 1515 2303; x_wconf 74' lang='lat' dir='ltr'><strong>Illuc</strong></span> <span class='ocrx_word' id='word_1_421' title='bbox 1533 2280 1596 2304; x_wconf 83' lang='lat' dir='ltr'><strong>er—</strong></span> 
     </span>
    </p>
   </div>
   <div class='ocr_carea' id='block_1_5' title="bbox 100 2310 824 2932">
    <p class='ocr_par' dir='ltr' id='par_1_5' title="bbox 100 2310 824 2932">
     <span class='ocr_line' id='line_1_41' title="bbox 112 2310 824 2363; baseline 0.006 -17"><span class='ocrx_word' id='word_1_422' title='bbox 112 2310 489 2360; x_wconf 75' lang='lat' dir='ltr'><strong>adeo—e.1·c1gitari</strong></span> <span class='ocrx_word' id='word_1_423' title='bbox 517 2319 586 2350; x_wconf 84' lang='lat' dir='ltr'><strong>aut</strong></span> <span class='ocrx_word' id='word_1_424' title='bbox 620 2314 824 2363; x_wconf 86' lang='lat' dir='ltr'><strong>mutanda,</strong></span> 
     </span>
     <span class='ocr_line' id='line_1_42' title="bbox 107 2368 824 2408; baseline 0.008 -6"><span class='ocrx_word' id='word_1_425' title='bbox 107 2372 178 2404; x_wconf 86' lang='lat' dir='ltr'><strong>aut</strong></span> <span class='ocrx_word' id='word_1_426' title='bbox 207 2368 418 2406; x_wconf 79' lang='lat' dir='ltr'><strong>resecanda</strong></span> <span class='ocrx_word' id='word_1_427' title='bbox 450 2382 530 2405; x_wconf 84' lang='lat' dir='ltr'><strong>esse</strong></span> <span class='ocrx_word' id='word_1_428' title='bbox 560 2370 663 2408; x_wconf 57' lang='lat' dir='ltr'><strong>vidit</strong></span> <span class='ocrx_word' id='word_1_429' title='bbox 695 2372 731 2408; x_wconf 58' lang='lat' dir='ltr'><strong>W</strong></span> <span class='ocrx_word' id='word_1_430' title='bbox 747 2385 824 2408; x_wconf 88' lang='lat' dir='ltr'><strong>un—</strong></span> 
     </span>
     <span class='ocr_line' id='line_1_43' title="bbox 106 2423 823 2480; baseline 0.007 -20"><span class='ocrx_word' id='word_1_431' title='bbox 106 2423 202 2461; x_wconf 84' lang='lat' dir='ltr'><strong>derl.</strong></span> <span class='ocrx_word' id='word_1_432' title='bbox 227 2424 351 2463; x_wconf 78' lang='lat' dir='ltr'><strong>Praes.</strong></span> <span class='ocrx_word' id='word_1_433' title='bbox 370 2440 407 2477; x_wconf 91' lang='lat' dir='ltr'><strong>p.</strong></span> <span class='ocrx_word' id='word_1_434' title='bbox 427 2426 546 2463; x_wconf 75' lang='lat' dir='ltr'><strong>XVII.</strong></span> <span class='ocrx_word' id='word_1_435' title='bbox 576 2427 689 2480; x_wconf 81' lang='grc' dir='ltr'><strong>Ην.)</strong></span> <span class='ocrx_word' id='word_1_436' title='bbox 723 2429 823 2465; x_wconf 85' lang='lat' dir='ltr'><strong>Tra—</strong></span> 
     </span>
     <span class='ocr_line' id='line_1_44' title="bbox 104 2480 821 2532; baseline 0.007 -15"><span class='ocrx_word' id='word_1_437' title='bbox 104 2480 279 2530; x_wconf 82' lang='lat' dir='ltr'><strong>goediam</strong></span> <span class='ocrx_word' id='word_1_438' title='bbox 293 2489 429 2532; x_wconf 83' lang='lat' dir='ltr'><strong>poetae</strong></span> <span class='ocrx_word' id='word_1_439' title='bbox 450 2489 540 2520; x_wconf 87' lang='lat' dir='ltr'><strong>ante</strong></span> <span class='ocrx_word' id='word_1_440' title='bbox 554 2485 688 2522; x_wconf 83' lang='lat' dir='ltr'><strong>oculos</strong></span> <span class='ocrx_word' id='word_1_441' title='bbox 703 2486 821 2522; x_wconf 85' lang='lat' dir='ltr'><strong>fuisse</strong></span> 
     </span>
     <span class='ocr_line' id='line_1_45' title="bbox 104 2541 821 2590; baseline 0.01 -17"><span class='ocrx_word' id='word_1_442' title='bbox 104 2549 174 2588; x_wconf 89' lang='lat' dir='ltr'><strong>per</strong></span> <span class='ocrx_word' id='word_1_443' title='bbox 206 2550 244 2575; x_wconf 90' lang='lat' dir='ltr'><strong>se</strong></span> <span class='ocrx_word' id='word_1_444' title='bbox 275 2545 404 2590; x_wconf 83' lang='lat' dir='ltr'><strong>patet,</strong></span> <span class='ocrx_word' id='word_1_445' title='bbox 444 2546 482 2577; x_wconf 88' lang='lat' dir='ltr'><strong>et</strong></span> <span class='ocrx_word' id='word_1_446' title='bbox 513 2541 611 2578; x_wconf 85' lang='lat' dir='ltr'><strong>bene</strong></span> <span class='ocrx_word' id='word_1_447' title='bbox 642 2542 821 2580; x_wconf 87' lang='lat' dir='ltr'><strong>Servius:</strong></span> 
     </span>
     <span class='ocr_line' id='line_1_46' title="bbox 103 2594 820 2652; baseline 0.008 -22"><span class='ocrx_word' id='word_1_448' title='bbox 103 2595 148 2630; x_wconf 93' lang='lat' dir='ltr'><em>A</em></span> <span class='ocrx_word' id='word_1_449' title='bbox 167 2596 352 2633; x_wconf 73' lang='lat' dir='ltr'><strong>Pacuvio</strong></span> <span class='ocrx_word' id='word_1_450' title='bbox 382 2594 497 2648; x_wconf 84' lang='lat' dir='ltr'><strong>(puto</strong></span> <span class='ocrx_word' id='word_1_451' title='bbox 527 2597 568 2635; x_wconf 88' lang='lat' dir='ltr'><strong>in</strong></span> <span class='ocrx_word' id='word_1_452' title='bbox 595 2598 820 2652; x_wconf 65' lang='lat' dir='ltr'><strong>Duloreste)</strong></span> 
     </span>
     <span class='ocr_line' id='line_1_47' title="bbox 113 2649 816 2702; baseline 0.01 -16"><span class='ocrx_word' id='word_1_453' title='bbox 113 2649 262 2688; x_wconf 70' lang='lat' dir='ltr'><strong>Orestes</strong></span> <span class='ocrx_word' id='word_1_454' title='bbox 287 2654 508 2702; x_wconf 67' lang='lat' dir='ltr'><strong>inducitur,</strong></span> <span class='ocrx_word' id='word_1_455' title='bbox 543 2657 584 2692; x_wconf 77' lang='grc' dir='ltr'><strong>Ι)</strong></span> <span class='ocrx_word' id='word_1_456' title='bbox 600 2657 716 2693; x_wconf 70' lang='lat' dir='ltr'><strong>‘ludis</strong></span> <span class='ocrx_word' id='word_1_457' title='bbox 743 2658 816 2693; x_wconf 77' lang='lat' dir='ltr'><strong>atl-</strong></span> 
     </span>
     <span class='ocr_line' id='line_1_48' title="bbox 106 2709 820 2760; baseline 0.013 -19"><span class='ocrx_word' id='word_1_458' title='bbox 106 2709 280 2755; x_wconf 78' lang='lat' dir='ltr'><strong>mom&#39;lu,</strong></span> <span class='ocrx_word' id='word_1_459' title='bbox 317 2719 480 2760; x_wconf 77' lang='lat' dir='ltr'><strong>propter</strong></span> <span class='ocrx_word' id='word_1_460' title='bbox 510 2713 696 2750; x_wconf 62' lang='lat' dir='ltr'><strong>vitandas</strong></span> <span class='ocrx_word' id='word_1_461' title='bbox 733 2714 820 2750; x_wconf 74' lang='lat' dir='ltr'><strong>Fu-</strong></span> 
     </span>
     <span class='ocr_line' id='line_1_49' title="bbox 103 2763 820 2819; baseline 0.015 -22"><span class='ocrx_word' id='word_1_462' title='bbox 103 2763 214 2810; x_wconf 69' lang='lat' dir='ltr'><strong>rias,</strong></span> <span class='ocrx_word' id='word_1_463' title='bbox 255 2766 452 2814; x_wconf 68' lang='lat' dir='ltr'><strong>ingressus</strong></span> <span class='ocrx_word' id='word_1_464' title='bbox 487 2768 662 2819; x_wconf 78' lang='lat' dir='ltr'><strong>(Delphis</strong></span> <span class='ocrx_word' id='word_1_465' title='bbox 698 2769 738 2807; x_wconf 84' lang='lat' dir='ltr'><strong>id</strong></span> <span class='ocrx_word' id='word_1_466' title='bbox 761 2771 820 2807; x_wconf 83' lang='lat' dir='ltr'><strong>sa-</strong></span> 
     </span>
     <span class='ocr_line' id='line_1_50' title="bbox 104 2820 819 2873; baseline 0.013 -19"><span class='ocrx_word' id='word_1_467' title='bbox 104 2823 213 2855; x_wconf 86' lang='lat' dir='ltr'><strong>ctum</strong></span> <span class='ocrx_word' id='word_1_468' title='bbox 248 2820 444 2873; x_wconf 78' lang='lat' dir='ltr'><strong>intellige)</strong></span> <span class='ocrx_word' id='word_1_469' title='bbox 485 2825 687 2873; x_wconf 75' lang='lat' dir='ltr'><strong>Apollinis</strong></span> <span class='ocrx_word' id='word_1_470' title='bbox 722 2836 819 2863; x_wconf 82' lang='lat' dir='ltr'><strong>lem-</strong></span> 
     </span>
     <span class='ocr_line' id='line_1_51' title="bbox 100 2875 816 2932; baseline 0.017 -23"><span class='ocrx_word' id='word_1_471' title='bbox 100 2875 242 2924; x_wconf 74' lang='lat' dir='ltr'><strong>plum;</strong></span> <span class='ocrx_word' id='word_1_472' title='bbox 284 2879 386 2915; x_wconf 67' lang='lat' dir='ltr'><strong>uncle</strong></span> <span class='ocrx_word' id='word_1_473' title='bbox 425 2894 516 2917; x_wconf 80' lang='lat' dir='ltr'><strong>cum</strong></span> <span class='ocrx_word' id='word_1_474' title='bbox 548 2883 661 2919; x_wconf 64' lang='lat' dir='ltr'><strong>vellet</strong></span> <span class='ocrx_word' id='word_1_475' title='bbox 699 2886 816 2932; x_wconf 79' lang='lat' dir='ltr'><strong>exire,</strong></span> 
     </span>
    </p>
   </div>
   <div class='ocr_carea' id='block_1_6' title="bbox 877 2318 1596 2928">
    <p class='ocr_par' dir='ltr' id='par_1_6' title="bbox 877 2318 1596 2928">
     <span class='ocr_line' id='line_1_52' title="bbox 879 2318 1595 2365; baseline 0.013 -13"><span class='ocrx_word' id='word_1_476' title='bbox 879 2330 934 2365; x_wconf 76' lang='lat' dir='ltr'><strong>go</strong></span> <span class='ocrx_word' id='word_1_477' title='bbox 954 2325 1032 2354; x_wconf 82' lang='lat' dir='ltr'><strong>est:</strong></span> <span class='ocrx_word' id='word_1_478' title='bbox 1073 2318 1220 2356; x_wconf 86' lang='lat' dir='ltr'><strong>Sedent</strong></span> <span class='ocrx_word' id='word_1_479' title='bbox 1244 2320 1283 2356; x_wconf 91' lang='lat' dir='ltr'><strong>in</strong></span> <span class='ocrx_word' id='word_1_480' title='bbox 1315 2321 1447 2359; x_wconf 86' lang='lat' dir='ltr'><strong>limine</strong></span> <span class='ocrx_word' id='word_1_481' title='bbox 1471 2323 1595 2362; x_wconf 81' lang='lat' dir='ltr'><strong>Dirae.</strong></span> 
     </span>
     <span class='ocr_line' id='line_1_53' title="bbox 880 2373 1596 2428; baseline 0.015 -20"><span class='ocrx_word' id='word_1_482' title='bbox 880 2373 1074 2411; x_wconf 74' lang='lat' dir='ltr'><strong>Pacuvius</strong></span> <span class='ocrx_word' id='word_1_483' title='bbox 1091 2375 1210 2425; x_wconf 73' lang='lat' dir='ltr'><strong>igitur</strong></span> <span class='ocrx_word' id='word_1_484' title='bbox 1247 2374 1370 2428; x_wconf 87' lang='lat' dir='ltr'><strong>(quod</strong></span> <span class='ocrx_word' id='word_1_485' title='bbox 1390 2385 1427 2416; x_wconf 86' lang='lat' dir='ltr'><strong>et</strong></span> <span class='ocrx_word' id='word_1_486' title='bbox 1446 2380 1596 2419; x_wconf 86' lang='lat' dir='ltr'><strong>Ennius</strong></span> 
     </span>
     <span class='ocr_line' id='line_1_54' title="bbox 880 2429 1595 2483; baseline 0.014 -17"><span class='ocrx_word' id='word_1_487' title='bbox 880 2429 919 2466; x_wconf 91' lang='lat' dir='ltr'><strong>in</strong></span> <span class='ocrx_word' id='word_1_488' title='bbox 950 2430 1232 2469; x_wconf 84' lang='lat' dir='ltr'><strong>Eumenidibus</strong></span> <span class='ocrx_word' id='word_1_489' title='bbox 1260 2434 1372 2483; x_wconf 80' lang='lat' dir='ltr'><strong>fecit,</strong></span> <span class='ocrx_word' id='word_1_490' title='bbox 1413 2436 1494 2475; x_wconf 86' lang='lat' dir='ltr'><strong>vid.</strong></span> <span class='ocrx_word' id='word_1_491' title='bbox 1517 2438 1595 2475; x_wconf 90' lang='lat' dir='ltr'><strong>Co—</strong></span> 
     </span>
     <span class='ocr_line' id='line_1_55' title="bbox 879 2486 1593 2547; baseline 0.015 -25"><span class='ocrx_word' id='word_1_492' title='bbox 879 2486 1014 2524; x_wconf 86' lang='lat' dir='ltr'><strong>lumna</strong></span> <span class='ocrx_word' id='word_1_493' title='bbox 1044 2488 1092 2525; x_wconf 88' lang='lat' dir='ltr'><strong>ad</strong></span> <span class='ocrx_word' id='word_1_494' title='bbox 1125 2490 1223 2527; x_wconf 83' lang='lat' dir='ltr'><strong>Enn.</strong></span> <span class='ocrx_word' id='word_1_495' title='bbox 1246 2490 1399 2542; x_wconf 79' lang='lat' dir='ltr'><strong>Fragm.</strong></span> <span class='ocrx_word' id='word_1_496' title='bbox 1427 2507 1464 2544; x_wconf 89' lang='lat' dir='ltr'><strong>p.</strong></span> <span class='ocrx_word' id='word_1_497' title='bbox 1493 2493 1593 2547; x_wconf 77' lang='lat'>251)</span> 
     </span>
     <span class='ocr_line' id='line_1_56' title="bbox 878 2542 1594 2600; baseline 0.014 -21"><span class='ocrx_word' id='word_1_498' title='bbox 878 2542 1060 2596; x_wconf 75' lang='lat' dir='ltr'><strong>Aeschyli</strong></span> <span class='ocrx_word' id='word_1_499' title='bbox 1094 2546 1350 2597; x_wconf 83' lang='lat' dir='ltr'><strong>Eumenides,</strong></span> <span class='ocrx_word' id='word_1_500' title='bbox 1395 2551 1594 2600; x_wconf 86' lang='lat' dir='ltr'><strong>quodam-</strong></span> 
     </span>
     <span class='ocr_line' id='line_1_57' title="bbox 878 2600 1594 2655; baseline 0.013 -19"><span class='ocrx_word' id='word_1_501' title='bbox 878 2600 996 2638; x_wconf 91' lang='lat' dir='ltr'><strong>modo</strong></span> <span class='ocrx_word' id='word_1_502' title='bbox 1017 2602 1175 2653; x_wconf 87' lang='lat' dir='ltr'><strong>saltem,</strong></span> <span class='ocrx_word' id='word_1_503' title='bbox 1208 2613 1466 2655; x_wconf 82' lang='lat' dir='ltr'><strong>expresserat.</strong></span> <span class='ocrx_word' id='word_1_504' title='bbox 1494 2608 1594 2645; x_wconf 85' lang='lat' dir='ltr'><strong>Nam</strong></span> 
     </span>
     <span class='ocr_line' id='line_1_58' title="bbox 879 2658 1592 2709; baseline 0.014 -16"><span class='ocrx_word' id='word_1_505' title='bbox 879 2658 994 2695; x_wconf 85' lang='lat' dir='ltr'><strong>aliter</strong></span> <span class='ocrx_word' id='word_1_506' title='bbox 1026 2672 1110 2697; x_wconf 85' lang='lat' dir='ltr'><strong>rem</strong></span> <span class='ocrx_word' id='word_1_507' title='bbox 1144 2663 1324 2709; x_wconf 82' lang='lat' dir='ltr'><strong>ornavit,</strong></span> <span class='ocrx_word' id='word_1_508' title='bbox 1357 2663 1453 2701; x_wconf 88' lang='lat' dir='ltr'><strong>dum</strong></span> <span class='ocrx_word' id='word_1_509' title='bbox 1490 2665 1592 2702; x_wconf 91' lang='lat' dir='ltr'><strong>Ore-</strong></span> 
     </span>
     <span class='ocr_line' id='line_1_59' title="bbox 878 2716 1591 2772; baseline 0.013 -22"><span class='ocrx_word' id='word_1_510' title='bbox 878 2720 975 2752; x_wconf 88' lang='lat' dir='ltr'><strong>stem</strong></span> <span class='ocrx_word' id='word_1_511' title='bbox 1003 2716 1196 2755; x_wconf 84' lang='lat' dir='ltr'><strong>furentem</strong></span> <span class='ocrx_word' id='word_1_512' title='bbox 1225 2718 1399 2768; x_wconf 73' lang='lat' dir='ltr'><strong>exhibet,</strong></span> <span class='ocrx_word' id='word_1_513' title='bbox 1431 2722 1591 2772; x_wconf 88' lang='lat' dir='ltr'><strong>Euripi-</strong></span> 
     </span>
     <span class='ocr_line' id='line_1_60' title="bbox 879 2771 1590 2829; baseline 0.013 -22"><span class='ocrx_word' id='word_1_514' title='bbox 879 2771 945 2808; x_wconf 89' lang='lat' dir='ltr'><strong>des</strong></span> <span class='ocrx_word' id='word_1_515' title='bbox 967 2772 1006 2809; x_wconf 88' lang='lat' dir='ltr'><strong>in</strong></span> <span class='ocrx_word' id='word_1_516' title='bbox 1041 2774 1169 2811; x_wconf 82' lang='lat' dir='ltr'><strong>orest.</strong></span> <span class='ocrx_word' id='word_1_517' title='bbox 1190 2788 1227 2813; x_wconf 88' lang='lat' dir='ltr'><strong>v.</strong></span> <span class='ocrx_word' id='word_1_518' title='bbox 1252 2777 1333 2817; x_wconf 79' lang='lat'><strong>255</strong></span> <span class='ocrx_word' id='word_1_519' title='bbox 1355 2790 1437 2826; x_wconf 83' lang='lat' dir='ltr'><strong>sqq.</strong></span> <span class='ocrx_word' id='word_1_520' title='bbox 1467 2777 1590 2829; x_wconf 81' lang='lat' dir='ltr'><strong>Iphig.</strong></span> 
     </span>
     <span class='ocr_line' id='line_1_61' title="bbox 877 2827 1591 2885; baseline 0.01 -21"><span class='ocrx_word' id='word_1_521' title='bbox 877 2828 917 2865; x_wconf 87' lang='lat' dir='ltr'><strong>in</strong></span> <span class='ocrx_word' id='word_1_522' title='bbox 948 2827 1066 2867; x_wconf 83' lang='lat' dir='ltr'><strong>Taur.</strong></span> <span class='ocrx_word' id='word_1_523' title='bbox 1098 2834 1177 2872; x_wconf 82' lang='lat'><strong>283</strong></span> <span class='ocrx_word' id='word_1_524' title='bbox 1207 2837 1245 2868; x_wconf 91' lang='lat' dir='ltr'><strong>et</strong></span> <span class='ocrx_word' id='word_1_525' title='bbox 1267 2832 1327 2880; x_wconf 66' lang='lat' dir='ltr'><strong>ul„</strong></span> <span class='ocrx_word' id='word_1_526' title='bbox 1371 2834 1483 2871; x_wconf 86' lang='lat' dir='ltr'><strong>aliter</strong></span> <span class='ocrx_word' id='word_1_527' title='bbox 1503 2840 1591 2885; x_wconf 89' lang='lat' dir='ltr'><strong>post</strong></span> 
     </span>
     <span class='ocr_line' id='line_1_62' title="bbox 877 2884 1589 2928; baseline 0.01 -7"><span class='ocrx_word' id='word_1_528' title='bbox 877 2884 969 2922; x_wconf 83' lang='lat' dir='ltr'><strong>istas</strong></span> <span class='ocrx_word' id='word_1_529' title='bbox 1002 2886 1189 2925; x_wconf 83' lang='lat' dir='ltr'><strong>Racinius</strong></span> <span class='ocrx_word' id='word_1_530' title='bbox 1217 2889 1289 2926; x_wconf 92' lang='lat' dir='ltr'><strong>sub</strong></span> <span class='ocrx_word' id='word_1_531' title='bbox 1320 2890 1398 2927; x_wconf 87' lang='lat' dir='ltr'><strong>fine</strong></span> <span class='ocrx_word' id='word_1_532' title='bbox 1428 2891 1589 2928; x_wconf 86' lang='lat' dir='ltr'><strong>Andro-</strong></span> 
     </span>
    </p>
   </div>
  </div>
 </body>
</html>
