1827 3436
370 235 781 285 AENEIDOS
820 236 962 284 LlB.
998 236 1062 296 II,
1094 240 1387 288 208—220

124 360 445 424 Diffugimus
466 360 578 408 visu
601 375 900 424 exsangues,

125 434 431 481 Laocoonta
455 438 658 495 petunt.

1538 246 1638 292 299

972 360 1055 409 Illi
1078 360 1287 424 agmine
1308 371 1454 411 certo

729 431 797 480 Et
815 429 1049 494 primum
1075 447 1233 497 parva
1256 428 1489 480 duorum

128 503 366 564 Corpora
388 508 639 547 natorum
663 515 882 565 serpens
908 499 1178 565 amplexus
1202 508 1431 566 uterque

124 568 369 634 Inplicat,
408 577 462 618 et
478 569 703 618 miseros
727 585 916 617 morsu
938 568 1240 635 depascitur
1258 578 1424 631 artus3

1538 577 1642 624 215

124 642 251 688 Post
272 639 447 704 ipsum
464 679 476 701 ,
515 638 703 687 auxilio
726 638 1051 688 subeuntem
1076 655 1136 688 ac
1154 638 1259 688 tela
1284 637 1571 703 ferentem,

126 709 446 773 Conripiunt
462 749 473 771 ,
515 709 773 774 spirisque
795 708 958 772 ligant
978 709 1307 773 ingentibus;
1343 718 1394 758 et
1416 709 1521 758 iam

125 778 210 826 Bis
231 777 475 827 medium
497 776 747 843 amplexi,
790 778 870 826 bis
896 777 1037 827 collo
1063 796 1316 845 squamea
1337 780 1536 828 circum

127 851 298 911 Terga
321 847 451 909 dati,
493 856 746 913 superant
772 848 939 913 capite
969 857 1021 897 et
1044 848 1334 897 cervicibus
1356 849 1480 900 altis,

124 916 218 966 Ille
245 916 403 966 simul
424 917 670 968 manibus
695 917 867 966 tendit
889 917 1144 968 divellere
1165 918 1361 981 nodos,

1538 926 1642 971 220

218 1057 288 1091 212
312 1069 495 1090 exanzmes
517 1058 660 1092 Oudart.
708 1071 753 1091 ex
777 1070 922 1104 agmine
941 1061 1060 1102 Sprot.
1109 1070 1254 1104 agmine
1279 1067 1382 1104 cepto
1401 1070 1454 1102 pr.
1476 1059 1603 1091 Moret.
1623 1071 1642 1091 3

125 1115 169 1135 111.
189 1116 242 1148 pr.
291 1116 436 1150 agmine
449 1103 557 1149 facto
579 1111 651 1138 tres
670 1105 762 1148 apud
783 1106 969 1137 Burmann.
962 1130 982 1145 .‚
1017 1104 1111 1149 quod
1141 1105 1277 1138 scilicet
1305 1111 1339 1137 et
1365 1105 1447 1138 alibi
1480 1104 1641 1138 occurrit.

124 1149 194 1185 214
219 1163 289 1183 ιαηι
314 1131 516 1197 D‘ampleaus
547 1152 714 1184 Rottend.
752 1165 805 1197 pr.
853 1152 1062 1197 compleaus
1099 1152 1384 1194 Moret.f1agm.
1443 1152 1644 1197 conplexus

126 1197 237 1229 Hamb
273 1210 326 1241 pr.
347 1205 514 1242 perpetua
531 1199 736 1232 variatione.

830 1199 898 1233 215
924 1207 1072 1231 teneros
1098 1210 1142 1230 m.
1176 1199 1210 1230 d.
1243 1207 1349 1230 artus
1372 1197 1434 1230 Vir
1453 1198 1577 1230 doctus
1603 1199 1642 1242 (Ι.

126 1243 289 1284 on-tinus)
309 1244 398 1277 coni.
419 1245 454 1276 in
475 1245 577 1277 Obss.
598 1246 698 1278 Misc.
718 1245 802 1278 Crit.
828 1247 871 1277 T.
899 1247 925 1286 l,
951 1257 985 1288 p
1012 1246 1069 1279 29.
1095 1245 1154 1285 IV,
1180 1257 1214 1288 p.
1241 1246 1309 1285 29,
1344 1245 1422 1288 quia
1455 1256 1642 1289 puerorum

126 1302 288 1333 corpora.
337 1292 379 1323 Et
396 1290 480 1323 leni
501 1303 584 1323 sane
611 1292 646 1324 id
666 1292 791 1337 possit.
840 1292 909 1325 Sed
929 1297 1058 1336 poetae
1088 1291 1189 1323 aliter
1215 1291 1356 1336 placuit.
1405 1303 1556 1324 πιιεενοε
1575 1304 1641 1324 ar-

127 1346 189 1369 tus
209 1337 376 1381 exquIlSltC
394 1349 496 1381 paro
478 1345 570 1370 drtus
598 1339 803 1372 miserorum
825 1350 1024 1383 puerorum.

1117 1339 1189 1372 216
1215 1338 1391 1370 aux'flzum
1422 1339 1549 1370 Moret.
1571 1350 1641 1371 sec.

127 1390 163 1415 et
182 1385 319 1427 Hagen.
367 1393 402 1416 et
422 1385 497 1416 tela
513 1384 627 1428 Bigot.
650 1392 685 1418 et
706 1387 842 1429 Hugen.
879 1386 954 1418 tela
971 1392 1164 1430 paranten
1185 1384 1262 1416 frao
1242 1396 1309 1428 3111.
1329 1385 1456 1417 Moret.
1474 1391 1510 1416 et
1522 1388 1641 1428 Sprot.

127 1431 194 1464 217
220 1431 313 1463 collo
340 1430 394 1463 bis
420 1431 510 1464 alter
540 1433 678 1475 Menag.

127 1485 162 1508 et
180 1476 342 1509 cunibus
359 1479 462 1510 Voss.
513 1479 588 1511 alce
605 1479 711 1512 Goth.
730 1491 787 1511 sec

126 1523 187 1555 bat
206 1535 281 1555 esse
302 1523 481 1569 cupztzbus
498 1533 534 1557 ec
556 1538 641 1559 cerv
635 1524 757 1558 1”ιε·ιῖ)α.ς
772 1524 853 1558 suis.

127 1577 189 1602 ret.
212 1582 264 1614 pr.
284 1582 358 1603 cum
375 1570 452 1603 aliis
472 1578 555 1604 vett.
578 1572 671 1618 apud
690 1572 852 1605 Pieriam.

128 1676 285 1716 ΐστατο·
324 1673 430 1716 τοίὸ’
459 1676 680 1730 ἐφέροντο,
722 1676 854 1718 Αἰνὸν

126 1729 379 1785 λιχμαὶοιτὲς.
441 1735 626 1773 Cetelum
647 1735 787 1773 similia
805 1735 854 1773 de

125 1791 345 1842 ingentium
360 1791 578 1830 draconum
600 1793 750 1844 allapsu
761 1793 855 1844 plu-

130 1863 173 1887 ra
197 1856 292 1886 sunt
314 1856 523 1900 poetarum
548 1851 635 1888 loca
663 1849 731 1903 (cf.
756 1852 854 1889 Cer—

127 1904 209 1958 da),
230 1913 277 1944 ut
301 1906 350 1944 de
371 1907 611 1946 draconibus
630 1908 679 1945 ab
698 1908 856 1947 Hercu-

126 1964 162 2001 le
186 1977 310 2015 puero
334 1971 373 2002 ot
395 1979 415 2001 a
444 1966 593 2004 Cadmo
621 1966 855 2016 interemtis,

127 2022 396 2072 comparanda
417 2023 482 2060 illa
501 2024 660 2073 quidem
678 2038 758 2061 non
773 2024 855 2061 sine

127 2079 285 2128 fructu,
318 2080 349 2116 si
372 2080 453 2117 otio
476 2081 672 2129 abundes,
704 2083 762 2119 ita
789 2088 855 2119 ta-

127 2150 240 2184 men,
266 2142 314 2174 ut
335 2137 526 2175 iudicium
546 2139 586 2175 in
615 2151 857 2189 cognoscen-

129 2195 181 2231 do
204 2207 339 2231 rerum
356 2194 517 2242 dilectu,
548 2196 742 2233 varietate
759 2210 856 2233 nar-

128 2251 297 2289 rationis
315 2257 354 2289 et
372 2252 583 2301 suavitate,
615 2266 743 2301 acuas,
762 2267 857 2301 non,

128 2315 176 2346 ut
187 2309 343 2347 inanem
356 2309 535 2347 lectionis
548 2310 700 2361 copiam
720 2317 857 2348 osten—

129 2372 186 2404 tes
197 2367 448 2417 ieiunamque
460 2368 551 2405 inde
563 2368 779 2406 verborum
789 2381 857 2406 re-

128 2437 300 2475 rumque
322 2425 505 2463 similium
529 2426 680 2477 copiam
703 2439 858 2463 memo-

129 2482 189 2519 ria
224 2482 551 2534 comprehendas.
611 2484 672 2521 Ex
693 2483 857 2534 Virgilio

128 2539 298 2577 hausere
327 2540 446 2578 Ovid.
466 2540 517 2577 [V
545 2540 639 2578 Met.
661 2543 744 2582 688
773 2554 857 2591 sqq.

131 2602 171 2633 et
190 2596 326 2634 Manil.
346 2597 390 2645 V,
423 2597 520 2645 540,
554 2599 635 2639 579
658 2598 706 2635 de
724 2598 857 2636 bellua

130 2653 452 2703 Andromedam,
496 2661 533 2692 et
563 2655 690 2693 Valer.
725 2656 783 2694 Pl.
810 2656 856 2704 Il,

130 2710 214 2752 479
236 2726 319 2761 sqq.
341 2712 390 2749 de
411 2712 542 2750 bellua
562 2712 762 2751 Hesionen
794 2714 858 2751 in-

129 2768 325 2817 vadenteff,
356 2770 473 2807 Silius
496 2771 541 2817 11,
573 2770 655 2812 584
675 2785 758 2822 sqq.
793 2771 857 2809 in-

129 2826 267 2877 primis
298 2826 371 2874 Vl,
423 2827 500 2868 149
529 2841 611 2878 sqq.
645 2828 693 2865 de
723 2828 858 2880 hydro

130 2883 182 2920 ad
202 2883 422 2933 Bagradam
446 2898 570 2922 caeso.
630 2886 746 2923 Adde
767 2888 859 2923 Sta-

130 2940 231 2978 tium
256 2941 308 2979 VI
332 2941 454 2979 Theb.
480 2945 562 2985 506
587 2957 671 2994 sqq.
704 2943 753 2982 de
776 2956 859 2981 ser-

773 1433 842 1467 219
868 1432 962 1464 collo
992 1442 1077 1463 unus
1100 1431 1212 1475 Guelp
1216 1431 1315 1463 herb.
1335 1430 1369 1462 in
1388 1431 1534 1464 Collect.
1561 1434 1642 1464 833.

848 1480 968 1525 capite
986 1486 1021 1509 et
1050 1476 1251 1510 cervicibus
1281 1477 1379 1510 aluus
1411 1478 1505 1522 quod
1528 1478 1641 1510 debe-

947 1525 1019 1559 220
1043 1524 1228 1557 devellere
1254 1523 1402 1557 Mente]
1426 1537 1478 1570 pr.
1505 1532 1539 1557 et
1558 1525 1642 1558 Μο-

912 1683 1043 1729 pente,
1068 1676 1136 1728 qui
1157 1676 1449 1715 Archemorum
1471 1690 1642 1728 puerum

914 1736 1105 1783 devorat,
1145 1740 1183 1772 et
1202 1735 1360 1773 Petron.
1387 1749 1419 1773 e.
1442 1737 1508 1776 89.
1530 1749 1569 1773 v.
1587 1737 1643 1776 29

912 1807 995 1844 sqq.
1019 1792 1068 1830 de
1094 1792 1232 1830 eodem
1257 1798 1461 1841 monstro,
1494 1792 1543 1830 de
1563 1805 1642 1843 quo

914 1856 1051 1889 noster
1072 1850 1163 1901 agit.

972 1911 1068 1951 212.
1098 1908 1276 1958 Agmine
1306 1916 1429 1955 cerlo,
1463 1907 1643 1957 exquisi—

914 1972 953 2003 ta
988 1965 1206 2014 latinitate,
1263 1979 1338 2017 pro
1378 1970 1548 2015 uterque
1588 1964 1643 2002 si-

912 2023 996 2061 mul
1047 2022 1247 2060 destinato
1298 2022 1341 2059 in
1380 2035 1471 2060 eum
1517 2023 1643 2074 lapsu.

913 2081 1009 2123 215.
1040 2081 1247 2130 lmplicat,
1283 2079 1505 2117 circumdat
1528 2079 1645 2131 spiris

914 2151 984 2176 seu
1009 2138 1122 2175 nodis
1145 2151 1190 2174 ao
1213 2137 1496 2175 voluminibus.
1536 2151 1644 2173 mor-

914 2211 961 2233 sa
989 2197 1236 2245 depascitur,
1279 2193 1528 2245 ἐπινέμεται,
1573 2207 1644 2231 or-

914 2258 1008 2291 nate
1040 2266 1135 2304 pro,
1188 2251 1422 2300 admordet,
1476 2251 1646 2290 devorat

916 2308 989 2363 (sic
1005 2316 1159 2361 poetae,
1181 2323 1312 2346 morsu
1332 2310 1522 2356 lacerare,
1550 2323 1646 2346 con-

914 2365 1081 2418 sumere)
1097 2381 1111 2413 ,·
1143 2379 1217 2404 nec
1232 2366 1346 2404 aliter
1366 2365 1646 2417 intelligendus

914 2423 1191 2476 Lycophronis
1212 2421 1448 2476 παιδοβρώς
1465 2419 1644 2476 Πόρκης.

916 2484 995 2520 tela
1014 2483 1236 2533 serentem,
1269 2495 1361 2518 cum
1381 2482 1462 2520 telo
1491 2481 1533 2518 in
1556 2495 1643 2518 ma-

915 2554 972 2578 nu
995 2545 1341 2591 approperantem.
1393 2539 1452 2576 bis
1472 2541 1645 2576 circum-

915 2599 1004 2635 dati
1026 2597 1127 2634 collo
1161 2611 1356 2648 squamea
1383 2605 1518 2646 terga,
1553 2609 1646 2633 cum

915 2661 1086 2705 uterque
1117 2667 1278 2705 serpens
1307 2668 1451 2705 corpus
1491 2659 1530 2690 et
1561 2653 1645 2691 col—

914 2713 998 2750 lum
1018 2712 1101 2750 eius
1115 2741 1125 2760 ,
1164 2710 1203 2749 h.
1224 2725 1254 2748 e.
1274 2712 1436 2749 omnino
1465 2711 1645 2762 superio-

916 2783 1002 2808 rem
1031 2769 1210 2821 corporis
1235 2777 1416 2820 partem,
1448 2768 1646 2806 tractibus

915 2826 1115 2865 inferioris
1156 2826 1334 2878 corporis
1379 2826 1439 2864 sui
1478 2826 1539 2863 bis
1566 2825 1645 2863 cir-

918 2883 1234 2933 cumdedissent,
1266 2896 1386 2934 super
1417 2883 1498 2920 eius
1526 2887 1647 2932 caput

918 2941 1115 2990 eminent,
1146 2941 1316 2979 emicant
1336 2940 1416 2978 suis
1438 2939 1645 2991 capitibus.
