1779 3420
76 203 174 249 162
403 200 455 248 Ρ.
488 200 843 248 VIRGILII
879 199 1255 249 MAROle

73 327 225 373 Parte
251 323 343 372 alia
364 323 574 389 fugiens
599 326 800 375 amissis
823 325 1036 374 Troilus
1059 326 1231 384 armis,

71 392 256 442 Infelix
278 411 438 459 puer,
477 403 634 461 atque
658 397 812 461 inpar
842 411 1156 458 congressus
1183 393 1386 449 Achilli,

70 467 262 513 Fertur
293 465 469 530 equis,
510 481 777 530 curruque
813 464 999 513 haeret
1020 465 1302 530 resupinus
1325 463 1481 519 inani,

70 537 206 582 Lora
233 543 423 583 tenens
454 543 663 585 tamen:
701 534 824 583 huic
852 534 1139 599 cervixque
1169 548 1466 598 comaeque
1493 541 1597 579 tra-

59 647 65 651 .
862 604 1067 652 huntur

72 676 175 721 Per
207 681 431 732 terram,
473 682 524 721 et
551 689 697 721 versa
724 672 896 737 pulvis
928 672 1232 720 inscribitur
1262 671 1421 720 hasta.

71 745 280 791 Interea
313 742 379 790 ad
400 741 667 807 templum
694 759 804 790 non
832 758 1033 808 aequae
1059 741 1279 791 Palladis
1304 740 1450 788 ibant

74 812 321 862 Crinibus
345 811 536 860 Iliades
559 812 744 877 passiS,
782 812 1117 878 peplumque
1141 809 1404 864 ferebant„

74 881 396 947 Suppliciter
415 882 615 940 tristeS,
656 891 708 930 et
730 891 916 931 tunsae
940 891 1156 947 pectora
1180 880 1394 947 palmis3

143 979 258 1027 480.
296 989 571 1023 FEREBANT
612 976 662 1025 S.

1497 394 1598 442 475

1497 814 1597 860 480

164 1138 234 1174 475
262 1144 383 1182 potest
410 1150 475 1183 per
505 1137 735 1183 parenthesin
765 1138 996 1181 interpositus
1030 1138 1152 1184 accipi.
1203 1136 1291 1169 Olim
1325 1137 1414 1180 apud
1444 1135 1599 1168 Servium

72 1187 321 1230 interpunxere
363 1197 501 1229 quoque
545 1184 706 1230 Infelix!
749 1198 843 1230 puer
882 1194 993 1230 atque
1032 1188 1153 1232 impar
1188 1196 1411 1228 congressus
1451 1183 1598 1216 Achilli.

71 1232 140 1268 477
169 1241 300 1265 tenens
320 1239 464 1264 tantum
487 1231 657 1264 Montalb.
681 1231 931 1272 Quintilianum
955 1234 1031 1274 VH,
1057 1234 1089 1271 9,
1111 1234 1133 1267 7
1154 1231 1291 1263 mireris
1311 1231 1451 1263 dubium
1471 1231 1598 1267 facere,

72 1280 162 1312 sitne
194 1287 316 1311 tamen
344 1278 388 1310 ad
417 1287 548 1311 tenens
569 1290 613 1311 an
641 1279 684 1311 ad
710 1290 786 1323 sqq.
814 1279 1034 1311 trahendum.
1094 1287 1193 1311 tenet
1222 1277 1352 1321 aliquot
1385 1277 1476 1322 apud
1509 1277 1597 1309 Pier.

71 1326 174 1359 male.
200 1326 335 1368 (tamen
356 1333 488 1358 tenens
508 1325 584 1358 Alb.
610 1326 762 1358 fortasse
782 1338 846 1370 pro
880 1335 965 1358 cam.
987 1335 1098 1358 tenet.
1130 1324 1226 1367 lVr.)
1282 1326 1374 1356 llinc
1395 1325 1463 1356 duo
1484 1325 1598 1356 Burm.

70 1374 141 1409 478
166 1384 278 1406 versa
299 1378 353 1403 est
372 1369 587 1415 κεκλιμένον
611 1369 727 1416 δόρυ·
755 1385 774 1405 a
804 1373 985 1406 verrendo
1003 1373 1084 1405 duci
1102 1371 1232 1416 nequit.
1283 1372 1339 1403 Sic
1366 1372 1455 1404 enim
1476 1371 1600 1417 pulvis

73 1419 243 1459 verritur,
273 1430 344 1451 non
367 1419 488 1452 hasta.
583 1420 654 1454 480
679 1421 830 1465 Spatsis
850 1419 948 1452 multi
968 1433 986 1452 a
1010 1419 1127 1452 Pierio
1154 1426 1190 1452 et
1217 1419 1260 1451 ab
1290 1418 1410 1451 Heius.
1437 1417 1599 1461 inspecti,

73 1474 109 1500 et
129 1467 183 1500 ed.
205 1467 296 1499 ven.
345 1466 433 1507 Sed,
459 1479 611 1512 sparsos
631 1465 744 1499 crines
770 1466 989 1509 furentibus,
1023 1466 1242 1512 supplicibus
1261 1478 1393 1511 passos
1413 1464 1599 1498 convenire

72 1514 260 1549 arbitratur
290 1514 403 1545 Burm.
507 1514 573 1548 481
618 1513 737 1545 nescio
771 1526 815 1545 an
853 1514 977 1546 melius
1016 1513 1232 1560 ,suppliciter
1250 1511 1429 1558 serebant
1465 1512 1598 1555 iungas.

74 1561 179 1606 (Mihi
198 1560 287 1594 haec
311 1559 547 1604 appositionis
568 1560 648 1594 loco
671 1560 834 1593 habenda
863 1567 899 1593 et
925 1561 1211 1606 interpunctione
1242 1572 1260 1591 a
1289 1559 1472 1604 superiore
1499 1570 1598 1590 versu

73 1608 269 1655 separanda
293 1607 477 1646 videntur3
504 1608 720 1655 suppliciter
745 1609 873 1640 tristes
902 1616 1015 1640 autem
1046 1608 1096 1640 ita
1122 1607 1353 1651 iungendum,
1382 1613 1417 1638 ut
1441 1607 1486 1638 sit
1508 1618 1599 1651 snp—

71 1656 274 1701 plicantum
295 1654 408 1687 modo'
428 1656 574 1695 tristes,
602 1661 637 1687 ut
661 1654 695 1686 in
724 1666 857 1686 summo
886 1666 1000 1687 rerum
1025 1654 1237 1687 discrimine.
1287 1656 1399 1697 Atque
1419 1653 1467 1685 sie
1495 1652 1598 1684 etiam

73 1703 108 1735 in
133 1701 293 1734 Mediceo
315 1707 350 1733 et
368 1700 465 1745 Lips.
484 1702 556 1735 obl.
576 1701 746 1744 distingui
766 1700 883 1734 video.
916 1701 1011 1743 ll'r.)
1063 1710 1192 1734 tonsae
1208 1700 1252 1734 al.
1303 1703 1419 1732 tonsis
1438 1700 1598 1732 Pan-has.

74 1826 165 1872 post
203 1819 301 1856 alios
335 1819 546 1856 evicerunt
580 1818 806 1856 Valckena-

75 1878 158 1916 rius
189 1883 229 1914 et
260 1876 452 1925 Beckius,
486 1877 531 1914 V.
569 1877 629 1925 C.‚
665 1883 808 1914 auctor

76 1935 209 1974 Rhesi.
268 1935 368 1972 Nam
398 1948 432 1973 v.
455 1933 706 1976 600—604
736 1934 808 1972 vix

76 2007 121 2032 eo
152 1994 303 2030 resen-re
335 1992 473 2043 possis,
534 1991 588 2029 At
610 1999 808 2030 memorat

75 2065 162 2088 eam
179 2064 278 2098 rem,
299 2057 503 2101 tamquam
523 2051 687 2088 oraculo
711 2064 808 2102 pro-

77 2109 221 2158 ditam,
252 2106 436 2146 Eustath.
470 2113 510 2145 et
537 2107 671 2146 Schol.
695 2108 745 2145 ad
770 2124 806 2157 κ,

77 2168 173 2214 435,
210 2180 284 2204 neo
308 2180 390 2203 non
410 2168 522 2203 Serv.

133 2223 393 2265 474—478.
426 2224 480 2260 De
510 2225 643 2262 Troilo
667 2238 703 2262 v.
723 2225 807 2262 Ex·-

77 2296 181 2320 curs.
221 2282 272 2319 ad
303 2281 342 2320 h.
372 2296 411 2320 v.
461 2282 705 2333 Congressus
742 2281 809 2320 hic

78 2340 223 2378 Priami
235 2339 339 2377 filius
361 2340 402 2377 in
425 2354 551 2378 curru
564 2354 656 2378 cum
669 2339 808 2378 Achil-

79 2399 126 2447 le,
159 2404 252 2435 ante
276 2398 409 2435 Iliadis
432 2405 626 2450 tempora,
662 2399 808 2436 vulne-

78 2469 121 2494 re
147 2461 311 2508 accepto
335 2456 541 2493 exciderat
566 2469 703 2505 curru,
734 2470 808 2507 pe-

79 2514 198 2552 dibus
226 2515 330 2552 inter
350 2514 436 2551 lora
452 2514 666 2565 impeditis,
687 2514 742 2551 ita
761 2520 808 2552 ut

79 2572 221 2623 supina
256 2572 411 2610 cervice
448 2571 705 2619 traheretur,
737 2587 806 2608 αν-

80 2632 156 2667 mis
179 2632 358 2678 amissis,
383 2630 509 2681 clipeo
530 2643 580 2667 ex
599 2643 720 2667 manu
743 2629 807 2666 di-

80 2688 223 2738 misso;
255 2701 347 2725 nam
368 2687 524 2725 hastam
546 2688 720 2735 tenebat,
739 2686 809 2724 sed

80 2746 304 2793 inversam,
336 2752 383 2783 ut
417 2746 516 2784 adeo
554 2759 623 2797 per
661 2751 808 2782 terram

80 2809 210 2840 tracta
241 2803 306 2841 illa
338 2804 469 2842 sulcos
497 2804 659 2841 faceret.
720 2803 808 2840 Non

81 2860 185 2898 enim
209 2861 394 2899 accedam
417 2862 570 2911 Servio,
604 2861 672 2911 qui
690 2860 809 2898 Troi-

83 2919 164 2956 lum
184 2917 340 2956 hastam
364 2919 538 2967 Achillis,
570 2933 647 2969 qua
675 2924 809 2956 trans-

866 1818 971 1856 fixus
1002 1824 1102 1866 erat,
1133 1818 1293 1856 vulneri
1323 1818 1596 1856 inhaerentem

867 1877 1036 1914 traxisse
1057 1877 1123 1914 ait.
1185 1876 1313 1914 Aliter
1334 1877 1438 1914 euim
1467 1890 1597 1914 enun-

868 1935 966 1972 tiata
987 1940 1118 1972 essent
1140 1934 1225 1971 illa:
1260 1943 1296 1971 el
1326 1949 1436 1971 versa
1458 1935 1599 1985 pulvis

867 1992 1247 2030 inscribiturhasta.
1314 1993 1493 2030 Observa
1524 2006 1596 2030 au-

867 2057 947 2087 tem
992 2057 1151 2102 poetam
1194 2050 1381 2087 recedere
1419 2065 1438 2087 a
1487 2063 1597 2088 more

866 2109 1093 2156 Homerico,
1126 2122 1205 2158 quo
1234 2108 1394 2156 heroes,
1426 2109 1492 2159 qui
1520 2122 1595 2159 pu-

865 2173 990 2218 gnant
1024 2166 1073 2203 de
1105 2180 1252 2214 curru,
1294 2166 1445 2204 habent
1477 2167 1596 2204 alium

867 2225 934 2275 qui
974 2230 1085 2275 regat
1119 2237 1264 2274 equos;
1314 2239 1404 2262 nam
1439 2225 1597 2262 Troilus

866 2283 974 2320 solus
995 2288 1033 2320 et
1061 2295 1238 2334 pugnare
1261 2288 1299 2319 et
1321 2296 1455 2333 regere
1477 2296 1598 2332 equos

869 2340 1020 2378 debuit.
1068 2340 1281 2378 Notandus
1300 2354 1459 2391 quoque
1488 2341 1598 2378 locus

867 2405 1035 2451 propter
1052 2405 1311 2435 monumenta
1327 2400 1423 2436 artis
1435 2399 1597 2450 priscae,

868 2457 907 2494 in
930 2456 1074 2506 quibus
1098 2455 1217 2493 heros
1245 2456 1341 2506 bigis
1371 2457 1502 2494 fertur
1524 2456 1596 2493 ha-

868 2515 988 2551 benas
1011 2520 1051 2551 et
1074 2514 1257 2564 clipeum,
1279 2514 1342 2552 vel
1362 2514 1536 2552 habenas
1559 2521 1597 2551 et

867 2571 1023 2609 hastam
1045 2577 1198 2611 tenens,

924 2627 1185 2670 479—482.
1227 2629 1286 2665 Ex
1318 2628 1425 2666 Iliad.
1456 2630 1484 2676 ζ,
1513 2631 1597 2669 269

866 2689 1031 2734 —312,
1050 2686 1118 2724 ubi
1143 2687 1292 2723 lleleno
1314 2693 1500 2723 monente
1515 2685 1597 2723 Ile-

868 2750 955 2782 etor
986 2744 1036 2781 ad
1067 2744 1209 2781 urbem
1238 2757 1440 2794 regressus
1464 2744 1597 2781 Hecu-

870 2803 958 2839 bam
994 2802 1046 2839 ad
1090 2802 1294 2839 Minervae
1331 2802 1525 2853 templum
1558 2801 1596 2838 in

869 2859 1047 2911 acropoli
1095 2860 1362 2897 Troianarum
1392 2866 1598 2897 matrona-—

869 2931 960 2955 rum
984 2916 1200 2969 (Iliadum)
1225 2931 1413 2969 pompam
1438 2918 1597 2963 ducere,
