1827 3436
399 265 808 315 AENEIDOS
848 265 988 311 LIB.
1030 266 1065 324 Ι,
1110 269 1330 315 80-92
1558 274 1621 316 83

117 394 415 459 Insequitur
443 392 750 455 clamorque
788 389 959 437 virum
988 388 1291 451 stridorque
1316 388 1618 440 rudentum.

114 465 353 529 Eripiunt
386 462 561 510 subito
598 460 768 508 nubes
801 457 1124 522 coelumque
1161 457 1413 521 diemque

117 537 449 582 Teucrorum
485 547 543 577 ex
578 528 768 583 oculis:
821 536 991 592 ponto
1021 544 1124 574 nox
1157 525 1371 574 incubat
1399 535 1518 576 atra.

114 606 402 652 Intonuere
430 600 560 665 poli,
595 608 645 647 et
674 597 870 646 crebris
897 597 1054 644 micat
1077 596 1282 659 ignibus
1311 594 1520 655 aether;
1555 604 1622 648 90

115 676 563 735 Praesentemque
592 668 711 716 viris
740 668 1001 715 intentant
1033 666 1210 713 omnia
1241 673 1490 715 mortem.

114 740 393 805 Extemplo
422 743 633 788 Aeneae
665 737 942 785 solvuntur
968 733 1166 798 frigore
1195 733 1464 794 membra;

209 881 254 915 87
279 882 314 912 lt
342 879 441 911 coelo
468 878 675 921 clamorque
700 890 732 909 -ν,
762 889 818 920 ap.
838 875 1001 908 Priscian.
1029 874 1121 906 libro
1140 875 1214 913 VH,
1240 873 1302 905 scd
1323 872 1423 905 aliter
1447 872 1569 916 scripti
1591 880 1624 903 et

116 926 290 970 Eutyches
327 925 577 957 Grnnnnaticus
607 924 698 968 apud
727 925 852 955 Heius.
898 922 1101 964 tradentem
1139 921 1264 952 Medic.
1292 931 1348 962 ap.
1382 920 1489 963 Fogg.
1529 920 1623 960 ll'r.)

117 976 160 1009 88
187 974 381 1018 Arripiunt
411 972 531 1004 [lamb.
554 983 603 1015 pr.
627 973 712 1002 sors.
761 968 958 1014 Abripiunt
988 969 1101 999 Burm.
1137 966 1292 1008 (subitae
1325 960 1507 1009 scripsisse
1540 965 1624 997 Vir-

117 1020 255 1063 gilium,
282 1019 498 1063 exploratum
530 1018 636 1049 babet
664 1017 804 1049 Wakos.
824 1015 1019 1047 adLucret.
1040 1015 1064 1054 l,
1092 1015 1193 1047 1109.
1225 1012 1319 1055 ll'r.)
1424 1014 1469 1047 90
1498 1021 1532 1043 et
1556 1012 1616 1043 ab·

118 1075 169 1099 est
190 1080 208 1098 a
227 1069 345 1109 Sprot.
372 1066 495 1097 Ilamb.
514 1076 566 1108 pr.
589 1070 623 1095 et
644 1064 698 1095 ed.
723 1065 811 1095 Yon.
834 1068 869 1093 et
894 1060 1011 1092 malim
1036 1060 1179 1097 ‹leesse;
1218 1060 1325 1091 babet
1349 1058 1466 1092 Schol.
1501 1059 1622 1090 llorat.

118 1115 130 1145 1
151 1113 207 1145 od.
229 1113 275 1147 34
295 1125 322 1144 c.
344 1119 426 1144 cett.
475 1111 544 1144 Sed
565 1109 698 1142 infinita
716 1110 793 1142 loca
820 1109 856 1140 in
882 1113 986 1151 poeta
1015 1114 1112 1147 sunt,
1152 1106 1209 1138 ubi
1227 1106 1357 1138 aurium
1386 1104 1549 1137 iudicium
1567 1111 1625 1137 aut

119 1158 309 1192 sententiae
329 1158 378 1190 vis
398 1158 593 1200 postulant,
619 1164 656 1188 ut
680 1156 838 1188 eiiciatur
861 1153 1004 1198 copula,
1033 1165 1119 1196 quae
1139 1160 1249 1185 tamen
1269 1159 1342 1185 tuta
1364 1152 1451 1184 latet
1472 1152 1534 1183 sub
1561 1163 1625 1183 eo-

119 1206 230 1238 dicum
254 1205 430 1249 pracsidio
455 1217 493 1236 ac
511 1204 628 1236 tutela.
676 1203 774 1235 Nihil
797 1202 885 1234 adeo
904 1212 1033 1232 novare
1050 1199 1143 1232 licet.
1171 1199 1253 1242 (Sed
1274 1206 1366 1231 certe
1389 1198 1516 1242 ubique
1537 1210 1624 1230 con-

119 1253 198 1285 silio
224 1252 277 1283 vol
299 1251 436 1290 omisit,
460 1251 515 1282 rel
536 1249 673 1282 addidit
692 1249 850 1294 copulam
870 1246 1059 1290 Virgilius:
1087 1258 1228 1290 prorsus
1253 1252 1365 1278 autem
1386 1257 1404 1277 a
1424 1256 1521 1276 more
1539 1244 1625 1277 Vir-—

121 1299 195 1342 gilii
220 1299 387 1331 abhorret
408 1297 575 1329 eiusmodi
596 1296 802 1340 asyndeton,
828 1293 928 1339 quale
949 1293 1015 1325 boc
1037 1299 1107 1325 est:
1128 1300 1245 1338 ponto
1263 1305 1336 1325 nox
1354 1290 1502 1324 incubat
1522 1299 1625 1323 atra:

123 1348 320 1378 Intonuere
337 1345 435 1390 poli:
460 1342 598 1376 crebris
615 1345 721 1375 micat
742 1340 888 1387 ignibus
913 1340 1049 1372 aether.
1100 1341 1214 1379 Quare
1239 1350 1309 1370 non
1342 1338 1495 1370 debebat
1524 1338 1625 1369 Neb-

121 1392 196 1424 bius
215 1391 249 1423 in
270 1394 447 1434 Syntagm.
469 1390 577 1422 locor.
597 1389 719 1433 parali.

746 1401 779 1432 p.
809 1389 886 1422 128.
908 1386 1066 1429 copulam
1089 1396 1297 1429 expungere.
1345 1386 1530 1417 Praeterea
1556 1394 1626 1416 non

121 1446 200 1470 sunt
220 1437 490 1482 praetereunda,
523 1448 610 1480 quae
643 1436 677 1467 in
712 1437 753 1467 V.
785 1436 821 1467 L.
843 1434 886 1466 ad
907 1434 969 1464 Ge.
990 1434 1014 1471 Ι,
1038 1432 1119 1467 330.
1140 1431 1267 1463 notavi.
1296 1430 1390 1473 Il'r.)
1442 1443 1507 1462 aer
1530 1431 1625 1463 MSS.

121 1487 246 1517 Graex'.

121 1530 306 1563 nonnullis.

121 1636 299 1688 rhythmi
330 1634 517 1686 dactylici
536 1633 693 1684 Inpulit
714 1635 752 1670 in
776 1634 842 1669 la-

122 1704 195 1732 tas.
232 1691 348 1745 llfr.)

180 1752 377 1792 84-86,
412 1747 644 1795 Incubuere,
686 1747 844 1784 incum-

123 1810 247 1855 bunt,
279 1807 489 1854 ἐνέπεσον,
525 1803 731 1856 ἐπέχραον,
762 1801 845 1843 ε’νέ-

123 1877 299 1917 σκηψαν,
331 1879 374 1909 ,α
397 1862 554 1900 sedibus
582 1864 675 1898 imis
707 1868 841 1907 namt,

122 1924 161 1962 h.
183 1937 215 1961 e.
236 1928 386 1960 eruunt
405 1935 425 1958 a
447 1919 594 1957 fundo:
620 1916 844 1965 in1211‚419

124 1985 203 2018 imo
227 1982 381 2017 IVerens
408 1979 483 2015 ciet
505 1991 680 2027 aequora
687 1975 840 2026 fistulo.

125 2038 225 2091 (vid.
261 2039 439 2074 Gronov.
472 2035 594 2071 Diatr.
623 2034 662 2071 in
691 2035 787 2069 Stat.
807 2033 844 2069 S.

125 2111 207 2148 pag.
241 2096 304 2136 15.
341 2091 457 2144 lVr.)
527 2091 716 2140 Sequitur
741 2097 846 2127 tem·

126 2152 287 2205 pestatis
317 2149 531 2200 descriptio
560 2148 737 2185 omnium
765 2148 847 2183 sere,

126 2216 214 2262 post
243 2208 448 2258 Virgilium
479 2212 691 2257 poetarum
711 2204 847 2241 imita-

126 2269 234 2305 tione
264 2265 491 2312 nobilitata,
535 2264 577 2301 in
600 2277 677 2313 qua
710 2262 848 2299 obser-

126 2325 325 2371 vandum,
365 2321 566 2372 quomodo
598 2319 730 2358 omnia
769 2319 850 2355 sint

127 2383 178 2419 ad
227 2389 422 2419 terrorem
463 2385 502 2415 et
544 2376 849 2414 admirationem

127 2447 300 2478 narrata.
371 2436 494 2484 Quod
522 2435 701 2485 undique
737 2432 850 2471 venti

129 2508 333 2548 erumpere
374 2498 619 2540 narrantur,
682 2505 765 2529 nou
802 2503 848 2527 eo

130 2560 303 2605 spectat,
335 2558 379 2589 ut
407 2565 488 2588 uuo
511 2550 727 2598 eodemque
748 2554 847 2585 tem-

130 2612 237 2662 poris
260 2615 459 2648 momento
481 2620 615 2645 omnes
637 2607 744 2643 venti
766 2605 847 2655 spi—

130 2675 238 2716 rent;
279 2680 419 2705 verum
452 2665 534 2712 uti,
566 2664 674 2714 quod
705 2669 849 2700 natura

133 2725 375 2776 tempestatis
414 2724 513 2769 fert,
555 2721 716 2758 crebrae
748 2719 849 2756 aeris

135 2783 368 2819 mutationes
383 2780 430 2816 ab
446 2778 628 2816 omnibus
647 2777 739 2815 inde
754 2776 851 2814 coeli

135 2839 252 2888 plagis
291 2839 361 2876 sibi
394 2836 630 2883 succedant,
676 2836 723 2872 cs.
755 2836 850 2872 Εκα-

137 2895 181 2931 lll
206 2896 254 2932 ad
274 2895 312 2932 b.
332 2909 369 2933 v.

191 2954 255 2992 87.
285 2952 441 2990 Laudat
463 2949 624 2986 Servius
646 2961 693 2984 ex
724 2948 853 2983 Pacu-

373 1486 415 1519 91
458 1491 611 1515 montem
643 1481 767 1515 Medic.
802 1495 821 1515 a
857 1493 901 1512 m.
931 1491 984 1523 pr.

1097 1479 1143 1513 92
1177 1478 1361 1522 Extimplo
1395 1477 1557 1509 scribitur
1590 1477 1625 1509 in

902 1630 968 1668 vio
1012 1629 1054 1667 in
1093 1630 1273 1667 Teucro:
1336 1636 1627 1665 armamentum

901 1688 1045 1725 stridor
1067 1695 1103 1723 et
1128 1688 1338 1724 rudentum
1362 1685 1502 1722 sibilas
1515 1700 1529 1731 ;
1562 1686 1627 1722 fu-

905 1745 1012 1782 nium
1050 1745 1316 1782 nauticorum.
1355 1765 1413 1770 —
1457 1744 1522 1783 88.
1559 1745 1626 1783 89.

903 1801 1045 1853 Odyss.
1083 1816 1112 1849 ε,
1143 1803 1225 1842 293
1254 1797 1331 1840 σύν
1365 1798 1408 1839 δὲ
1441 1798 1629 1847 νεφέεσσι

903 1856 1064 1908 κάλυψε
1082 1862 1209 1898 Γαῖαν
1232 1856 1340 1910 ὁμοῦ
1361 1856 1429 1896 καὶ
1452 1852 1626 1896 πόντον·

904 1913 1051 1969 ὀρώρει
1080 1912 1120 1955 δ’
1157 1911 1390 1967 οὐρανόθεν
1431 1910 1517 1962 νύξ.
1580 1915 1627 1951 cs.

904 1974 1047 2025 Odyss.
1076 1989 1101 2020 ι,
1142 1975 1196 2013 66
1217 1994 1274 2001 —-
1295 1975 1348 2012 69
1389 1977 1428 2008 et
1464 1971 1531 2008 inf.
1563 1971 1628 2018 tlt,

908 2034 1000 2079 198,
1031 2030 1098 2068 ubi
1118 2029 1254 2077 nimbi,
1291 2029 1356 2078 qui
1377 2028 1417 2067 h.
1440 2028 1465 2065 l.
1489 2027 1623 2065 nubes.

905 2088 998 2125 Mox
1029 2088 1119 2138 poli
1135 2101 1209 2138 pro
1240 2086 1347 2122 caelo
1375 2085 1501 2136 simpl.
1550 2085 1629 2122 Nee

905 2151 963 2182 est
987 2141 1156 2196 ὕστερον
1174 2139 1393 2196 πρότερον,
1427 2142 1538 2192 quasi
1564 2149 1628 2178 to-

904 2203 1015 2240 nitru
1036 2201 1250 2254 praecedat
1270 2201 1425 2249 fulgur3
1463 2199 1532 2236 sed
1561 2213 1629 2236 ca-

907 2259 1011 2297 dunt
1053 2258 1192 2296 crebra
1227 2258 1393 2295 fulmina
1434 2269 1524 2293 cum
1562 2263 1629 2294 to-

905 2317 1029 2355 nitru.

975 2376 1040 2415 92.
1092 2372 1267 2409 Naturae
1307 2370 1516 2409 veritatem
1565 2383 1629 2407 se-

907 2438 1057 2482 quutus
1087 2435 1227 2481 poeta,
1258 2428 1439 2478 exemplo
1468 2428 1631 2466 Homeri

908 2489 984 2527 Od.
1009 2503 1038 2535 ε,
1066 2486 1174 2524 unde
1206 2486 1318 2523 locus
1345 2498 1566 2535 expressuS,
1591 2499 1630 2523 v.

908 2549 991 2587 297
1029 2544 1097 2584 καὶ
1145 2538 1224 2584 τότ’
1271 2539 1498 2594 Ὀδυσσῆος
1536 2539 1631 2583 λύτο

909 2599 1084 2656 γούνατα
1101 2601 1164 2639 καὶ
1187 2601 1309 2650 φίλον
1329 2594 1441 2651 ἦτορ,
1459 2601 1630 2636 Aeneam

908 2674 1021 2698 suum
1062 2665 1173 2695 metu
1205 2669 1347 2695 vacare
1388 2670 1468 2694 non
1510 2656 1631 2694 iubet.

908 2716 1029 2754 Aliud
1048 2722 1106 2752 est
1125 2714 1289 2752 Achillis
1304 2714 1541 2764 exemplum,
1564 2714 1631 2763 qui

908 2781 1078 2812 mortem
1099 2786 1121 2809 a
1146 2770 1300 2809 Xanthi
1328 2771 1455 2807 eluvie
1476 2771 1631 2808 instan-

910 2839 989 2869 tem
1027 2830 1206 2867 similiter
1240 2826 1488 2864 exhorrescit
1522 2827 1631 2864 lliad.

911 2905 954 2938 φ,
994 2890 1089 2928 272.
1160 2885 1377 2935 Antiquam
1408 2885 1632 2935 sepulturae

910 2945 1138 2996 religionem
1172 2943 1253 2980 bue
1290 2942 1506 2985 advocare,
1541 2954 1630 2989 qua,

1274 3010 1354 3053 6*
