1811 3388
339 234 745 290 AENElnos
784 234 927 281 ΜΒ.
966 233 1056 294 111,
1100 237 1388 282 112—126
1518 236 1615 282 461

100 373 266 420 Hoste
289 380 472 417 vacare
498 362 720 423 domos,
759 359 1025 425 sedesque
1053 356 1259 407 adstare
1283 354 1502 407 relictas,

98 438 414 504 Linquimus
439 432 688 496 Ortygiae
712 439 926 497 portuS,
965 427 1265 494 pelagoque
1290 425 1550 488 volamus,

98 507 522 570 Bacchatamque
577 501 709 565 iugis
768 503 953 551 Naxon
974 538 987 560 ,
1043 496 1383 562 viridemque
1432 498 1621 544 Donu-

886 585 1015 630 sam,
1523 567 1621 616 125

99 646 365 709 Olearon,
394 643 715 707 niveamque
736 643 939 703 Paron,
966 652 1278 704 sparsasque
1300 649 1400 702 per
1417 650 1622 701 aequor

194 775 261 810 193
287 773 417 806 domus
442 771 576 815 aliquot
612 768 733 803 Heius.
766 775 805 802 ut
836 769 913 801 sere
948 778 1087 812 semper
1120 764 1258 798 variant
1293 765 1415 809 scripti
1449 764 1485 797 in
1519 763 1555 796 h.
1590 775 1620 795 v.

98 823 244 855 domum
277 820 414 864 aliquot
446 817 616 857 Pieriani‚
667 816 707 849 it.
743 816 868 860 fragm.
903 814 1018 849 Vatic.
1060 813 1166 857 <idem
1199 812 1235 844 in
1268 812 1431 845 Medieeo
1472 817 1622 849 exstare,

97 869 189 902 salso
225 868 335 900 refert
369 868 482 899 Burm.
527 864 620 907 11⁷1.)
671 871 782 907 atque
814 875 950 895 vacare
982 860 1117 894 Zulich.
1150 872 1170 892 a
1197 871 1241 891 m.
1278 871 1347 892 sec.
1395 860 1504 892 Porro
1539 856 1622 889 libri

99 922 135 949 et
160 913 376 959 grammatici
403 913 485 945 olim
512 911 762 944 distinxerunt:
799 910 1018 954 desertaque
1052 908 1076 940 l.
1112 910 1147 939 C.
1180 907 1315 947 Hoste,
1350 918 1384 938 v.
1422 906 1457 938 d.
1506 903 1623 937 Possit

100 962 205 996 etiam
231 960 417 1004 distingui:
461 960 680 1002 desertaque
706 957 730 989 l.
757 960 791 989 C.
818 959 938 989 Hoste
964 967 1118 994 vacare,
1152 953 1279 986 domos
1308 952 1487 998 sedesque
1523 964 1557 984 a.
1592 964 1622 983 r.

97 1010 168 1043 Sed
192 1008 345 1052 vulgaris
372 1005 610 1051 interpunctio
637 1003 720 1036 satis
747 1003 942 1036 commoda.
1041 1001 1105 1036 125
1138 1000 1456 1044 Bacclzantemque
1480 999 1620 1042 Menag.

98 1069 151 1102 pr.
202 1056 351 1089 Naxum
375 1055 499 1094 fragm.
526 1051 650 1091 Vatic„
677 1057 715 1082 ut
739 1062 820 1083 mox
846 1050 1020 1082 Olearum
1053 1054 1090 1080 et
1123 1049 1273 1080 Parum.
1322 1047 1451 1079 ,Nason
1487 1045 1622 1090 aliquot

98 1103 224 1145 Pierii,
252 1114 353 1147 quem
378 1101 469 1133 vide.
519 1103 707 1142 Donysam
728 1097 833 1141 vulgo
859 1096 1008 1139 legitur:
1046 1094 1110 1127 sed
1134 1098 1323 1127 Donusam
1359 1093 1493 1137 aliquot
1526 1092 1622 1125 eius-

99 1150 198 1191 dem,
231 1155 269 1182 ut
302 1149 337 1181 in
373 1147 475 1181 codd.
513 1146 617 1179 Plinii
663 1152 698 1176 et
732 1143 848 1177 Taciti
884 1142 1068 1182 s‘cribitur3
1114 1147 1149 1173 et
1183 1142 1317 1173 Graece
1349 1139 1529 1174 Δονοῦσα
1566 1138 1622 1171 vel

92 1195 314 1235 -Δονουσίας
352 1206 453 1227 nemo
489 1193 612 1226 scribit
646 1188 802 1225 Δονύσοι
836 1189 1045 1233 (Δονῦσα),
1081 1188 1147 1220 etsi
1185 1200 1224 1219 ex
1261 1187 1445 1220 Διονυσία
1479 1186 1621 1219 ductum

101 1256 177 1276 esse
201 1243 334 1276 volunt.
360 1254 390 1274 v.
416 1241 538 1284 steph.
565 1240 600 1272 h.
625 1251 657 1271 v.
706 1239 904 1276 Donisam,
931 1238 1148 1277 Donissam,
1174 1236 1351 1267 Dinosam
1376 1233 1456 1274 alii,
1482 1233 1620 1266 vitiose.

102 1290 251 1335 (Heinsii
277 1289 394 1329 codd.‚
418 1288 446 1320 si
473 1300 542 1319 non
568 1297 709 1326 onmes,
736 1291 831 1318 certe
858 1284 1017 1328 plerique
1044 1285 1231 1326 Donysam
1256 1280 1417 1313 videntur
1443 1280 1621 1319 exhibere,

100 1344 139 1370 ut
163 1337 291 1370 Medic.
319 1342 354 1368 et
379 1336 516 1378 Frzigni.
542 1335 624 1366 Vat.
668 1336 858 1365 Donusam
884 1330 918 1362 in
944 1328 1119 1361 nonnullis
1135 1355 1143 1369 ‚
1169 1329 1232 1360 sed
1257 1339 1327 1360 nou
1352 1327 1457 1369 dicit,
1484 1327 1621 1372 quibus,

102 1390 239 1418 exstare
265 1382 315 1415 ait
340 1383 454 1414 Burni.
483 1381 579 1424 lVr.)
681 1378 746 1413 126
773 1378 933 1410 Olearon
958 1376 1078 1409 Heius.
1105 1375 1293 1408 secuudum
1327 1374 1453 1407 Medic.
1487 1380 1523 1406 et
1556 1385 1621 1406 ve—

101 1433 267 1464 tustiores
293 1428 394 1462 alios.
446 1429 617 1460 Olearzcm
642 1426 766 1469 fragm.
792 1424 904 1457 Vatic.
956 1427 997 1455 At
1022 1423 1082 1455 alii
1109 1423 1272 1454 Oliaron.
1320 1422 1455 1454 Graece
1486 1427 1621 1453 utrum—

102 1489 169 1522 que
195 1476 359 1510 scribitur
382 1472 552 1518 Ὡλίαρος
578 1481 612 1506 et
643 1469 831 1515 Ώλέαρος.
876 1483 907 1503 ν.
940 1470 1061 1502 Heius.
1097 1476 1133 1502 et
1167 1469 1257 1503 Pier.
1307 1470 1448 1501 Parum
1483 1467 1621 1512 aliquot

100 1524 196 1558 Pier.
223 1536 298 1557 cum
322 1523 446 1567 fragm.
470 1520 585 1556 Vatic.
635 1520 786 1553 Pharon
811 1518 938 1551 Medic.
964 1524 998 1550 et
1022 1516 1065 1550 al.

101 1648 137 1686 y,
159 1634 253 1672 191.
284 1627 393 1683 192.)
420 1629 569 1667 iterum
598 1641 619 1664 a
648 1626 728 1664 suis
760 1626 837 1665 suit

101 1695 291 1735 exactus,
321 1687 586 1736 tandemque,
625 1691 672 1723 ut
697 1685 768 1722 inf.
797 1698 836 1722 v.

103 1746 186 1788 400
213 1745 462 1794 videbimus,
493 1744 536 1781 in
564 1757 657 1794 agro
680 1742 835 1780 Sallen—

101 1806 188 1843 tino
233 1809 434 1841 extremae
475 1802 610 1839 Italiae
639 1800 834 1838 consedit.

102 1863 180 1901 Res
202 1868 241 1899 et
268 1874 407 1898 caussa
438 1860 548 1898 varie
577 1860 617 1897 in
657 1856 835 1905 Νόστοις

103 1920 251 1959 tradita
288 1932 370 1956 esse
407 1918 593 1967 videtur,
638 1916 834 1966 siquidem

104 1978 285 2016 diversae
322 1976 574 2014 narrationes
612 1980 707 2012 sunt
741 1976 836 2011 Ser-

103 2036 158 2074 vii
181 2036 231 2072 ad
254 2034 293 2072 11.
315 2034 340 2072 l.
380 2033 591 2071 Strabonis
613 2033 664 2081 X,
686 2046 723 2083 p.
738 2032 834 2072 480.

104 2093 236 2131 Schol.
254 2092 397 2143 Odyss.
418 2108 453 2139 ν,
478 2093 573 2133 259.
600 2091 649 2127 cf.
673 2090 740 2127 inf.
765 2089 835 2136 XI,

105 2152 202 2192 264.
234 2149 342 2187 Alios
361 2149 451 2187 vide
471 2163 532 2199 ap.
553 2148 698 2186 Meurs.
719 2148 838 2184 Creta

106 2209 171 2256 Ill,
192 2207 230 2248 4.
261 2208 419 2244 ads-lare
432 2206 609 2257 pleniore
628 2218 696 2242 ore
717 2218 836 2254 quain

106 2275 208 2303 stare
225 2295 234 2312 ,
281 2278 376 2301 esse.
440 2264 574 2313 Neque
613 2275 710 2300 vero
751 2262 836 2298 sine

107 2323 270 2361 consilio
300 2321 398 2358 haec
426 2321 474 2358 de
503 2320 713 2358 Idomeneo
739 2325 835 2356 sunt

107 2381 286 2419 adiecta:
336 2393 427 2416 113111
467 2378 615 2428 alioqui
653 2377 835 2415 Troianis

106 2440 263 2478 Cretam
283 2436 393 2474 adire
420 2437 491 2475 vix
522 2442 658 2474 tutum
685 2434 834 2472 fuisset.

170 2495 260 2538 124.
298 2495 468 2544 Orlygia
490 2507 616 2531 unum
640 2507 690 2530 ex
713 2498 835 2530 vetu-

108 2556 177 2593 stis
208 2553 438 2592 nominibus
468 2552 563 2589 Deli.
602 2551 684 2588 vid.
706 2551 839 2601 Span-

107 2612 212 2650 hem.
239 2611 289 2648 ad
312 2610 462 2648 Gallim.
492 2616 529 2647 et
560 2609 608 2646 31.
652 2609 839 2646 Ceterum

110 2670 323 2707 discessum
353 2668 506 2705 Aeneae
550 2667 730 2704 ornatius
766 2678 840 2702 ex-

109 2726 221 2764 hibet
249 2726 367 2763 Ovid.
389 2725 484 2763 Met.
510 2725 614 2772 XIII,
639 2726 719 2765 679
742 2736 839 2774 sqq„

110 2784 178 2834 qui
199 2784 240 2821 in
260 2783 399 2820 ceteris
416 2783 622 2820 Maronem
636 2787 728 2819 ante
739 2794 839 2818 ocu.—

109 2842 169 2879 los
188 2840 330 2888 habet,
355 2846 393 2877 et
414 2846 547 2878 totuin
568 2839 722 2876 Aeneae
743 2852 839 2876 cur-

111 2913 198 2937 sum
219 2911 269 2934 ex
287 2910 333 2934 eo
354 2903 577 2935 mutuatur.
628 2896 720 2937 125.
742 2897 837 2933 [Va-

111 2972 216 3005 xon,
249 2953 444 3003 insulam,
478 2954 520 2992 in
558 2965 637 3006 qua
666 2954 728 2993 vel
755 2953 838 3005 ipso

891 1624 1094 1673 Bacchus,
1134 1636 1184 1660 ex
1212 1621 1326 1660 India
1352 1620 1505 1669 redux,
1547 1620 1624 1657 ali-

893 1683 1057 1734 quando
1077 1690 1133 1719 est
1152 1680 1395 1727 bacchatus,
1430 1678 1470 1716 11.
1493 1692 1525 1716 e.
1546 1678 1624 1729 egit

894 1741 1063 1779 chorum
1102 1738 1337 1776 bacchicum
1358 1767 1367 1785 ,
1410 1735 1522 1789 (vera
1552 1741 1624 1784 est,

893 1813 994 1850 quae
1024 1797 1227 1848 sequitur,
1270 1794 1497 1846 expositio,
1546 1806 1625 1844 qua

895 1858 1012 1895 etiam
1052 1855 1165 1908 prior
1216 1854 1458 1891 continetur.
1504 1850 1623 1903 HJ.)

893 1915 956 1953 vel
978 1916 1020 1952 in
1051 1927 1128 1964 qua
1161 1912 1313 1960 insula,
1353 1909 1510 1948 Baccho
1540 1910 1626 1947 sre-

894 1974 1079 2024 quentari
1113 1971 1250 2018 solita,
1282 1967 1475 2006 Bacchica
1504 1967 1626 2005 turba

894 2031 1085 2069 baec-llam·
1102 2029 1225 2076 solet,
1258 2026 1299 2065 11.
1330 2040 1360 2064 e.
1391 2039 1503 2064 sacra
1525 2026 1625 2062 Bac—

895 2088 1006 2126 chica
1033 2087 1245 2133 celebrare,
1271 2085 1312 2122 in
1331 2086 1440 2134 iugis
1461 2083 1625 2131 insulae,

894 2146 989 2183 inde
1019 2152 1059 2183 et
1086 2145 1166 2196 ipse
1197 2145 1307 2181 locus
1343 2141 1495 2179 dicitur
1527 2153 1625 2192 poe-

893 2204 943 2240 tis
994 2203 1210 2248 bacchari,
1274 2199 1429 2252 passiva
1482 2199 1625 2246 forma,

893 2257 1197 2313 βακχεύεσθαι,
1238 2259 1532 2310 βακχευθῆναι.
1580 2261 1627 2293 ut

893 2320 1034 2369 Georg.
1064 2317 1110 2365 Il,
1139 2316 1221 2357 487
1272 2314 1493 2365 virginibus
1528 2313 1626 2350 bac--

892 2376 1015 2413 chata
1035 2375 1240 2412 Lacaenis·
1274 2375 1469 2422 Taygela.
1530 2371 1625 2408 lmi-

891 2439 1004 2471 tatur
1046 2431 1251 2470 Claudiam.
1307 2428 1494 2477 XXXHI,
1542 2427 1625 2470 5205

895 2490 1116 2528 ululatibus
1164 2489 1237 2526 lale
1292 2488 1531 2525 Bacchatur
1586 2492 1626 2523 et

896 2549 1027 2587 Valer.
1049 2548 1107 2585 Fl.
1130 2547 1194 2594 111,
1207 2549 1263 2588 20
1294 2546 1507 2595 Dindyma
1529 2559 1626 2581 satz—

894 2608 1058 2657 gm'nec's
1078 2605 1296 2656 ficmulztm
1326 2603 1525 2640 bacchata
1559 2603 1626 2639 la—

898 2666 1043 2702 cerlz's:
1097 2664 1182 2700 loca
1223 2662 1302 2698 iam
1350 2660 1434 2698 aliis
1474 2666 1626 2697 notata.

899 2722 1025 2759 Ducta
1065 2726 1197 2758 auten]
1231 2720 1361 2757 forma
1391 2731 1411 2755 e
1443 2717 1626 2769 Tragici&

898 2780 947 2818 cs.
987 2779 1149 2829 Longin.
1196 2779 1260 2826 15,
1304 2780 1341 2817 6.
1411 2777 1628 2813 Donusam

897 2837 1068 2875 insulani
1089 2850 1109 2872 3
1132 2835 1264 2873 colore
1294 2832 1504 2871 marmoris
1527 2833 1627 2869 riri-

896 2896 985 2931 ‹lem
1009 2893 1197 2945 appellari
1217 2892 1378 2929 Servius
1406 2895 1560 2937 monet,
1588 2895 1628 2926 et

897 2952 1076 2992 Petronii
1126 2953 1205 2993 133
1251 2950 1417 2987 viridem
1467 2947 1625 2986 leason
