1811 3388
312 152 716 203 AENEIDOS
754 153 895 204 LIB.
937 156 1030 218 Vl,
1076 160 1357 213 140—160

1498 172 1596 218 877

88 275 316 325 Sedibus
339 276 482 326 hunc
501 275 647 325 refer
668 286 788 327 ante
811 278 939 342 suis,
975 289 1027 329 et
1049 282 1222 332 conde
1248 287 1507 350 sepulcro.

84 347 200 393 Duc
219 346 389 408 nigras
407 346 666 411 pecudes:
698 363 757 395 ea
779 349 948 413 prima
972 350 1172 414 placula
1195 363 1367 405 sunto.

87 416 170 462 Sic
196 414 419 462 demum
444 415 591 464 lucos
613 417 780 480 Stygis
802 427 854 466 et
874 433 1035 482 regna
1060 420 1193 469 invia
1216 423 1342 471 vivis

84 483 367 547 AdspicieS.

439 485 575 533 Dixit
590 524 602 544 ,
642 503 935 553 pressoque
958 488 1226 540 obmutuit
1249 508 1356 542 ore.

1502 498 1598 546 155

153 555 357 601 Aeneas
380 565 584 603 maesto
609 554 811 604 defixus
834 556 1034 606 lumina
1055 559 1204 609 voltu

83 621 411 684 Ingreditur,
449 623 695 689 linquens
718 635 952 686 antrum3
993 644 1285 695 caecosque
1307 630 1507 680 volutat

82 693 316 740 Eventus
339 694 516 741 animo
541 710 737 745 secum.

811 696 907 746 Cui
932 695 1071 745 fidus
1094 698 1318 750 Achates

82 762 130 809 lt
156 777 335 809 comes
352 802 364 823 ,
405 771 457 810 et
478 763 690 827 paribus
713 765 848 813 curis
879 767 1090 829 vestigia
1112 766 1235 832 figit.

82 830 249 878 Multa
272 831 410 879 inter
431 848 546 881 sese
570 834 711 882 vario
738 851 989 884 sermone
1015 835 1281 889 serebant:

156 925 264 974 154.
305 925 536 973 STYGIOS
550 965 562 989 ,
600 941 776 975 REGNA

177 1039 244 1074 152
269 1038 424 1073 Sedibus
444 1050 531 1074 ante
551 1043 628 1075 suis
646 1041 745 1088 refer
774 1051 809 1076 et
837 1045 952 1077 conde
977 1046 1124 1080 Dorvill.

82 1083 175 1117 rhas.
224 1095 358 1127 sacruto,
385 1097 549 1133 sumpto,
581 1090 749 1122 aberratt.
778 1091 1000 1125 librariorum
1028 1105 1084 1137 ap.
1115 1095 1294 1126 Burmann.

83 1133 224 1176 Stygiis
243 1141 277 1165 et
305 1146 333 1164 r.
360 1133 411 1166 ita
438 1135 567 1168 Medic.
600 1148 618 1168 a
649 1148 693 1168 m.

1496 844 1594 890 160

915 944 1072 993 VIVIS,

1223 1046 1288 1082 153
1320 1047 1410 1080 haec
1438 1059 1473 1092 p.
1504 1048 1591 1080 Par-

1391 1095 1458 1129 154
1491 1094 1593 1126 lucos

728 1149 801 1181 pr.‚
836 1144 870 1169 et
897 1140 1090 1181 Romanus,
1126 1140 1219 1184 quod
1247 1140 1403 1182 mireris,
1437 1141 1471 1172 in
1499 1141 1591 1172 idem

83 1179 202 1210 vitium
231 1180 419 1223 conspirat.
468 1182 536 1213 Alii
566 1195 621 1226 ap.
657 1183 746 1216 Pier.
782 1190 817 1215 et
846 1185 963 1218 Heius.
1000 1188 1127 1231 Stygis
1165 1195 1200 1218 et
1236 1200 1287 1228 r.,
1335 1188 1443 1232 &quod
1480 1194 1593 1219 exstat

83 1225 239 1257 etiarnin
259 1231 354 1259 Serv.
380 1228 505 1261 Dresd.
530 1235 565 1261 et
591 1229 660 1262 alio
690 1230 766 1262 cod.
799 1234 894 1263 Serv.
922 1244 978 1276 up.
1010 1234 1123 1265 Burm.
1159 1234 1255 1274 lVr.)
1293 1246 1332 1266 ex
1361 1246 1428 1278 quo
1456 1234 1590 1278 reliqua

81 1272 176 1304 nasci
194 1279 360 1316 potuere,
387 1274 445 1306 alii
464 1277 614 1319 Stygios
633 1284 669 1308 et
686 1289 735 1317 r.,
762 1276 870 1309 invito
891 1285 1014 1311 metro.
1066 1280 1133 1312 Sed
1154 1282 1326 1325 Stygio-5,
1366 1293 1481 1325 regna
1508 1282 1531 1313 i.
1555 1293 1589 1312 τ’.

81 1330 145 1362 per
179 1319 436 1363 appositionem
472 1321 561 1353 bene
607 1323 717 1355 firmat
754 1324 873 1356 Heius.
924 1326 1048 1367 (Recte
1076 1338 1159 1358 vero
1191 1329 1318 1371 Stygis
1349 1336 1383 1360 ec
1409 1342 1457 1367 r.,
1496 1327 1590 1371 quod

80 1366 259 1405 revocavi,
287 1366 355 1398 vid.
377 1370 418 1407 Q.
447 1369 490 1403 V.
518 1369 689 1410 XXXIII,
714 1370 746 1403 8.
794 1374 908 1414 Atque
931 1371 1018 1404 illud
1048 1371 1160 1416 ipsum
1190 1375 1330 1417 Stygiis
1353 1382 1388 1406 ec
1413 1387 1461 1414 r.,
1496 1373 1590 1417 quod

82 1412 187 1443 estin
209 1412 336 1445 Medic.
358 1419 393 1445 et
415 1415 515 1447 Rom.
530 1440 538 1456 ‚
564 1422 733 1448 monstrat
762 1417 930 1459 originem
954 1419 1138 1451 deterioris
1160 1419 1341 1459 lectioui53
1375 1420 1442 1452 vid.
1477 1422 1517 1453 V.
1551 1420 1587 1452 L.

81 1458 123 1489 ad
146 1460 189 1498 V,
210 1460 309 1497 235&
336 1471 410 1491 nam
433 1461 513 1493 inde
544 1461 689 1505 primum
718 1470 832 1495 ortum
859 1464 944 1496 illud
973 1467 1175 1511 Stygios·
1203 1474 1238 1498 et
1267 1479 1319 1507 r.,
1352 1467 1433 1499 hinc
1460 1479 1588 1508 rursm,

81 1516 184 1547 quum
218 1512 365 1538 metrum
403 1507 597 1540 claudicare
641 1509 831 1549 sentirent,
870 1513 1020 1555 Stygios
1047 1526 1075 1545 r.
1115 1514 1210 1546 11er

80 1551 226 1583 Dorvill.
278 1551 361 1584 orbe
378 1553 505 1586 Medic.
533 1567 551 1586 a
571 1567 615 1587 m.
637 1567 690 1598 pr.

1309 1514 1374 1547 155
1408 1516 1590 1547 immutuit

788 1558 853 1591 156
884 1567 1092 1602 maestoque
1119 1558 1258 1603 affixus
1289 1562 1378 1593 Gud.
1412 1573 1430 1593 a
1459 1572 1504 1592 m.
1535 1573 1588 1604 pr.

82 1599 148 1631 157
175 1599 420 1642 Progreditur
436 1600 564 1633 Medic.
583 1602 619 1633 in
639 1614 745 1645 marg.
774 1604 851 1645 <sed
870 1616 888 1635 u
910 1605 1103 1637 recentiore
1127 1618 1226 1638 mauu
1241 1632 1249 1646 ,
1285 1614 1321 1638 ut
1355 1607 1462 1638 refert
1491 1608 1588 1650 Fog-

80 1644 173 1687 gin.;
198 1644 291 1688 quod
309 1646 363 1677 vix
382 1646 519 1679 dubites
537 1648 616 1691 quin
634 1655 750 1681 natum
773 1649 819 1681 sit
845 1662 862 1682 e
882 1650 1017 1683 scholio
1037 1652 1222 1684 Serviano:
1247 1654 1563 1694 „INGREDITUR
1580 1666 1587 1685 :

79 1691 167 1723 Pro
198 1691 390 1733 gradsturf‘
438 1693 529 1726 Vide
551 1694 675 1727 similia
701 1695 735 1727 in
767 1697 809 1736 Q.
840 1698 883 1729 V.
912 1697 1009 1736 XVI,
1038 1699 1069 1732 1.
1113 1699 1207 1741 IVr.)

79 1749 134 1781 ap.
152 1737 241 1770 Pier.
267 1744 302 1770 et
320 1740 448 1780 Burm.,
472 1741 572 1773 male.
621 1742 702 1773 Non
723 1741 888 1775 videbant
906 1744 1053 1787 ingredi
1069 1756 1155 1782 esse,
1180 1744 1354 1778 incedere.

1259 1701 1460 1744 Egreditur
1487 1699 1588 1732 multi

1431 1748 1495 1781 159
1518 1760 1588 1792 pa-

80 1785 170 1816 riter
200 1785 310 1820 Goth.
340 1792 420 1818 tert.
461 1787 552 1829 fixit
583 1787 711 1820 Medic.
749 1800 769 1821 a
793 1801 837 1821 m.
866 1802 918 1833 pr.
960 1792 1091 1833 firmat
1122 1792 1268 1825 Dorvill.
1309 1793 1400 1836 figit
1429 1806 1462 1825 ν.
1491 1796 1590 1826 curis

78 1830 240 1864 Parrhas.

71 1936 223 1986 pendes
244 1951 317 1987 pro
337 1938 491 1988 vulgari
511 1938 662 1978 haeres.
693 1942 802 1978 sedes

80 1993 128 2030 de
161 1994 342 2044 sepulcro
372 1996 457 2043 alii,
513 1997 577 2033 alii
613 1997 660 2035 de
693 2004 802 2036 terra

80 2050 298 2089 admodum
346 2052 445 2090 dure
495 2054 708 2105 accipiunt.
762 2069 800 2094 v.

79 2108 214 2145 Burin.
275 2109 355 2146 Cur
377 2124 457 2147 non
478 2110 610 2148 locum
637 2126 801 2163 compa-

78 2171 172 2202 rant
192 2165 259 2202 ins.
282 2180 320 2203 v.
341 2169 418 2207 371
454 2168 619 2205 Sedibus
647 2179 689 2207 ut
715 2171 801 2206 sal-

79 2231 156 2259 lem
171 2224 351 2273 placidis
376 2226 418 2260 ιή
447 2235 567 2262 merle
597 2229 801 2276 quiescam.

79 2285 119 2317 et
157 2294 194 2317 v.
235 2282 317 2322 328
360 2296 483 2331 quam
521 2283 678 2321 sedibus
710 2299 801 2321 ossa

78 2339 274 2387 quierunt.
346 2338 492 2376 Errant
525 2340 658 2378 Manes
695 2340 801 2378 inse—

78 2395 179 2445 pulti
205 2395 269 2432 vel
298 2396 402 2432 circa
432 2411 576 2448 eorpus
606 2399 669 2437 vel
696 2399 800 2435 circa

78 2454 248 2503 Stygem.
307 2453 517 2492 Notissima
542 2469 615 2493 res.
648 2470 683 2494 v.
707 2457 800 2494 Obs.

79 2509 130 2546 ad
150 2510 293 2548 Tibull.
311 2511 372 2558 HI,
392 2514 431 2559 2,
455 2513 518 2553 15.
541 2519 582 2550 at
599 2513 711 2551 iustis
732 2528 801 2550 ac-

79 2568 202 2617 ceptis
247 2568 298 2605 ad
333 2568 420 2605 loca
467 2570 594 2608 infera
641 2571 801 2608 admissi

79 2624 251 2673 quietem
314 2626 523 2677 recipiunt.
598 2628 802 2666 Piaculare

78 2687 211 2718 autem
237 2696 393 2720 sacrum
422 2697 460 2721 v.
496 2686 573 2727 153
608 2700 690 2723 non
720 2692 802 2724 tam

78 2738 129 2774 ad
159 2740 407 2788 purgandam
446 2742 606 2779 classem
643 2758 662 2779 a
704 2758 802 2781 con-

78 2801 188 2832 tactu
213 2797 400 2847 insepulti
434 2799 636 2837 cadaveris
670 2802 800 2838 valere

78 2852 216 2902 debet,
257 2867 375 2903 quam
412 2855 463 2892 ad
490 2856 704 2907 placandos
737 2859 800 2895 in—

337 1833 404 1866 160
421 1832 596 1878 ferebant
612 1841 694 1879 post
709 1834 800 1868 Pier.
820 1835 980 1869 defendit
1000 1837 1120 1870 Heius.
1167 1838 1236 1871 Alii
1250 1838 1436 1884 serebant.

860 1943 965 1980 seros
989 1972 1001 1991 ‚
1061 1957 1159 1993 quos
1214 1951 1273 1982 est
1331 1958 1586 1982 accessurus:

861 2000 1021 2038 omnino
1041 2001 1143 2037 enim
1173 2002 1223 2038 ad
1253 2002 1398 2039 insci-os
1430 2003 1586 2039 nonnisi

861 2057 1006 2107 expiati
1038 2064 1077 2094 et
1104 2058 1269 2109 placatis
1302 2060 1482 2096 Manibus
1516 2074 1584 2096 ac-

860 2115 1009 2151 cedunt
1028 2114 1167 2152 heroes
1187 2117 1291 2167 apud
1312 2123 1463 2154 ceteros
1481 2131 1585 2166 quo—

860 2185 935 2221 que
956 2179 1100 2222 poetas,
1162 2173 1249 2210 Iloc
1279 2174 1434 2223 colliges
1466 2176 1583 2211 etiam

859 2242 909 2266 ex
947 2229 1041 2266 locis
1075 2230 1182 2280 apud
1213 2231 1392 2268 Cei-dam.
1444 2234 1584 2282 prima

858 2300 898 2324 v.
939 2288 1016 2327 153
1055 2293 1113 2324 est
1155 2301 1256 2338 pro,
1298 2289 1439 2339 prius,
1480 2296 1583 2326 ante.

860 2343 958 2395 (vid.
980 2345 1028 2391 Q.
1054 2344 1096 2382 V.
1117 2345 1298 2393 XXVIII,
1325 2349 1364 2393 3,
1389 2346 1426 2383 d.
1463 2345 1581 2398 lVr.)

918 2404 1011 2443 157.
1045 2402 1190 2439 Gaea-os
1220 2403 1373 2453 ignotos
1395 2433 1405 2451 ,
1439 2404 1584 2441 obscu-

858 2471 955 2505 rOS,
995 2468 1154 2496 eventus
1193 2461 1323 2497 animo
1359 2467 1583 2498 versantem

859 2515 1031 2553 Aeneam
1065 2530 1155 2554 cum
1183 2517 1335 2556 Achate
1363 2518 1461 2555 bene
1492 2525 1584 2556 ante

860 2573 994 2610 oculos
1014 2573 1130 2611 sistit.

922 2634 1127 2672 160161.
1167 2631 1244 2669 Pro
1278 2632 1456 2683 vulgari:
1498 2645 1582 2669 ser-

860 2701 996 2725 mones
1021 2688 1200 2726 ferebant
1221 2703 1339 2740 super
1365 2690 1484 2727 variis
1516 2702 1582 2726 re-

858 2745 946 2783 bus.
1004 2745 1108 2796 (Non
1144 2762 1263 2795 super
1294 2750 1415 2784 variis·
1451 2745 1576 2791 reluta,

859 2803 929 2839 scd
972 2803 1097 2840 multa
1137 2804 1243 2840 varie
1293 2803 1578 2848 conjectabant,

857 2873 976 2909 quem
996 2860 1143 2898 diceret
1160 2861 1319 2911 Sibylla.
1344 2858 1459 2911 ll1)
1506 2860 1579 2896 Ce—
