1779 3420
87 258 190 307 358
419 258 474 307 Ρ.
513 257 874 309 VIRGILII
910 257 1299 309 MARONIS

90 382 239 432 Talia
262 383 533 449 perstabat
551 401 888 446 memorans,
927 383 1172 453 fixusque
1194 387 1462 439 manebat.
1520 391 1624 442 650

87 456 199 504 Nos
227 463 412 503 contra
439 453 597 504 effusi
621 455 872 515 lacrimis,
913 456 1260 524 coniunxque
1282 460 1499 522 Creusa,

88 524 475 592 Ascaniusque,
516 526 801 592 omnisque
831 526 1051 586 domUS,
1090 544 1160 577 ne
1195 538 1407 578 vertere
1438 545 1626 579 secum

90 596 294 645 Cuncta
323 604 498 662 pater,
549 596 771 663 fatoque
802 597 1053 661 urguenti
1089 599 1407 649 incumbere
1446 600 1624 652 vellet.

87 664 353 730 Abnegat,
394 667 722 734 inceptoque
752 676 805 716 et
829 667 1050 716 sedibus
1073 668 1261 718 haeret
1283 670 1337 718 in
1364 670 1552 721 isdem.

86 737 291 787 Rursus
349 737 403 785 in
452 754 597 786 arma
652 736 830 802 feror,
884 747 1234 806 mortemque
1291 740 1625 790 miserrimus

881 826 912 857 o
956 817 1027 860 to,
1522 815 1625 864 655

85 879 224 927 Nam
270 876 419 943 quod
468 878 753 928 consilium
803 827 1079 999 antbpquae
1128 880 1232 930 iam
1270 878 1490 931 fortuna
1528 881 1622 932 da—

923 956 1076 1000 zstur?

158 1019 273 1067 651.
314 1031 553 1078 CONTRA,

177 1135 243 1169 651
272 1135 352 1168 Nos
372 1136 505 1169 circum
525 1137 700 1170 Moutalb.
750 1137 880 1182 effusis
900 1138 1062 1172 lacrimis
1085 1138 1239 1184 quinque
1268 1150 1323 1182 ap.
1347 1140 1464 1172 Burm-
1480 1165 1489 1181 ‚

1528 1141 1624 1185 quod

84 1180 228 1225 vulgare
255 1190 358 1216 esset.
407 1183 518 1228 effusi
547 1185 720 1218 lacrimas
748 1186 920 1219 Rottend.
948 1198 1017 1219 sec.
1052 1193 1088 1219 et
1123 1188 1206 1219 Exc.
1241 1187 1380 1227 Burm.‚
1427 1187 1623 1231 graecismo

83 1229 203 1272 paullo
240 1229 394 1263 duriore.
450 1232 545 1275 (Nos
578 1241 712 1265 contra
748 1233 859 1277 eff'usi
897 1234 1123 1267 lacrimis—
1147 1246 1197 1267 sc.
1231 1246 1507 1267 Sumus—ne:
1543 1235 1565 1268 i.
1594 1248 1624 1269 e.

82 1276 202 1309 multis
224 1288 300 1310 cum
322 1277 476 1311 lacrimis
503 1280 699 1322 oravimus,
733 1281 907 1314 obtestati
937 1294 1074 1322 sumus,
1098 1293 1142 1313 ne
1160 1293 1220 1320 ——5
1246 1280 1327 1314 hinc
1346 1293 1479 1314 comma
1495 1309 1503 1323 ,
1528 1283 1624 1326 quod

82 1329 160 1356 erat
197 1331 281 1369 post
323 1334 477 1367 contra,
522 1327 659 1361 sustuli.
715 1328 823 1360 Certe
866 1328 976 1372 magis
1005 1329 1147 1373 poetica
1183 1334 1237 1360 est
1264 1329 1353 1362 haec
1381 1329 1484 1363 ratio.
1525 1330 1622 1374 lVr.)

81 1372 153 1406 652
177 1380 349 1405 evertere
364 1373 504 1418 Menag.
525 1386 580 1418 pr.
598 1382 633 1407 et
655 1387 712 1420 qu.
737 1376 881 1417 Moret„
909 1382 947 1408 ut
969 1376 1067 1409 alibi.
1096 1389 1128 1409 v.
1159 1377 1276 1409 Burm.

83 1417 166 1451 bere
187 1419 324 1453 Zulich.

83 1466 228 1511 scripta.
260 1467 357 1510 lVr.)

1371 1378 1441 1412 653
1476 1376 1622 1411 obcum-

420 1422 490 1456 654
515 1435 585 1467 que
607 1423 708 1455 abest
729 1423 840 1456 Wall.
869 1424 998 1467 (isdem
1017 1423 1158 1464 Medic„
1183 1423 1294 1456 altera
1316 1424 1330 1456 i
1354 1424 1463 1457 minio
1495 1437 1623 1470 super-

454 1470 523 1504 656
556 1478 591 1502 et
616 1483 711 1515 (luae
736 1471 867 1503 Moret.
896 1483 949 1516 pr.

1008 1473 1080 1504 iam
1109 1472 1212 1503 deest
1244 1471 1389 1505 Mentel.
1415 1485 1468 1517 pr.
1496 1473 1623 1505 Hamb.

82 1525 137 1557 pr.
159 1526 179 1546 a
205 1526 249 1546 m.
266 1527 319 1559 pr.
339 1521 374 1547 et
393 1515 506 1557 Leid„
529 1524 564 1549 et
583 1517 747 1561 placebat
770 1518 885 1551 hiatus
910 1518 1080 1559 Heiusi03
1105 1519 1169 1551 sed
1188 1519 1278 1550 bene
1301 1520 1518 1553 Burmannus
1542 1532 1623 1553 mo-

81 1560 179 1602 nuit,
203 1562 278 1595 iam
296 1563 499 1596 necessario
523 1563 558 1597 h.
580 1564 604 1598 1.
623 1564 767 1609 requiri.
821 1574 887 1598 ααι
908 1567 996 1599 mihi
1015 1565 1156 1613 quaes.
1177 1565 1313 1611 aliquot
1334 1566 1499 1600 Pieriani.

83 1670 134 1694 ex
182 1671 323 1696 eorum
364 1659 551 1711 opinione
582 1661 822 1713 explicanda

82 1715 185 1765 sint,
229 1717 298 1768 qui
335 1724 504 1756 ventum
544 1732 626 1757 esse
660 1734 820 1758 causam

82 1774 260 1812 fulminis
281 1781 321 1814 et
341 1777 567 1816 tonitruum
597 1778 821 1827 affirmant3

81 1832 165 1871 vid.
186 1833 327 1872 Barth.
349 1835 401 1872 ad
425 1836 565 1874 Claud.
595 1838 739 1888 Paneg.
772 1837 822 1875 de

83 1890 200 1929 Cons.
229 1892 338 1931 Mall.
371 1893 523 1932 Theod.
561 1898 655 1937 108.
686 1901 726 1933 et
753 1895 819 1933 In-

82 1955 215 2002 terpp.
242 1951 293 1988 ad
316 1951 464 1991 Lucan.
491 1953 521 2002 I,
548 1955 642 1996 151.
670 1954 720 1992 ad
752 1954 820 1992 Sil.

83 2007 131 2047 It.
163 2008 190 2056 l,
223 2008 321 2050 254.
382 2011 570 2049 Ceterum
618 2013 818 2063 adflatus,

83 2067 245 2116 aclslare
267 2097 277 2116 ,
343 2068 392 2107 de
429 2070 682 2108 ambustione
731 2071 818 2109 Liv.

82 2125 268 2174 XXVIII,
287 2129 376 2168 23:
409 2129 612 2177 „ambusti
642 2129 822 2167 adfla-

81 2189 139 2221 tu
158 2185 359 2236 vap01·iS.“
390 2192 431 2224 et
452 2188 586 2236 XXX,
612 2191 671 2229 6.:
702 2201 823 2237 „sau—-

83 2242 133 2279 cii
167 2243 440 2295 adflatique
469 2246 699 2285 incendio.“
745 2248 821 2284 So-

84 2299 216 2351 pliocl.
239 2300 373 2354 Antig.
410 2306 503 2347 135.
538 2318 622 2355 sqq.
660 2320 821 2357 „7va-

83 2354 250 2412 φόρος
280 2357 324 2408 ὃς
358 2357 447 2402 τότε
488 2362 717 2419 μαινομένᾳ
749 2360 823 2412 ξῦν

83 2414 197 2472 ὁρμᾷ
224 2415 438 2470 βακχεύων
482 2420 646 2462 ἐπέπνει
685 2422 825 2473 ῥιπαῖς

84 2473 355 2526 ἐχθίστων
386 2473 654 2530 εἷνέμων.“
708 2478 822 2531 er.)

84 2534 181 2575 650.
224 2533 358 2580 fixus.
409 2535 555 2574 affixus
586 2538 698 2587 loco,
739 2550 822 2575 non

84 2589 294 2630 discedens
311 2591 444 2631 domo.
467 2594 519 2633 cf.
541 2597 638 2636 699.

142 2707 221 2748 651
241 2706 402 2749 —654.
435 2709 634 2761 Lugubris
665 2722 759 2747 sane
783 2714 822 2747 et

84 2764 312 2803 miseranda
335 2779 471 2805 rerum
499 2768 644 2816 iacies,
676 2768 707 2806 si
736 2769 822 2805 sin-—

83 2823 175 2874 gula
210 2824 377 2876 cogites3
427 2826 497 2864 sed
540 2841 591 2864 an
624 2826 822 2864 wartono

84 2882 333 2933 assentiaris,
364 2884 431 2934 qui
454 2885 701 2923 Lebrunium
737 2897 823 2922 me-

84 2939 162 2979 lius
211 2940 290 2980 hoc
347 2949 583 2993 argumento
640 2943 825 2995 picturae

83 2999 374 3053 proponendae
396 3015 567 3041 usurum
595 3001 714 3040 fuisse
746 3015 825 3054 pu-

879 1668 961 1710 tat,
997 1675 1119 1712 quam
1143 1661 1253 1700 Darii
1279 1663 1484 1713 tentorio,
1520 1664 1624 1702 sorte

881 1719 1054 1758 dubites.
1124 1720 1255 1759 Maior
1302 1722 1444 1773 utique
1485 1735 1624 1761 rerum

880 1779 1147 1829 fortunaeque
1167 1780 1377 1818 conversio
1396 1780 1438 1818 in
1458 1779 1537 1818 hoc
1555 1794 1624 1819 re-

882 1850 927 1889 ge
966 1837 1148 1876 cernitur
1171 1868 1180 1885 ,
1230 1852 1352 1889 quam
1389 1839 1431 1876 in
1469 1839 1622 1877 familia

881 1895 1031 1948 privati
1058 1894 1255 1946 hominis,
1300 1897 1470 1936 Aeneae.
1531 1899 1623 1936 Nos

881 1962 1021 1992 contra
1051 1968 1167 1993 orare
1193 1969 1272 1993 non
1300 1955 1530 1994 desistimus
1557 1957 1622 2008 es—

868 2013 968 2064 sic-si
998 2013 1207 2062 lacrimis,
1243 2014 1442 2065 exquisite
1473 2028 1548 2066 pro
1581 2017 1623 2052 in

881 2071 1088 2110 lacrimas.
1126 2069 1226 2124 (vid.
1248 2072 1296 2113 V.
1328 2074 1370 2111 L.
1408 2071 1523 2125 lVr.)
1574 2087 1623 2110 ne

881 2138 1027 2167 vertere
1053 2145 1087 2167 s.
1113 2129 1154 2169 h.
1177 2131 1203 2172 l.
1233 2138 1437 2181 evertere,
1472 2131 1622 2184 perde-

881 2201 948 2236 re,
984 2188 1166 2241 saloque
1190 2192 1351 2240 algenti
1377 2190 1618 2238 incumbere,

881 2246 1021 2284 vellet:
1053 2246 1094 2286 11.
1124 2261 1155 2285 e.
1186 2248 1380 2296 exitium,
1423 2249 1534 2300 quod
1556 2247 1621 2286 vel

881 2304 938 2342 sic
958 2305 1213 2355 imminebat,
1246 2308 1478 2345 accelerare.
1540 2308 1623 2344 Ur·-

879 2372 1001 2414 gent,
1043 2378 1146 2415 quae
1175 2365 1352 2415 instant3
1402 2371 1469 2415 ut,
1518 2378 1622 2416 quae

883 2436 1021 2459 casum
1038 2423 1268 2472 minantur,
1300 2424 1362 2462 his
1395 2424 1426 2462 si
1459 2426 1622 2461 incum—

882 2479 1039 2529 himas,
1076 2494 1120 2518 ea
1142 2482 1405 2533 impellimus,
1448 2488 1496 2521 ut
1522 2496 1622 2534 pro-

882 2544 1017 2575 ruant.
1086 2540 1193 2577 Bene
1222 2542 1404 2579 Servius:
1449 2540 1623 2590 „Simile

883 2602 954 2644 est,
975 2602 1042 2634 ut:
1064 2606 1281 2635 currentem
1293 2600 1477 2647 inc-itare,
1491 2613 1621 2650 prae—

880 2655 1118 2704 cipc'lczntem
1138 2657 1354 2706 impellere.
1365 2659 1389 2678 “
1431 2655 1511 2709 (-—
1524 2657 1620 2699 654.

881 2713 1119 2764 inceptoque
1161 2722 1198 2750 et
1224 2714 1384 2752 sedibus
1416 2714 1554 2752 haeret
1579 2717 1622 2752 in„

880 2770 1036 2807 isdem:
1110 2772 1258 2810 Eadem
1321 2773 1622 2825 compositionis

882 2828 1059 2867 suavitas
1107 2837 1168 2868 est
1210 2831 1319 2882 apud
1359 2832 1542 2870 Ciceron.
1579 2832 1620 2870 in

883 2886 968 2924 Cat.
995 2887 1042 2936 Il,
1068 2889 1127 2929 5.:
1161 2890 1207 2926 Si
1226 2899 1261 2927 et
1282 2892 1335 2927 ιή
1367 2889 1489 2928 urbe
1511 2899 1548 2928 et
1570 2893 1622 2928 ιή

885 2945 1066 2983 eadem
1134 2956 1295 2986 mente
1363 2957 1615 3000 permanent.

892 3002 1037 3057 Wch.)

1100 3005 1196 3048 656.
1219 3020 1313 3045 nam
1333 3019 1437 3059 quae
1457 3006 1537 3045 iam
1554 3021 1621 3045 sa-
