1779 3420
175 203 276 250 606

502 198 556 245 P.
594 196 945 247 VIRGILII
991 195 1356 246 MARONIS

177 322 529 387 Sidoniasque
555 330 783 370 ostentat
806 337 959 387 opes,
996 320 1299 387 urbemque
1324 331 1585 387 paratam3
1621 329 1689 378 75

178 393 369 458 Incipit
397 390 572 454 effari,
610 391 897 457 mediaque
920 391 975 439 in
999 407 1125 439 voce
1149 391 1354 442 resistit.

173 467 328 513 Nunc
355 460 569 522 eadem,
609 461 822 510 labente
846 460 955 520 die,
995 462 1228 509 convivia
1254 461 1472 527 quaerit,

174 532 468 596 Iliacosque
492 531 687 578 iterum
712 530 936 578 demens
962 530 1144 579 audire
1164 530 1373 579 labores

174 602 422 667 Exposcit
439 640 450 660 ,
489 599 802 665 pendetque
828 600 1024 647 iterum
1046 601 1302 648 narrantis
1326 600 1389 648 ab
1416 616 1522 652 ore.

176 675 325 733 Post,
364 669 457 717 uhi
480 669 718 732 digressi,
755 668 1049 733 lumenque
1076 669 1299 718 obscura
1319 670 1544 719 vicissim
1626 677 1691 722 80

176 744 324 790 Luna
350 739 570 804 premit,
608 737 942 803 suadentque
977 737 1214 787 cadentia
1247 739 1419 787 sidera
1449 756 1691 791 somnos:

179 810 302 859 Sola
330 809 495 857 domo
516 817 719 857 maeret
740 823 924 870 vacua,

272 938 317 973 75
346 950 413 982 que
438 937 537 970 abest
562 949 581 969 a
609 937 711 970 binis.
763 938 841 984 opis
866 938 955 970 Gud.
982 950 1000 970 a
1025 949 1069 970 m.
1095 949 1149 981 pr.

961 808 1239 874 stratisque
1261 808 1453 857 relictis

1243 939 1289 972 76
1323 935 1440 982 ecfari
1472 936 1560 970 Gud.
1595 949 1614 970 a
1646 949 1692 970 m.

177 997 266 1024 sec.‚
291 984 444 1028 antique.
494 983 606 1028 aff'ari
628 984 817 1017 Zulichem.
866 985 903 1017 in
930 996 964 1017 v.
990 986 1139 1016 recessit
1163 984 1302 1027 Menag.
1330 985 1438 1023 alter,
1466 983 1692 1017 aberratione

178 1038 213 1064 et
243 1031 326 1064 alibi
353 1037 483 1063 notata.
509 1043 539 1063 v.
567 1032 748 1064 Burmann.

177 1078 237 1111 alt.
262 1077 406 1110 Mentet

843 1033 888 1066 78
914 1044 981 1076 qne
1006 1031 1108 1064 abest
1133 1043 1150 1063 a
1176 1031 1322 1064 Dorvill.

502 1079 544 1112 81
586 1091 613 1110 e.
640 1079 778 1111 lumina
809 1078 946 1121 Menag.
972 1089 1026 1122 pr.

1420 1032 1464 1066 80
1489 1032 1694 1076 digressum

1127 1079 1171 1112 82
1204 1079 1317 1111 Burm.
1349 1077 1439 1111 coni.
1466 1079 1595 1111 relicta
1624 1079 1693 1110 In-

177 1124 287 1158 cubac
312 1124 366 1156 vel
393 1124 530 1156 relictis
554 1124 731 1157 Excubat.
782 1126 857 1157 Iloc
883 1124 1031 1156 alterum
1055 1136 1193 1168 quoque
1217 1126 1267 1158 Io.
1293 1124 1477 1159 Schrader.
1510 1136 1575 1157 nec
1606 1123 1693 1157 feli-

178 1171 248 1205 cius
275 1170 398 1216 aliquis
425 1169 590 1204 coniiciat
616 1174 817 1217 Stratisque
842 1172 1005 1213 relectis,
1031 1171 1093 1203 sed
1120 1184 1151 1204 v.
1176 1178 1249 1204 not.

178 1290 342 1339 unicus,
365 1290 482 1328 etiam
506 1296 596 1341 post
620 1289 820 1341 Apollonii
842 1289 907 1326 in-

178 1349 327 1399 signem
359 1349 646 1385 sententiarum
684 1347 836 1398 copiam
869 1352 909 1384 et

178 1406 324 1445 Valerii
346 1406 472 1443 Flacci
491 1419 679 1453 acumen,
704 1405 806 1442 libro
825 1405 907 1453 Vll,

180 1478 225 1501 ac
255 1469 347 1515 post
375 1464 603 1501 innumeras·
637 1463 907 1501 recentiorum

178 1528 391 1573 poetarum
410 1521 540 1559 inlioc
559 1527 791 1572 argumento
807 1534 907 1558 con-

179 1579 388 1617 tentiones.
428 1581 674 1616 Brevitatem
694 1579 732 1616 in
754 1592 906 1615 summa

178 1650 314 1675 rerum
348 1637 458 1688 eopia
489 1643 528 1674 et
559 1637 799 1686 (lignilalem
836 1637 907 1673 vix

181 1695 387 1744 quisquam
431 1695 529 1731 alius
568 1700 625 1730 est
660 1699 906 1743 assequutus,

182 1753 210 1789 si
226 1753 329 1789 forte
353 1752 536 1789 affectum
560 1765 720 1788 movere
754 1758 794 1788 et
821 1751 906 1787 aliis

182 1809 362 1859 contigit.
435 1811 500 1850 75.
540 1810 753 1856 isidorum,
799 1809 908 1859 'l'yro

181 1867 380 1915 advectas,
399 1881 436 1905 v.
462 1867 490 1914 I,
525 1869 618 1907 363.
681 1865 791 1918 (opes
821 1880 909 1903 ma-

180 1924 367 1976 gnificum
401 1930 588 1962 ornatum
609 1924 740 1972 urbis,
765 1929 908 1961 testem

182 1996 315 2034 opum.
351 1981 500 2035 lVelL.)
543 1981 676 2019 urbem
692 1989 903 2031 paratam,

182 2041 349 2091 egregie,
381 2046 428 2077 ut
449 2053 530 2077 non
551 2052 650 2090 opus
669 2044 790 2089 esset,
828 2053 906 2076 no-

181 2113 273 2137 vam
295 2111 485 2149 quaerere
518 2110 588 2147 per
618 2097 755 2147 longos
790 2109 906 2134 erro-

180 2169 274 2205 reS‚
324 2161 371 2193 ut
414 2161 453 2193 et
497 2155 632 2192 Burm.
668 2160 759 2206 post
795 2156 906 2192 Serv.

182 2218 248 2255 77.
287 2216 474 2250 convivia
507 2214 681 2263 quaerit,
725 2212 909 2249 desiderii

183 2277 276 2308 nota
306 2271 427 2319 inest,
477 2283 629 2307 moram
657 2269 910 2320 impatienter

183 2330 282 2375 sert,
316 2328 411 2365 dum
434 2340 578 2365 coenae
597 2326 695 2364 hora
718 2327 907 2364 illuxerit.

242 2388 438 2425 80—83.
485 2385 537 2421 l)e
568 2391 683 2422 nocte
722 2398 808 2422 sera
839 2385 910 2435 agi,

184 2456 261 2492 qua
310 2457 330 2478 a
378 2442 563 2479 convivio
589 2472 597 2488 ‚
642 2442 713 2479 sub
742 2448 911 2490 noctem,

184 2500 336 2537 labente
355 2500 441 2545 (lie,
478 2500 696 2547 instructo,
727 2506 822 2536 sunt
846 2499 911 2536 (li-

183 2557 321 2607 gressi,
355 2556 529 2592 dubitari
562 2557 718 2605 nequit3
752 2556 842 2593 liinc
873 2563 910 2593 et

185 2615 372 2651 eatlenlt'a
689 2613 907 2650 occidentia

185 2677 356 2708 exeunte
387 2676 519 2717 nocte,
551 2683 589 2706 v.
627 2670 676 2706 ad
715 2671 779 2707 lib.
812 2671 856 2718 ll,
884 2673 909 2710 9

189 2730 350 2766 Excuis
424 2728 558 2776 ltaque
584 2727 714 2763 lmnen.
746 2727 908 2763 obseura

186 2787 360 2823 vicissim
397 2786 513 2821 Luna
541 2786 712 2833 premit,
758 2798 829 2820 nec.
859 2785 909 2821 ad

187 2842 498 2881 vicissitudinem
551 2841 626 2877 (liei
676 2847 715 2877 et
770 2841 909 2889 nortis,

188 2914 279 2949 nec,
322 2913 413 2937 cum
454 2900 705 2947 Burmmmo,
758 2898 808 2936 ad
835 2899 908 2936 ob-

440 2614 569 2649 sident
597 2643 605 2659 ,

965 1295 1125 1327 scurata
1144 1288 1262 1326 lunae
1290 1290 1420 1328 nitore
1451 1290 1605 1327 minora
1638 1289 1692 1326 si-

967 1347 1061 1384 dera
1087 1345 1152 1399 (cf.
1172 1347 1312 1385 Horat.
1333 1348 1351 1385 Ι
1376 1348 1451 1386 Od.
1482 1351 1544 1396 12,
1574 1349 1692 1389 46-

966 1405 1040 1455 48)
1065 1405 1204 1442 referri
1224 1411 1380 1456 potest,
1412 1405 1480 1443 sed
1503 1406 1551 1443 de
1576 1418 1694 1443 occa-

966 1476 1012 1500 su
1038 1463 1153 1500 lunae
1183 1463 1255 1500 sub
1284 1470 1496 1501 exeuntem
1535 1469 1694 1501 noctem

967 1520 1239 1571 accipiendum
1261 1534 1340 1558 esse
1353 1522 1605 1560 manifestum
1625 1521 1693 1559 fit:

962 1580 1131 1626 premit,
1157 1579 1301 1616 occulit
1319 1579 1385 1616 illa
1408 1580 1543 1617 lumen
1566 1592 1693 1616 suum.

965 1636 1086 1672 Recte
1118 1636 1169 1684 is,
1219 1637 1398 1687 quisquis
1428 1637 1534 1675 inter
1563 1643 1693 1674 cetera

966 1693 1157 1730 Serviana
1200 1694 1439 1746 adscripsit:

968 1751 1090 1788 Luna.
1110 1765 1226 1787 snum
1246 1752 1379 1790 lumen
1400 1754 1594 1802 reprimit,
1624 1766 1692 1789 oc-

971 1809 1105 1844 cidens
1128 1817 1163 1845 el
1183 1823 1222 1844 se
1243 1809 1486 1847 obscurans?
1501 1811 1693 1847 —1'ieis-

967 1867 1070 1913 sim,
1115 1872 1325 1916 postquam
1356 1880 1426 1919 per
1454 1873 1580 1905 totam
1614 1880 1692 1904 no-

967 1928 1069 1959 ctem
1109 1923 1310 1962 illuxerat.
1403 1926 1519 1962 Decet
1559 1930 1692 1962 autem

964 1987 1145 2032 poetam,
1181 1988 1334 2020 certum
1371 1996 1417 2020 ac
1449 1983 1691 2033 descriptum

965 2044 1123 2090 tempus
1152 2052 1319 2090 ponere,
1362 2054 1434 2091 pro
1464 2040 1691 2090 indefinit03

966 2102 1005 2133 et
1037 2110 1109 2147 pro
1142 2110 1378 2147 quacunque
1418 2105 1557 2146 nocte,
1591 2110 1691 2148 quae

966 2159 1004 2190 et
1024 2153 1156 2191 illunis
1183 2161 1222 2191 et
1247 2155 1409 2192 illustris
1437 2169 1518 2194 esse
1547 2161 1691 2207 potest,

967 2218 1125 2249 noctem
1148 2225 1323 2250 serenam
1344 2214 1560 2251 nominare.
1610 2211 1691 2265 (vi-

967 2270 1101 2306 vis-mn,
1119 2270 1284 2320 ponitur
1307 2271 1447 2318 etiam,
1478 2271 1546 2308 ubi
1567 2271 1690 2308 altera

970 2340 1053 2375 reS‚
1087 2340 1166 2377 quo
1186 2330 1360 2365 viulas-im
1384 2330 1576 2376 refertur,
1608 2341 1689 2365 non

971 2390 1029 2421 est
1062 2385 1290 2433 nominata,
1338 2392 1424 2422 tum
1461 2392 1574 2423 notat
1610 2398 1691 2421 se—

971 2441 1194 2479 eundum
1266 2442 1690 2480 vicissitudinem

970 2505 1199 2535 naturae.
1261 2499 1316 2535 Ita
1338 2500 1443 2549 apud
1465 2500 1546 2538 Val.
1573 2500 1630 2537 Fl.
1662 2500 1690 2547 l,

971 2558 1085 2595 671.:
1132 2556 1293 2605 lallique
1332 2559 1507 2593 vicissim
1542 2566 1691 2607 [muln-5¹

969 2612 1110 2659 halus,
1156 2613 1275 2649 verba
1305 2615 1393 2650 lolli
1420 2616 1595 2651 vscl'szsz'm,
1625 2627 1691 2652 re-

968 2670 1068 2705 seres
1090 2669 1139 2705 nd
1161 2670 1297 2717 maris,
1329 2685 1417 2708 cnm
1439 2672 1690 2722 Argonautae

969 2726 1007 2762 in
1029 2727 1152 2763 altum
1177 2727 1467 2776 evehebantur,
1494 2729 1690 2779 tranquil—

970 2783 1142 2831 litatem,
1185 2785 1223 2821 in
1262 2785 1374 2823 cuius
1404 2787 1534 2823 locuni
1570 2788 1691 2822 vlt-is-

968 2843 1043 2876 sim
1073 2848 1349 2892 tempestatem
1389 2843 1599 2881 succedere
1626 2843 1691 2881 vi-

970 2898 1077 2936 dent.
1132 2902 1174 2938 ll
1188 2899 1280 2952 '‹·l1.)
1372 2903 1438 2941 82.
1486 2902 1693 2952 stratisque

1508 1710 1563 1732 cm
1599 1697 1693 1744 ipsa
1755 1733 1757 1736 Α
