1827 3436
297 243 709 298 AENElDOS
747 242 882 289 LlB.
923 241 959 295 l,
999 243 1290 289 216—223
1465 246 1557 288 109

46 384 197 428 Nunc
218 372 396 436 Amyci
425 386 603 418 casum
627 367 791 432 gemit
817 374 868 414 et
891 362 1122 413 crudelia
1146 378 1326 411 secum

45 451 167 496 Fata
193 443 328 506 Lyci,
362 439 669 504 fortemque
697 439 857 499 Gyan,
888 433 1196 498 fortemque
1221 430 1559 480 Cloanthum.

116 518 179 563 Et
202 513 304 560 iam
333 508 455 557 finis
481 516 611 558 crat:
652 522 819 572 quum
841 504 1081 569 Iuppiter
1108 500 1323 550 aethere
1345 515 1558 548 summo

118 611 231 657 221.
271 617 451 661 emur,

136 756 203 790 221
229 753 346 787 Amici
364 750 434 784 alii.
462 748 582 793 (etIam
602 748 744 788 Medic„
770 747 833 780 sed
854 746 953 792 prior
971 747 984 779 i
1002 745 1044 778 ab
1068 743 1136 777 alia
1165 754 1266 776 manu
1295 741 1329 774 in
1347 755 1379 786 y
1397 746 1561 774 mutatur.

52 803 144 843 ΙΓΤ.)
202 803 304 833 Tunc
333 798 471 832 Antlzei
496 796 621 828 Humb.
647 807 700 840 pr.
746 806 855 827 casus
880 793 980 825 Leid.
1010 799 1044 824 ct
1073 794 1190 836 Sprot.
1239 789 1330 822 Illud
1352 800 1470 820 secum
1492 798 1563 819 non

47 850 153 881 debet
174 847 366 879 oll'cndere.
393 856 470 876 uam
497 844 608 889 gemit
628 853 746 874 secum
772 844 811 873 A.
845 853 874 872 c.
972 840 1041 873 222
1066 840 1199 881 Lycus.
1234 836 1325 868 idern
1350 840 1562 866 memoratur

45 896 108 928 lib.
129 895 193 934 IX,
219 894 297 928 556.
348 893 451 923 Giam
480 889 601 930 multi,
627 888 731 920 etiarn
750 887 882 927 nostri,
916 885 971 919 vel
989 887 1095 917 Gian.
1140 884 1330 916 Cloantum
1354 880 1562 925 castigatio-

44 954 101 974 res
122 940 247 984 ubique
263 964 273 982 ‚
295 943 441 971 notante
465 935 631 976 Heinsio,
657 942 693 967 ut
720 934 826 966 Goth.
851 945 905 977 pr.
957 933 1158 964 choantum
1178 930 1278 962 Leid.
1328 927 1382 972 (In
1400 928 1560 960 Mediceo

46 996 181 1026 tamen,
216 985 488 1030 quotiescunque
520 982 647 1026 legitur
681 982 749 1013 hoc
778 991 926 1020 nomen,
974 977 1173 1021 adspiratur
1199 976 1325 1008 literae
1353 983 1386 1014 ις
1422 974 1505 1006 item
1526 973 1561 1006 in

47 1036 182 1078 Fragm.
204 1035 286 1065 Vat.
319 1031 412 1072 ll'r.)
461 1030 612 1063 Nomina
635 1027 831 1072 promiscue
859 1025 996 1070 posuit,
1039 1031 1077 1055 ut
1093 1030 1212 1067 poeta.
1259 1025 1427 1066 Amycus,
1451 1016 1562 1064 ’Ἀμυ-

44 1093 120 1121 κος,
145 1080 186 1112 ad
214 1078 407 1123 exemplum
427 1076 520 1120 regis
544 1076 757 1118 Bebrycum‚
783 1073 826 1105 de
846 1085 913 1116 quo
937 1070 1102 1115 Apollon.
1122 1071 1164 1102 II.
1188 1081 1240 1113 pr.
1271 1076 1305 1101 et
1330 1068 1390 1099 inf.
1411 1069 1456 1109 V,
1480 1068 1560 1102 373.

45 1129 199 1160 diversus
220 1133 271 1158 est
294 1126 336 1158 ab
359 1124 428 1156 illis
451 1123 508 1167 qui
528 1122 589 1154 inf.
616 1122 663 1161 X,
689 1119 769 1155 704.
795 1120 859 1159 IX,
878 1120 957 1153 772.
983 1118 1063 1157 XII,
1087 1117 1167 1151 509.
1195 1116 1319 1148 eodem
1338 1114 1476 1146 nomine
1498 1126 1560 1147 oc·-

47 1179 197 1207 currunt.
245 1175 369 1214 Lycus
397 1171 490 1202 inter
521 1168 696 1202 Troianos
727 1167 851 1198 iterum
880 1167 950 1205 ΙΧ,
985 1165 1052 1198 545
1084 1175 1110 1195 s.
1161 1163 1265 1206 Gyas
1296 1168 1330 1194 et
1363 1161 1563 1194 Cloanthus

45 1221 78 1253 iu
103 1220 192 1252 ludis
211 1219 244 1251 in
267 1218 383 1251 Sicilia
406 1216 510 1249 editis
530 1216 593 1247 lib.
615 1216 659 1253 V,
687 1214 752 1247 118
770 1225 844 1257 sqq.
894 1210 1030 1243 Diversi
1060 1216 1138 1241 sunt
1166 1210 1259 1252 Gyas
1287 1208 1379 1240 inter
1396 1209 1561 1240 Etruscos

45 1269 93 1306 X,
130 1267 210 1305 318,
238 1273 271 1297 et
294 1266 387 1297 i'orte
417 1263 503 1296 alius
536 1263 615 1298 XII,
647 1260 726 1295 460.
840 1259 909 1293 223
935 1257 1019 1291 Noli
1049 1257 1083 1288 in
1113 1255 1286 1298 vulgarius
1315 1254 1490 1295 incidere,
1525 1261 1561 1285 ut

47 1313 229 1345 emendes:
256 1315 302 1344 J-Jc
323 1311 575 1353 iamflm'erat.
603 1327 646 1331 ——
679 1305 841 1350 Sequitur
868 1306 1053 1350 Iuppiter:
1098 1302 1134 1333 in
1158 1301 1213 1334 his
1232 1314 1270 1334 ac
1298 1301 1467 1333 similibus
1492 1311 1560 1331 no·-

47 1372 126 1392 vare
147 1359 278 1402 aliquid
297 1357 409 1389 nolui:
449 1356 484 1388 Si
508 1354 572 1387 inei
596 1353 731 1386 arbitrii
761 1364 816 1384 res
848 1359 956 1390 essct,
991 1349 1180 1382 scriberem
1212 1349 1372 1392 Iupiter,
1408 1360 1447 1379 ex
1467 1346 1561 1379 anti-

49 1406 171 1450 quiore
205 1418 242 1437 ac
274 1404 410 1436 veriore
433 1402 589 1440 ratione,
628 1412 726 1444 quam
753 1399 788 1430 in
807 1397 958 1441 Virgilio
989 1395 1198 1429 redhibitam
1228 1406 1303 1426 esse
1325 1394 1497 1427 volumus:
1523 1400 1562 1425 ut

47 1453 164 1485 statim
182 1452 250 1486 225
270 1452 394 1483 litora.
465 1448 607 1481 Scilicet
631 1446 765 1490 antiqui
791 1445 928 1477 litteras
959 1444 994 1475 in
1019 1443 1073 1475 his
1103 1441 1325 1485 geminabant
1351 1439 1561 1484 pronuntia-

47 1500 154 1538 tione,
180 1510 249 1530 uon
274 1498 464 1541 scriptura;
499 1493 715 1527 recentiores
746 1492 849 1524 etiam
882 1490 1072 1534 scriptura:
1108 1494 1204 1520 recte
1227 1494 1262 1519 et
1282 1487 1370 1519 hoc:
1405 1488 1467 1519 sed
1489 1493 1561 1519 tum

45 1545 233 1578 tenendum
263 1550 316 1575 est
347 1543 551 1575 alterutrum
583 1545 784 1572 constanter
815 1544 848 1570 et
876 1538 911 1569 in
946 1536 1126 1575 omnibus,
1163 1533 1288 1578 quibus
1317 1533 1436 1566 eadem
1468 1533 1559 1566 ratio

46 1592 177 1624 subest.
245 1591 437 1636 (Iuppiter
485 1585 716 1631 antiquissimi
759 1584 885 1630 quique
925 1583 1007 1616 libri
1045 1594 1128 1615 mss.
1178 1580 1345 1613 exhibent
1395 1588 1560 1613 constan-

47 1646 111 1671 ter.
149 1637 247 1681 ll'r.)

46 1765 127 1805 vid.
145 1765 385 1817 interpretes
408 1762 461 1800 ad
485 1761 645 1800 Terent.
671 1760 772 1799 Eun.
828 1772 929 1797 xum
947 1757 1011 1795 ve]
1030 1756 1245 1795 transitum
1275 1754 1373 1792 mihi
1396 1768 1476 1793 non
1497 1755 1560 1792 vi-

46 1825 92 1872 Π,
125 1826 162 1871 3,
195 1824 261 1865 56.
321 1820 522 1859 Posterior
539 1819 607 1857 hic
623 1818 773 1856 intelli-

46 1881 208 1932 gendus.
269 1880 368 1917 Nam
399 1878 589 1925 Manes,
621 1877 688 1927 qui
707 1876 775 1913 in-

47 1939 245 1976 vocabam
253 1951 319 1987 ur,
371 1950 390 1973 a
403 1950 431 1973 u
443 1935 470 1973 d
484 1936 525 1973 ie
540 1949 565 1972 n
575 1941 593 1972 t
604 1948 622 1971 e
635 1949 652 1972 s
693 1933 773 1970 fin—

47 1996 253 2047 gebantur.
308 1995 434 2033 chlz.
485 1992 566 2030 vid.
597 1992 773 2029 Gronov.

48 2054 174 2091 Diatr.
194 2067 232 2104 p.
257 2055 351 2093 317.
381 2073 439 2081 --
468 2051 523 2087 De
546 2051 775 2087 conforma-

49 2112 158 2148 tione
171 2109 360 2147 orationis
374 2108 454 2147 vid.
468 2109 517 2156 Q.
529 2108 574 2146 V.
586 2106 775 2155 XXXVI,

50 2171 87 2209 6.
124 2166 240 2220 lVr.)

107 2227 202 2266 223.
224 2227 275 2261 Ji!
297 2223 492 2271 iccmfinis
509 2229 592 2259 erat
611 2235 662 2258 sc.
682 2221 775 2258 lon—

49 2282 84 2333 gi
114 2281 323 2329 sermonis,
375 2280 415 2318 h.
448 2293 479 2317 e.
511 2279 775 2330 querelarum,

51 2346 121 2377 aut
140 2339 314 2386 omnino,
330 2350 472 2375 coenae
485 2337 624 2374 factae.
654 2337 776 2373 Pom-

51 2410 143 2448 pon.
175 2396 343 2433 Sabinus
378 2395 501 2439 linem
531 2396 612 2431 <liei
648 2394 775 2431 inter-

52 2459 244 2504 pretatur.
297 2466 389 2491 nam
421 2466 516 2489 mox
557 2451 776 2489 dormitum

0 2542 1 2547 ,
54 2511 297 2558 concedunt,
340 2524 379 2548 v.
411 2510 480 2547 inf.
513 2510 607 2551 305.
667 2508 777 2556 Quin

0 2582 1 2608 1
55 2569 213 2606 omnino
260 2568 314 2605 sic
353 2567 503 2618 accipe:
551 2569 778 2618 Pes-dquam

57 2624 154 2662 haec
174 2625 301 2673 finita
329 2633 454 2672 erant,
489 2639 521 2660 s.
548 2624 611 2660 his
622 2624 773 2674 siculis,

58 2683 206 2731 Iupiter
218 2684 423 2732 prospexit
445 2688 518 2719 etc.
547 2679 656 2732 (sinis
677 2689 774 2728 eral,

60 2751 149 2774 sane
201 2739 455 2776 sermonis
496 2737 667 2788 huius,
719 2744 779 2775 est

3 2828 4 2832 ,
59 2799 151 2831 nota
178 2796 421 2833 transitionis
458 2796 656 2843 formula,
700 2808 778 2845 qua

60 2852 247 2901 expressit
277 2852 532 2892 Homericum
562 2852 682 2890 illud:
724 2849 778 2900 ὥς

62 2907 104 2974 o'Z
126 2905 207 2972 'triv
241 2913 403 2949 τοιαῦτα
438 2908 539 2962 πρός
577 2906 778 2962 ἀλλήλους

61 2979 272 3016 αγορευον.
309 2966 424 3019 IVr.)
492 2967 659 3016 Fateor,
704 2980 776 3005 ne-

831 1817 917 1854 deri
950 1828 1031 1853 esse
1063 1814 1274 1853 felicissimi
1299 1813 1465 1851 inventi.
1510 1813 1558 1849 cs.

832 1874 905 1911 ins.
939 1874 1032 1910 Exc.
1064 1873 1090 1910 I.
1125 1872 1177 1909 ad
1210 1872 1276 1908 lib.
1298 1871 1367 1908 IX.
1401 1869 1560 1923 (Modus

833 1931 1039 1981 sequentia
1067 1943 1139 1981 per
1170 1929 1409 1981 particulam
1438 1942 1561 1980 quum

835 1988 1072 2027 annectendi
1100 2000 1174 2025 nec
1205 1986 1446 2036 exquisitus,
1488 1998 1562 2022 nec

833 2046 1027 2097 vulgaris,
1060 2045 1130 2082 sed
1152 2044 1352 2096 proprius
1385 2044 1442 2080 Cf.
1462 2042 1560 2081 Aen.

833 2104 899 2152 IV,
931 2104 1071 2145 5—8.
1112 2101 1340 2149 Liv.XXV‚
1371 2104 1437 2141 37.
1469 2101 1560 2138 Tac.

834 2161 941 2200 Hist.
974 2161 1002 2208 I,
1039 2162 1104 2202 29.
1153 2158 1303 2210 chlz.)
1375 2158 1560 2208 Cogitan-

836 2219 932 2257 dum
968 2224 1104 2255 tamen
1147 2216 1195 2253 de
1231 2217 1325 2253 Iove
1355 2222 1486 2253 stante
1522 2222 1562 2252 et

836 2276 1103 2314 Troianorum
1125 2275 1331 2311 fortunam
1360 2274 1403 2310 in
1427 2272 1557 2310 Africa

833 2339 965 2372 mente
982 2333 1183 2380 volvente,
1202 2337 1239 2368 et
1255 2331 1462 2379 rationem,
1485 2344 1562 2381 qua

835 2391 1013 2429 succurri
1037 2390 1174 2441 possit,
1206 2389 1561 2440 circumspiciente.

834 2449 923 2488 Hoc
938 2448 1083 2486 habitu
1103 2447 1237 2485 Iovem
1269 2447 1299 2484 si
1332 2447 1451 2484 semel
1470 2452 1561 2484 ante

837 2507 971 2544 oculos
996 2505 1069 2543 tibi
1095 2504 1366 2553 constitueris,
1399 2505 1498 2541 bene
1522 2517 1560 2541 se

836 2564 988 2602 liabent
1019 2562 1193 2612 reliqua,
1242 2568 1282 2600 et
1314 2568 1448 2609 totus,
1494 2561 1561 2612 qui

837 2623 1040 2672 sequitur,
1078 2619 1209 2668 locus,
1240 2631 1260 2656 e
1289 2619 1560 2670 praestantio—

836 2680 948 2718 ribus
979 2684 1037 2715 est
1060 2676 1291 2725 habendus,
1331 2691 1421 2714 cum
1444 2682 1561 2728 poeta

836 2736 915 2775 hoc
950 2736 1035 2787 ipso
1078 2741 1116 2772 et
1157 2734 1396 2772 miraculum
1438 2734 1563 2772 addat

836 2794 1010 2846 hospitio
1038 2792 1192 2830 Aeneae
1219 2792 1328 2843 apud
1354 2791 1561 2840 Didonem,

837 2858 899 2900 et,
935 2850 1043 2902 quod
1074 2850 1203 2888 multo
1230 2850 1376 2900 maius,
1407 2850 1561 2886 Roma-

837 2923 982 2947 norum
1016 2922 1166 2946 animos
1197 2921 1237 2944 in
1272 2907 1457 2944 carminis
1483 2913 1559 2944 sta-

834 2967 910 3005 tim
935 2966 1049 3004 aditu
1079 2965 1131 3003 ad
1163 2964 1337 3003 Aeneam
1370 2970 1408 3001 et
1435 2969 1561 3001 totam
