1779 3420
96 230 200 278 520

427 228 482 276 Ρ.
521 226 880 276 VIRGILII
917 225 1295 275 MARONIS

97 356 200 403 Dat
227 351 431 401 clarum
465 370 492 402 e
523 353 692 419 puppi
722 354 959 418 signum3
1005 369 1105 402 nos
1133 362 1297 402 castra
1330 369 1634 417 movemus,

101 427 509 490 Tentamusque
532 424 689 485 viam,
730 433 783 472 et
804 424 1053 473 velorum
1076 423 1363 489 pandimus
1391 423 1508 475 alas
1531 430 1633 477 520

98 496 325 560 Iamque
348 494 669 544 rubescebat
693 494 854 543 stellis
883 500 1090 544 Aurora
1112 492 1326 559 fugatis:

103 567 285 627 Quum
308 564 500 630 procul
522 565 780 614 obscuros
802 564 968 614 colles
986 564 1364 631 humilemque
1385 564 1632 614 videmus

98 634 320 686 Italiam.

390 634 600 685 Italiam
621 636 826 700 primus
848 635 1146 685 conclamat
1166 635 1421 696 Achates3

99 704 305 755 Italiam
338 705 478 755 laeto
502 705 629 753 socii
657 705 892 754 clamore
914 705 1153 756 salutant.

102 779 245 825 Tum
269 784 422 841 pater
447 775 705 825 Anchises
729 791 987 840 magnum
1010 783 1210 823 cratera
1234 791 1436 823 corona

1527 779 1630 828 525

98 845 309 907 Induit,
349 845 679 912 inplevitque
702 863 882 910 mero,
922 844 1182 911 divosque
1211 845 1419 894 vocavit

103 919 256 965 Stans
277 915 415 964 celsa
441 916 493 964 in
515 917 707 982 puppi:

98 987 192 1051 Di,
230 987 390 1035 maris
422 996 474 1035 et
492 996 666 1035 terrae
697 994 1193 1054 tempestatumque
1219 994 1487 1052 potentes,

192 1116 262 1151 520
296 1116 482 1150 tendimus
510 1116 601 1149 alter
629 1117 801 1151 Rottend.

95 1164 231 1209 procul
265 1163 358 1195 idem
392 1176 469 1197 cum
507 1164 651 1197 Oudart.

898 1117 964 1151 521
1009 1118 1171 1161 Tumque
1208 1116 1330 1149 Franc.
1426 1118 1498 1152 522
1538 1120 1629 1151 Tum

711 1164 805 1198 obse.
834 1173 977 1197 montes
1003 1164 1166 1196 Pari-has.
1217 1163 1338 1207 (collis
1365 1164 1494 1198 Medic.
1535 1168 1630 1210 ll'r.)

99 1211 168 1245 523
201 1211 362 1257 primum
392 1224 462 1244 sec.
497 1212 629 1244 Moret.
680 1212 912 1245 conclamant
933 1212 1079 1257 primus
1116 1210 1262 1243 Dorvill.

1322 1212 1486 1253 (Italiam
1524 1214 1633 1246 video

96 1258 241 1303 primus
272 1271 300 1290 c.
336 1258 415 1292 Alb.
454 1260 549 1301 Wr.)
600 1259 706 1291 Statii
736 1258 947 1292 imitationes
981 1259 1030 1291 IV
1059 1258 1174 1291 Theb.
1208 1260 1287 1293 807.
1324 1260 1370 1290 111
1405 1259 1488 1292 Silv.
1523 1262 1556 1300 Ξ,
1587 1262 1633 1296 23

98 1304 222 1337 laudat
251 1307 435 1338 Burmann.

98 1353 214 1384 Burm.
236 1359 271 1385 et
290 1365 376 1385 unus
396 1353 504 1386 Goth.

532 1306 600 1343 524
635 1307 727 1339 laeti
754 1319 822 1340 sec.
854 1307 984 1338 Moret.
1015 1311 1050 1338 et
1080 1305 1188 1338 Goth.
1239 1307 1329 1339 socii
1358 1305 1456 1339 laeto
1482 1314 1633 1352 quatuor

601 1355 672 1389 526
706 1353 862 1387 vocabat
890 1353 1000 1386 Wall.

1099 1354 1168 1388 527
1196 1355 1309 1386 Stant
1336 1353 1463 1386 Medic.
1512 1357 1634 1401 prima

97 1401 135 1432 in
153 1402 273 1446 puppi
291 1401 366 1432 Gud
401 1413 466 1445 pro
489 1400 558 1434 div.
576 1401 659 1434 lect.
679 1401 775 1445 quod
796 1401 927 1445 probat
945 1400 1065 1434 Heius.
1079 1426 1088 1442 ,
1124 1408 1160 1433 ut
1180 1400 1335 1434 varietur
1356 1400 1631 1446 hemistichium,

99 1447 194 1491 quod
215 1454 250 1479 et
270 1449 361 1490 VIII,
385 1449 465 1484 680.
486 1450 551 1491 IX,
571 1451 638 1485 261
661 1448 818 1482 recurrit.

98 1573 161 1602 tus
182 1567 324 1604 audire
340 1597 349 1615 ,
394 1582 532 1606 severa
560 1570 721 1607 silentia
755 1583 832 1606 no-

97 1626 173 1661 clc's
201 1625 387 1676 Undique
408 1641 500 1663 omn
524 1636 714 1664 constent.
779 1627 834 1664 At

98 1682 261 1720 Servius
282 1683 339 1720 sic
368 1684 523 1722 reddit:
556 1688 693 1723 omnia
726 1687 834 1723 videt

98 1740 242 1777 habere
275 1743 434 1779 caelum
461 1758 565 1794 (snae
596 1744 834 1794 signficant

98 1801 363 1837 serenantem.
386 1823 443 1829 —
466 1802 563 1843 519.
587 1802 658 1839 (lat
677 1803 834 1839 clarum

97 1858 275 1906 signum.
310 1859 426 1908 quale
443 1858 522 1896 1100
542 1860 679 1909 suerit,
710 1873 836 1911 quae-

97 1921 198 1952 ruut
214 1915 477 1968 interpretes,
510 1932 607 1956 num
629 1919 712 1956 sace
734 1918 835 1956 sub-

98 1973 200 2021 lata,
232 1987 282 2011 an
306 1975 417 2013 tuba.
463 1975 543 2013 hoc
574 1976 685 2014 haud
714 1977 835 2014 dubie

98 2044 271 2080 verum,
330 2039 369 2070 et
416 2034 561 2086 probat
612 2036 834 2073 Burmann.

98 2103 185 2141 sup.
217 2092 313 2131 239.
374 2092 446 2130 (lat
471 2094 638 2143 signum
667 2094 834 2144 spec-zela

98 2149 287 2185 Misenus
337 2149 389 2186 ab
440 2151 527 2188 alla
571 2153 675 2189 Aere
714 2166 831 2189 cavo.

97 2214 231 2243 casira
265 2208 462 2257 exquisite
495 2208 544 2246 de
574 2210 698 2261 copiis
730 2224 836 2248 nau-

97 2263 186 2300 ticis
210 2264 252 2301 in
276 2265 411 2304 liltore
438 2267 710 2306 tendentibus.
772 2268 837 2306 Si-

97 2321 207 2358 milia
243 2322 350 2361 alibi.
382 2338 420 2361 v.
458 2325 598 2363 Cei-da.
659 2327 838 2363 velorum

97 2380 189 2416 alas
202 2378 241 2417 h.
255 2393 287 2416 e.
309 2388 510 2420 extremas
531 2384 714 2422 velorum
739 2398 835 2435 par-

97 2442 186 2483 tes,
226 2437 418 2487 lacinias,
469 2442 646 2490 angulos‘.
707 2442 834 2492 Vulgo

98 2502 327 2545 exponunt:
360 2497 452 2546 quia
485 2499 574 2536 vela
611 2500 724 2537 navis
751 2501 834 2537 alae

98 2565 180 2589 0550
200 2553 404 2592 videntur.

156 2610 233 2650 521
264 2625 320 2662 sq.
364 2612 427 2649 Ad
464 2613 649 2651 Castrum
681 2614 834 2652 Miner-

98 2682 172 2706 vae
191 2670 401 2719 appellunt
425 2671 607 2718 Troiani,
641 2673 713 2709 sub
742 2673 833 2723 Hy-

99 2725 274 2764 drunto:
328 2741 407 2777 quo
452 2729 540 2766 loco
581 2729 745 2779 planum
788 2744 834 2767 ac

97 2784 217 2822 molle
239 2785 373 2834 littus,
405 2785 500 2823 111110
519 2787 714 2824 humilem
744 2789 834 2825 lla-

96 2843 226 2890 liam;
261 2843 343 2880 sive
375 2844 468 2894 quia
504 2844 647 2895 procul
675 2859 724 2882 ex
753 2846 833 2883 alto

98 2900 320 2939 visentibus
350 2907 457 2939 terra
488 2915 643 2954 semper
674 2903 834 2941 humilis

96 2958 271 2998 videtur.
315 2961 363 2998 cf.
396 2974 483 3012 sup.
521 2961 572 2999 ad
601 2976 639 3000 v.
679 2965 747 3004 76.
786 2963 834 3000 cs.

894 1569 1006 1606 Serv.
1043 1567 1153 1606 unde
1191 1568 1386 1619 Pompon.
1430 1569 1520 1608 Sab.
1561 1584 1633 1609 sua

893 1626 1041 1664 hausit.
1105 1624 1288 1679 (Triplex
1316 1627 1426 1664 vocis
1458 1630 1633 1666 [saliam

893 1685 1077 1737 repetitio
1120 1698 1287 1736 prorsus
1325 1687 1629 1724 accommodata

894 1745 946 1781 ad
1011 1743 1313 1794 significandam
1377 1744 1632 1783 laetissimam

894 1801 1274 1851 consalutationein,
1294 1801 1481 1854 Xenoph.
1504 1803 1630 1842 Anab.

893 1860 968 1909 lv,
1020 1863 1069 1908 7,
1117 1862 1215 1902 24.:
1272 1860 1377 1908 „noti
1424 1857 1524 1913 τάχα
1579 1860 1630 1915 δή

895 1913 1098 1959 α’κούουσι
1149 1913 1345 1970 βοώντων
1384 1921 1465 1959 τῶν
1512 1934 1630 1973 στρα-

894 1979 1062 2016 τιωτῶν·
1114 1972 1378 2016 θάλαττα]
1433 1975 1631 2018 θάλατ-

894 2036 1014 2075 τα.’“
1048 2034 1097 2072 de
1123 2034 1314 2072 militibus
1344 2035 1504 2073 Graecis
1539 2044 1629 2074 tan-

895 2093 985 2131 dem
1003 2106 1112 2130 mare
1139 2093 1387 2144 conspicatiS.
1423 2097 1468 2133 ll
1480 2094 1541 2148 Du)

953 2153 1037 2194 525
1063 2165 1120 2202 sq.
1160 2151 1289 2189 Aliter
1320 2166 1441 2202 quam
1475 2152 1523 2190 de
1559 2168 1631 2192 co-

895 2224 997 2248 rona
1024 2223 1121 2248 vera
1153 2210 1297 2247 crateri
1332 2224 1381 2248 ex
1422 2224 1534 2249 more
1567 2226 1632 2249 sa·-

896 2281 1060 2306 crorum
1099 2267 1286 2319 imposita
1329 2270 1399 2307 vix
1432 2269 1530 2307 haec
1565 2270 1632 2308 vi-

898 2326 1046 2364 dentur
1077 2340 1192 2378 posse
1217 2327 1364 2378 accipi,
1402 2328 1474 2365 etsi
1507 2328 1631 2366 dubi-

896 2385 997 2422 tatio
1039 2385 1217 2422 animum
1255 2386 1390 2433 subit,
1441 2386 1550 2423 unde
1589 2387 1631 2423 in

895 2443 976 2480 alto
1003 2443 1150 2480 florum
1194 2444 1306 2493 copia
1348 2444 1480 2482 suerit.
1552 2444 1632 2481 Sed

894 2499 972 2538 hoc
993 2501 1096 2538 forte
1119 2500 1356 2538 calumniari
1375 2506 1443 2538 est.
1476 2502 1522 2542 cf,
1544 2516 1630 2553 sup.

894 2558 945 2595 ad
968 2559 994 2604 l,
1018 2557 1114 2599 724.
1176 2559 1276 2595 Cum
1296 2565 1384 2596 toto
1409 2568 1542 2596 autem
1565 2561 1630 2598 lo-

895 2630 940 2652 co
967 2616 1263 2666 comparandus
1285 2617 1482 2655 Pindarus
1505 2619 1545 2655 in
1566 2619 1630 2656 di-

893 2673 988 2710 vino
1011 2674 1059 2710 de
1084 2674 1301 2724 Argonaut.
1317 2677 1492 2713 carmine
1512 2676 1629 2729 Pyth.

893 2731 958 2778 lv,
999 2731 1041 2768 in
1084 2746 1189 2769 nona
1227 2733 1423 2784 Strophe:
1466 2734 1552 2775 ἐπεὶ
1591 2730 1631 2775 δ’

897 2782 1069 2840 ἐμβόλου
1100 2789 1306 2841 κρέμασαν
1343 2787 1522 2844 οἷγκύρας
1556 2800 1630 2831 ete.

894 2861 971 2884 VSS.
1011 2846 1093 2887 344
1132 2862 1188 2898 sq.
1251 2850 1374 2897 Quod
1413 2858 1546 2888 autem
1588 2853 1631 2888 in

888 2907 1027 2955 puppi
1048 2912 1148 2955 stat,
1181 2906 1259 2944 1100
1290 2908 1385 2945 111110
1419 2909 1630 2947 illustran-

896 2963 991 3002 dum
1024 2970 1105 3015 est,
1138 2966 1248 3016 quod
1277 2966 1473 3035 inqmppi
1504 2968 1631 3006 tutela
