1779 3420
108 233 212 280 218
487 224 1312 275 EXCURSUSI**

108 356 210 396 meri
234 361 410 409 mentem
433 355 567 395 sabula
588 354 772 407 exposita
790 360 877 393 erat
895 368 917 392 a
938 352 1181 391 Callimacho
1202 351 1247 394 ἕν
1263 352 1435 401 Αἰτίοις,
1457 358 1506 390 ut
1526 351 1646 391 disci-

108 429 198 454 mus
221 428 241 453 e
264 413 399 453 Schol.
419 414 463 452 Il.
486 431 524 464 ν,
557 417 625 456 66.
651 419 692 451 et
717 413 769 451 ad
790 413 963 452 eundem
985 411 1153 450 Homeri
1186 411 1356 449 ductum
1380 410 1648 449 adumbratus

108 480 198 513 erat
219 474 349 513 Aiacis
367 473 567 511 infaustus
588 485 702 510 casus
722 471 765 509 in
787 472 926 509 tabula
957 469 1069 521 apud
1091 469 1320 510 Philostrat.
1342 470 1484 521 lmagg.
1503 469 1550 518 ΙΙ,
1581 471 1646 511 13.

108 532 243 572 nescio
275 547 326 570 an
357 531 499 570 eodem
524 530 647 569 modo
668 529 908 581 Apollodori
932 531 1046 566 Aiax
1068 528 1245 579 fizlmine
1265 530 1449 565 incensus
1466 558 1476 575 ‚
1521 541 1642 579 quem

107 590 289 643 Pergami
319 590 491 642 spectari
522 589 581 627 ait
613 588 765 626 Plinius
804 587 975 635 XXXV,
1009 589 1046 628 9.
1081 600 1111 625 S.
1142 589 1210 635 36,
1245 590 1279 627 1.
1340 587 1385 624 In
1417 586 1646 638 priscorum

108 663 279 703 operum
298 649 479 700 reliquiis
512 647 669 685 nullum
701 646 832 685 Aiacis
854 645 1069 696 vestigium
1091 643 1178 683 vidi
1200 651 1492 693 memoratum,
1524 658 1645 696 prae-

107 715 295 760 terquam
323 708 497 746 Aiacem
513 717 633 757 petra
669 706 968 742 descendentem
1001 700 1100 756 (non
1136 702 1177 740 in
1211 715 1354 754 rupem
1383 701 1568 756 enixum)
1603 703 1645 741 in

105 781 261 820 gemma
289 765 529 805 Stoschiana
554 763 664 815 apud
689 763 1012 801 Winckelmann.
1035 761 1144 799 Mon.
1167 761 1274 799 ined.
1303 775 1367 800 n0.
1393 761 1487 803 142.
1533 760 1645 799 Idem

105 832 245 864 tamen
273 830 557 876 argumentum
588 822 630 860 in
666 821 750 859 aliis
780 821 944 873 gemmis
972 820 1024 858 ad
1050 820 1222 859 Martem
1251 819 1560 859 descendentem
1591 819 1643 857 ad

106 884 261 923 Rheam
293 883 459 921 Silviam
490 881 636 919 referri
663 880 838 918 memini.
898 878 1082 928 Aiacem,
1114 878 1272 917 nudum
1297 878 1518 929 galeatum,
1551 892 1644 916 cum

107 943 234 996 clipeo
258 948 298 980 et
320 941 453 993 gladio
475 939 646 978 irruenti
670 939 859 987 similem,
892 938 934 976 in
953 938 1175 976 Locrorum
1206 937 1482 988 Opuntiorum
1510 936 1644 974 uumis

107 1014 322 1040 occurrere
351 1005 500 1052 putant
529 998 607 1036 viri
638 997 768 1047 docti3
813 997 855 1035 in
887 996 972 1034 aliis
1006 996 1157 1034 fulmen
1180 1001 1217 1033 et
1240 995 1412 1033 Palladis
1440 1001 1564 1048 caput
1592 994 1643 1032 ad

107 1074 199 1098 eum
235 1065 430 1112 spectare.
491 1058 540 1095 cf.
574 1055 729 1094 Eekhel
761 1070 800 1095 v.
835 1055 860 1093 i.
902 1054 1096 1093 Doctrina
1131 1068 1291 1093 numor.
1324 1054 1410 1093 Vol.
1444 1054 1473 1092 l.
1516 1054 1558 1092 P.
1593 1054 1641 1092 ΙΙ.

107 1133 194 1171 pag.
218 1121 313 1159 192.

222 1177 295 1214 Est
326 1174 451 1212 altera
484 1174 612 1221 ratio,
645 1185 724 1222 qua
757 1172 995 1224 praecipuae
1021 1173 1062 1209 in
1096 1171 1327 1210 ulciscendo
1357 1170 1474 1209 Aiace
1508 1175 1643 1222 partes

104 1235 311 1274 Minervae
347 1232 602 1271 tribuuntur.
664 1230 909 1269 Coniunctas
935 1243 1000 1268 eas
1040 1244 1133 1270 cum
1162 1229 1339 1282 Neptuni
1371 1243 1492 1281 opera
1520 1229 1642 1267 fuisse

103 1293 183 1332 iam
211 1307 264 1331 ex
285 1291 432 1344 Odyss.
465 1290 553 1328 loco
580 1289 679 1328 laud
715 1290 751 1338 δ,
796 1290 882 1332 502
907 1294 1103 1327 tenemus.
1164 1288 1241 1326 Ubi
1266 1287 1370 1325 Aiax
1398 1295 1458 1326 est
1477 1283 1642 1339 ἕχθὸμε·

103 1368 178 1402 νος
201 1347 377 1405 Ἀθήνῃ.
438 1349 485 1387 In
514 1347 655 1386 eadem
681 1363 727 1400 y,
764 1348 858 1390 135.
880 1347 1000 1386 foeda
1030 1352 1270 1398 tempestate
1294 1346 1469 1385 immissa
1488 1346 1643 1384 Miner-

103 1425 199 1450 vam
228 1410 289 1448 ira
323 1408 524 1447 concitam
553 1406 718 1445 classem
754 1405 1007 1445 Achivorum
1035 1405 1157 1444 Troia
1190 1405 1448 1444 redeuntium
1480 1404 1641 1456 disper-

103 1469 198 1508 sisse
217 1473 360 1507 narrat
383 1472 524 1520 poeta:
566 1468 626 1522 τῷ
652 1463 792 1515 σφέων
811 1463 955 1513 πολέες
978 1461 1107 1505 κακόν
1139 1460 1252 1505 οἶτον
1272 1462 1449 1505 ἐπέσπον
1471 1460 1642 1515 Μήνιος

103 1527 144 1577 ἐξ
166 1523 287 1580 ὀλοῆς
319 1520 617 1572 Γλαυκώπιδος
638 1519 956 1576 ὀβριμοπάτρης.
1017 1523 1167 1561 Similia
1194 1529 1290 1561 sunt
1308 1522 1452 1574 Odyss.
1479 1536 1509 1569 ε,
1544 1524 1638 1563 108.

106 1588 202 1628 109.
263 1586 452 1623 caussam
475 1583 557 1621 irae
589 1582 796 1621 Minervae
825 1581 1079 1620 subiecerant
1103 1581 1270 1633 Cyclici‚
1302 1587 1460 1633 raptam
1488 1580 1529 1618 in
1565 1593 1639 1617 ex—

103 1643 209 1683 cidio
242 1643 386 1682 Troiae
419 1642 706 1680 Cassandram:
757 1640 807 1678 de
840 1653 921 1691 qua
952 1654 1082 1692 nuper
1116 1640 1321 1692 praeclare
1352 1639 1431 1690 egit
1457 1638 1639 1689 Bottiger

101 1702 175 1742 Vir
207 1701 477 1741 doctlssimus.
538 1700 616 1737 Pro
644 1699 776 1751 primo
814 1698 942 1736 famae
982 1698 1105 1737 huius
1134 1704 1301 1737 auctore
1333 1697 1475 1735 haberi
1504 1702 1638 1748 potest

101 1760 298 1800 Arctinus
327 1760 369 1798 in
401 1759 460 1797 llii
492 1757 672 1807 excidi05
709 1756 821 1807 quod
851 1769 902 1794 ex
923 1757 1054 1796 Procli
1075 1757 1298 1808 fragmento
1332 1769 1447 1808 saepe
1469 1755 1636 1793 laudato

101 1819 323 1871 intelligere
344 1818 459 1856 licet:
490 1816 561 1856 ubi
578 1815 682 1866 Aiax
696 1810 973 1867 Κασσάνδραν
995 1812 1100 1868 πρός
1122 1816 1219 1868 βίαν
1241 1811 1456 1864 οἷποσπών,
1478 1826 1636 1864 συνεφ-

102 1877 260 1918 έλκεται
291 1873 337 1918 τό
366 1879 439 1928 τῆς
467 1870 651 1927 Ἀθηνᾶς
673 1869 836 1922 ξόανον.
870 1873 997 1925 petita
1018 1888 1115 1911 mox
1142 1874 1191 1911 ab
1223 1887 1269 1911 eo
1293 1886 1419 1923 poena
1443 1872 1635 1923 sacrilegii

102 1936 156 1974 ad
185 1935 392 1974 Minervae
424 1947 537 1972 aram
574 1932 753 1983 confugit
793 1931 897 1970 Aiax
934 1938 975 1970 et
1015 1939 1226 1982 servatur3
1277 1932 1376 1970 dum
1421 1931 1637 1969 discedunt

103 1994 271 2043 Graeci,
302 1992 370 2033 καὶ
403 1988 574 2045 φθοράν
596 1986 736 2039 αὐτοῖς
765 1989 794 2042 ἦ
819 1985 982 2042 Ἀθηνᾶ
1008 1988 1108 2031 κατοέ
1134 1988 1177 2032 τὸ
1201 1989 1374 2044 πέλαγος
1393 1992 1634 2042 μηχανᾶται.

101 2053 294 2106 Exposita
311 2051 411 2089 adeo
440 2051 483 2089 in
515 2049 593 2088 isto
628 2049 805 2087 carmine
836 2048 1003 2087 videtur
1035 2050 1156 2087 fuisse
1188 2049 1318 2099 ratio,
1351 2062 1430 2100 qua
1449 2048 1634 2086 Minerva

100 2111 263 2150 Ajacem
281 2111 368 2149 ulta
385 2115 466 2148 est:
497 2108 648 2146 scilicet
670 2107 781 2158 quod
809 2106 878 2144 illa
895 2107 980 2159 ipsa
1008 2108 1160 2146 fulmen
1193 2121 1264 2145 seu
1284 2106 1480 2158 arripuit,
1511 2119 1582 2144 seu
1612 2120 1633 2144 a

100 2170 196 2208 Iove
215 2169 416 2219 obtinuit,
449 2181 529 2219 quo
547 2166 709 2204 Aiacem
730 2164 891 2203 traiecit
913 2172 953 2204 et
978 2167 1145 2219 scopulo
1165 2166 1308 2204 affixit.
1363 2165 1452 2204 Hoc
1472 2165 1633 2215 sequuti

100 2235 198 2267 sunt
229 2227 399 2280 Tragici.
458 2227 577 2264 Certe
613 2224 793 2276 Hyginus
824 2224 904 2262 sab.
937 2227 1031 2266 116.
1054 2239 1172 2276 quem
1203 2230 1485 2276 argumentum
1512 2226 1632 2263 Ναυ-

99 2288 224 2328 πλίου
244 2283 458 2339 πυρκαὲως
479 2283 689 2336 Sophoclis
708 2295 911 2335 exponere
935 2283 1130 2336 suspicari
1153 2284 1261 2321 licet:
1293 2285 1335 2321 in
1353 2298 1451 2334 qua,
1485 2281 1630 2332 inquit,

100 2353 334 2397 tempestate
370 2344 485 2381 Aiax
518 2345 675 2380 Locrus
692 2342 878 2392 jiclmine
907 2350 963 2380 est
984 2357 1011 2380 a
1032 2344 1228 2380 filinerva
1248 2343 1373 2388 iclus‚·
1407 2355 1525 2392 quem
1537 2341 1631 2390 fla-

99 2412 187 2441 clus
219 2403 278 2440 acl
305 2416 410 2439 saxa
446 2402 671 2447 illiserunl5
707 2400 811 2437 mule
837 2400 981 2438 Aiacis
1007 2409 1148 2451 petrae
1178 2408 1269 2437 sunt
1288 2400 1446 2437 dic-lae:
1481 2398 1631 2436 scilicet

99 2474 203 2512 quae
219 2460 340 2512 vulgo
362 2465 459 2498 sunt
478 2460 612 2510 Gyrae
633 2471 702 2496 seu
728 2459 909 2510 Gyraeae
929 2465 1081 2510 petrae.
1142 2456 1321 2511 (Eadem,
1353 2457 1423 2495 sed
1441 2457 1630 2508 Neptuno

100 2519 276 2567 adscito,
321 2518 364 2556 in
401 2516 696 2569 Agamemnone
738 2518 908 2555 Senecae
938 2518 1024 2560 528
1057 2530 1113 2567 sq.
1145 2516 1297 2567 tragico
1337 2522 1498 2553 tumore
1535 2521 1631 2552 sunt

100 2575 295 2630 narrata.)
357 2576 470 2614 Patet
501 2575 600 2613 adeo
633 2589 682 2613 ex
715 2574 800 2621 his,
841 2575 1051 2627 Virgilium
1086 2574 1272 2626 Tragicos
1299 2573 1417 2611 etiam
1444 2574 1484 2611 in
1511 2573 1631 2611 Ajace

99 2650 181 2675 esse
221 2640 449 2686 sequutum.
505 2634 651 2673 Tzetza
684 2633 900 2672 Antehom.
931 2637 1027 2676 300.
1057 2647 1114 2684 sq.
1146 2633 1305 2671 Aiacem
1341 2632 1380 2669 in
1416 2631 1629 2669 discrimen

99 2695 322 2733 adductum
349 2693 424 2741 ait,
457 2693 548 2743 quia
577 2692 669 2730 odio
690 2692 840 2743 Ulyssis
864 2692 1085 2744 reliquerat
1115 2692 1301 2740 classem3
1333 2689 1529 2728 dilucidat
1551 2689 1630 2727 hoc

98 2753 367 2792 Philostratus
395 2750 556 2789 Heroic.
587 2752 625 2791 8.
650 2764 839 2800 narrans,
871 2749 1211 2802 Agamemnonem
1242 2748 1476 2787 insidiatum
1506 2748 1629 2797 Aiaci,

99 2813 161 2851 cui
195 2809 462 2848 Cassandram
493 2808 715 2859 eripuerat,
748 2808 848 2846 salso
870 2810 1036 2848 crimine
1067 2809 1295 2862 opprimere
1329 2807 1499 2846 voluisse
1524 2821 1628 2855 eum,

98 2884 216 2923 quem
238 2868 383 2908 iniuria
406 2880 429 2905 a
451 2880 491 2905 se
512 2866 699 2906 affectum
715 2866 793 2905 sibi
814 2867 929 2906 irasci
955 2875 1084 2907 norat.
