1779 3420
74 247 176 297 856
408 243 461 290 P.
500 239 861 290 VIRGILII
909 235 1278 286 MARONIS

79 368 487 434 Chalcidicaque
509 366 639 415 levis
659 364 879 413 tandem
903 380 1065 428 super
1086 361 1281 410 adstitit
1306 376 1436 410 arce.

76 439 343 493 Redditus
363 438 445 486 his
466 437 701 503 primum
732 434 910 493 terris,
941 433 1061 494 tibi,
1099 430 1352 494 Phoebe,
1385 430 1602 478 sacravit

79 510 387 574 Remigium
409 507 607 556 alarum
622 544 634 563 ,
671 504 960 570 posuitque
982 502 1215 550 inmania
1235 499 1451 566 templa.

79 585 144 633 In
169 579 377 630 foribus
397 578 566 627 letum
585 573 900 638 Androge03
921 581 1036 622 tum
1055 570 1298 638 pendere
1319 585 1521 636 poenas
1538 576 1605 621 ΞΟ

153 682 236 727 20.
269 676 577 723 ANDROGEI:

181 792 224 828 17
254 789 681 823 Chalcidicam—arcem
704 784 833 819 Medic.
880 781 1349 826 (Calc-ln‘dicaq.——arcaem
1384 779 1477 824 apud
1511 779 1608 823 Fog-

90 840 174 884 giu„
199 838 310 871 altera
335 849 358 869 α
383 844 418 868 et
441 848 474 867 m
499 834 535 866 iu
561 845 707 866 arc-aem
731 830 957 868 transfossis3
991 829 1034 861 de
1061 828 1181 861 Calclz.
1207 827 1275 860 vid.
1302 828 1345 860 V.
1371 826 1410 859 L.
1436 827 1499 866 XI,
1527 827 1607 860 184.

91 889 187 929 er.)
239 883 465 917 Chalcidicas
490 893 595 914 arces
618 879 748 912 Marius
775 877 910 911 Plotius
935 876 997 908 lib.
1034 875 1078 908 de
1112 875 1244 907 metris.
1295 874 1399 918 Apud
1432 872 1522 906 Gell.
1561 874 1609 913 X,

90 935 133 968 16
158 932 329 976 scriptura
364 935 460 961 extat
494 927 649 971 vulgata.
700 928 868 967 Quartum
902 935 1016 957 casum
1052 924 1211 966 praefert
1242 922 1416 953 Heinsius.
1467 920 1610 953 Calchi-

89 981 192 1019 dica,
220 977 402 1018 Calcidici,
429 975 629 1016 Calcidica,
660 973 910 1013 Clzaklzidica,
944 970 1187 1003 aberrationes
1212 968 1313 1002 codd.
1339 981 1371 1001 v.
1397 967 1441 1000 ad
1465 967 1542 1000 Eel.
1562 968 1611 1007 X,

87 1028 145 1062 50.
194 1026 254 1057 Est
277 1022 437 1065 Χαλκὶς,
463 1019 700 1061 Χαλκιδικός.
797 1020 839 1054 18
865 1019 924 1051 liic
947 1016 1102 1058 Zulich.,
1135 1028 1205 1048 non
1229 1016 1331 1048 male.
1361 1027 1392 1048 v.
1428 1016 1611 1047 Burmann.

90 1074 300 1118 (Pronomen
325 1072 383 1103 llis
407 1069 565 1102 adverbii
587 1070 646 1102 laic
669 1067 849 1100 notionem
872 1064 1053 1098 includens
1078 1063 1187 1107 magis
1223 1069 1277 1095 est
1312 1062 1508 1107 poeticum3
1542 1061 1611 1094 vid.

90 1121 135 1154 V.
160 1120 201 1153 L.
227 1119 271 1151 ad
295 1119 321 1158 I,
346 1118 426 1153 534.
457 1117 551 1158 Wr.)
649 1116 694 1150 ΞΟ
728 1114 922 1158 Androgei
945 1111 1063 1144 Heius.
1092 1123 1110 1143 e
1136 1110 1238 1143 codd.
1265 1121 1435 1143 consensu
1461 1108 1609 1153 recepit.

91 1164 317 1201 Grammatici
341 1171 498 1205 veteres,
524 1161 699 1203 Carisius,
726 1161 878 1200 Probus,
911 1158 1049 1192 Servius
1077 1165 1112 1189 et
1141 1157 1334 1189 Priscianus
1359 1163 1556 1200 agnoscunt
1580 1163 1613 1188 et

92 1220 232 1248 tuentur
256 1212 456 1254 Androgeo
483 1207 728 1254 (Ἀνδρόγεω),
765 1208 859 1253 quod
884 1207 918 1239 in
952 1204 1207 1238 recentioribus
1242 1211 1375 1237 tautum
1411 1203 1513 1235 codd.
1549 1214 1613 1235 oe—

93 1261 224 1302 currit,
250 1260 352 1292 etiam
379 1259 414 1290 in
440 1257 532 1291 binis
558 1258 686 1298 Goth.,
723 1266 925 1299 expressum
950 1260 1065 1285 tamen
1093 1259 1166 1284 erat
1200 1251 1235 1283 in
1270 1251 1349 1286 edd.
1399 1250 1615 1294 (Androgeo

97 1308 203 1342 etiam
227 1306 336 1340 Palat.
363 1314 398 1338 et
422 1307 455 1340 7.
482 1307 534 1346 8.;
561 1316 662 1350 quam
685 1304 833 1336 formam
858 1300 1014 1342 restitui,
1038 1298 1108 1332 vid.
1135 1300 1178 1332 V.
1205 1299 1246 1330 L.
1271 1298 1314 1331 ad
1340 1299 1383 1339 Π,
1407 1298 1487 1332 371.
1517 1296 1614 1339 lVr.)

95 1413 263 1468 nuerit),
295 1414 439 1465 quibus
459 1413 524 1451 ille
545 1412 665 1450 etiam
692 1423 827 1450 remo-

96 1474 241 1512 tiorem
278 1472 631 1524 septentrionalem
673 1470 828 1522 plagam

97 1532 239 1570 adiisse
276 1531 503 1579 ferebatur3
551 1528 661 1567 unde
696 1528 831 1566 redux

96 1589 261 1628 tandem
279 1590 413 1627 Cumis
438 1587 612 1640 Apollini
635 1586 831 1638 templum

99 1662 151 1686 ex
170 1654 268 1686 voto
288 1647 434 1699 posuit.
495 1646 646 1696 Colligo
677 1644 756 1682 1100
782 1656 831 1680 ex

99 1706 184 1758 ipso
205 1711 341 1756 poeta3
371 1711 459 1742 tum
490 1702 681 1742 convenit
712 1708 831 1740 vetus

100 1763 282 1802 narratio
322 1763 370 1800 de
414 1762 497 1799 eius
531 1761 581 1798 ad
610 1759 831 1798 Electridas

102 1821 250 1859 insulas
269 1820 311 1857 in
329 1820 431 1857 ostio
461 1818 629 1856 Eridani
656 1813 830 1865 accessu,

105 1879 155 1916 de
176 1892 255 1929 quo
279 1877 390 1915 locus
411 1883 470 1914 est
489 1877 529 1913 in
556 1877 660 1914 libro
691 1876 831 1914 Mirab.

104 1936 242 1976 Audit.
262 1949 294 1973 0.
314 1938 367 1977 82
393 1935 612 1973 translatus
634 1934 675 1971 in
696 1932 833 1984 steph.

105 1996 200 2046 Byz.
222 2007 310 2032 voe.
339 1989 610 2046 Ἠλεκτρίδες,·
640 1997 836 2042 spectasse

106 2052 283 2090 narratio
323 2051 486 2089 videtur
524 2051 575 2088 ad
606 2050 759 2088 fabulas
788 2048 837 2086 (10

107 2109 386 2149 Phaethonte:
438 2109 543 2146 conf.
584 2109 653 2146 ins.
693 2108 743 2145 ad
785 2107 836 2153 X,

111 2169 204 2210 185.
267 2166 580 2220 (Simplicissima
610 2165 714 2204 ratio
741 2164 839 2202 11300

110 2232 191 2275 est,
220 2231 269 2263 ut
287 2226 345 2263 acl
371 2224 411 2263 11.
440 2225 466 2263 l.
496 2237 568 2276 per
598 2238 731 2262 versas
765 2237 837 2260 ex—

111 2284 323 2336 plicemus3
354 2282 436 2321 vid.
464 2282 597 2322 Hand.
626 2282 838 2321 Tursellin.

112 2357 150 2394 p.
175 2344 263 2390 823
298 2341 354 2378 ita
378 2340 526 2391 quivis,
559 2340 641 2377 sive
670 2339 839 2390 longius,

113 2400 195 2438 sive
216 2399 378 2437 brevius
399 2399 476 2436 iter
499 2411 638 2436 versus
667 2404 839 2449 septem—

115 2457 286 2494 trionem
326 2456 498 2504 faciens,
548 2456 609 2493 ad
654 2456 840 2493 Arctos

115 2514 412 2566 proficiscetur,
442 2527 570 2563 neque
594 2513 841 2550 haerendum

118 2573 159 2609 in
182 2572 337 2609 adiecto
357 2572 536 2609 sollemni
563 2571 737 2622 epitheto
764 2585 841 2621 ge-

118 2629 237 2666 halas.
285 2628 401 2680 er.)
472 2631 606 2665 enavit
651 2628 844 2681 (respexit

120 2687 171 2724 ad
210 2686 288 2723 1100
322 2686 512 2733 Quinctil.
550 2686 651 2733 VIII,
682 2689 719 2733 (3,
758 2685 843 2736 18),

124 2744 270 2782 usitata
288 2744 354 2781 illa
373 2742 607 2794 metaphora
632 2744 736 2780 inter
766 2756 844 2779 vo—

122 2804 248 2840 latum
281 2808 320 2838 et
349 2801 652 2851 navigationem.
697 2801 744 2837 cs.
776 2800 845 2836 Ge.

124 2860 188 2909 lV,
212 2862 278 2902 59.
321 2859 384 2896 Sic
403 2872 497 2896 mox
517 2859 732 2908 renu'gimn
751 2857 845 2893 αἰα-

123 2932 233 2965 rnm,
267 2922 311 2954 ut
333 2931 416 2967 sup.
446 2917 475 2964 1,
508 2918 602 2956 301.
644 2915 690 2952 cs.
720 2914 846 2951 Guell.

130 2976 363 3012 (Ἰιαίι-[ἶιίιί-(ι
395 2988 510 3021 arce,
557 2973 700 3010 (tumis.
732 2986 769 3009 v.
800 2971 846 3007 ad

884 1423 922 1447 v.
963 1413 1001 1451 2.
1061 1408 1185 1455 levis,
1242 1412 1361 1444 ornat
1406 1403 1615 1457 epitheton

884 1468 1102 1505 volantem.
1164 1463 1269 1518 (lais
1296 1465 1519 1515 primum
1540 1470 1618 1499 ter-

883 1528 939 1565 ris
954 1555 964 1573 ,
998 1524 1082 1562 vid.
1104 1524 1150 1562 V.
1174 1524 1214 1561 L.
1234 1522 1284 1560 ad
1306 1522 1346 1562 h.
1367 1536 1425 1560 vs.
1446 1527 1485 1558 et
1504 1520 1555 1568 Q.
1572 1519 1618 1558 V.

885 1583 1071 1631 XXVIII,
1113 1585 1151 1629 3,
1194 1581 1220 1618 f.
1266 1579 1383 1633 IVr.)
1445 1579 1620 1616 sacravit

886 1648 1092 1691 tamquam
1145 1639 1357 1677 donarium
1409 1651 1459 1675 ex
1508 1642 1618 1675 voto.

889 1700 1026 1750 Cogita
1072 1704 1217 1736 notum
1262 1709 1416 1734 morem
1467 1707 1620 1742 eorum,

890 1758 957 1808 qui
972 1770 1021 1794 ex
1036 1756 1135 1793 mari
1149 1761 1266 1793 erant
1282 1754 1440 1792 servati.
1489 1752 1620 1790 Etiam

890 1815 1085 1865 templum
1110 1826 1159 1850 ex
1177 1819 1275 1851 voto
1308 1813 1461 1849 sactum
1492 1810 1621 1849 videri

891 1878 1035 1925 potest.
1097 1872 1161 1908 Sic
1188 1870 1338 1908 Cerdae
1354 1870 1498 1908 visum.

950 1933 1005 1971 20
1039 1943 1122 1980 sqq.
1174 1929 1347 1966 Possunt
1399 1926 1500 1964 haec
1521 1956 1531 1975 ,
1593 1926 1624 1962 si

893 1988 1030 2040 paullo
1054 1987 1231 2025 severius
1254 2000 1355 2037 agas,
1387 2000 1408 2022 a.
1430 1998 1472 2022 re
1496 1983 1624 2021 aliena

894 2046 1045 2095 videri,
1079 2052 1119 2083 et
1154 2045 1319 2083 videtur
1348 2049 1465 2095 poeta
1505 2055 1624 2093 argu-

894 2103 1040 2153 menti,
1080 2103 1188 2154 quod
1225 2117 1246 2139 a
1287 2102 1425 2140 inultis
1466 2100 1626 2138 Graecis

895 2163 1024 2215 poetis
1054 2167 1269 2200 tractatum
1308 2160 1408 2208 suit,
1453 2172 1626 2210 quorum

897 2227 937 2258 et
955 2222 1064 2258 suere
1094 2219 1305 2257 leesez'cles
1319 2249 1328 2267 ,
1356 2216 1569 2255 dulcedine
1588 2221 1627 2252 et

899 2279 1011 2331 copia
1031 2278 1221 2329 abreptus
1239 2289 1331 2314 esse.
1386 2275 1463 2313 Sed
1486 2275 1626 2312 obser-

898 2351 973 2386 va,
1013 2350 1133 2386 quam
1170 2334 1310 2373 callide
1353 2333 1626 2371 narrationem

898 2396 940 2433 in
964 2395 1192 2445 sculpturae
1225 2398 1506 2443 argumentum
1536 2404 1628 2428 niu-

898 2453 1062 2499 taverit,
1085 2458 1125 2488 et
1143 2452 1194 2489 ad
1213 2450 1292 2488 1100
1310 2448 1628 2502 cognoscendum

900 2511 1029 2549 otium
1047 2510 1183 2547 fecerit
1205 2509 1378 2556 Aeneae,
1413 2507 1628 2559 praemisso

901 2567 1053 2606 Achate
1093 2568 1143 2604 ad
1184 2566 1458 2603 arcessendam
1493 2564 1628 2615 Sibyl-

900 2627 991 2664 lam.
1052 2625 1161 2662 Talia
1180 2630 1313 2661 autem
1338 2621 1559 2674 anaglypha
1588 2622 1629 2659 in

903 2683 1145 2733 templorum
1191 2681 1345 2719 foribus
1380 2694 1429 2717 ex
1468 2679 1630 2717 metallo

904 2740 1160 2792 pretiosiore,
1210 2738 1250 2775 11.
1285 2739 1310 2776 l.
1354 2751 1403 2776 ex
1443 2752 1541 2775 auro
1575 2736 1629 2789 (v.

904 2798 972 2835 inf.
1004 2811 1042 2834 v.
1075 2795 1170 2849 32),
1211 2796 1425 2846 antiquitas
1461 2795 1632 2847 probare

907 2855 1068 2892 solebat.
1102 2855 1204 2891 cons.
1227 2854 1295 2892 Ge.
1318 2854 1383 2903 III,
1402 2857 1470 2902 26,
1493 2859 1531 2890 et
1550 2853 1632 2890 Ex-

909 2927 1010 2950 curs.
1033 2912 1108 2949 XV
1140 2912 1190 2949 ad
1225 2910 1318 2950 Aen.
1349 2912 1377 2950 1.
1438 2911 1633 2949 Imitatio-

912 2984 997 3007 nem
1034 2971 1105 3007 loci
1138 2970 1229 3007 vide
1259 2970 1366 3021 apud
1398 2969 1538 3007 Silium
1567 2968 1632 3006 lib.
