1811 3388
397 207 801 259 AENEIDOS
846 207 1107 269 LIB.1V‚
1151 212 1368 260 84—94
1534 218 1629 264 609

137 341 264 387 Cara
282 335 418 384 Iovis
442 333 693 391 coniunx,
731 348 829 380 nec
857 330 1051 379 famam
1082 331 1291 381 obstare
1318 332 1512 396 surori3

136 404 346 454 Talibus
365 400 669 465 adgreditur
685 404 952 451 Venerem
978 401 1217 450 Saturnia
1240 401 1410 452 dictis:

133 473 408 536 Egregiam
434 486 559 519 vero
594 469 809 518 laudem
834 478 886 518 et
905 469 1070 534 spolia
1096 470 1269 536 ampla
1291 470 1498 520 refertis

135 545 324 606 Tuque
345 555 586 605 puerque
608 547 752 599 tuus;
794 553 1046 602 magnum
1078 547 1130 587 et
1159 539 1506 589 memorabile
1529 557 1627 590 nu-

908 623 1050 669 men,

133 713 213 746 libri
237 724 338 752 mss.;
363 719 455 745 errat
478 712 583 756 igitur
608 713 661 744 Fr.
689 712 801 744 Iacob.
826 712 870 744 ad
893 712 1052 755 Propert.
1076 713 1144 752 111,
1175 713 1238 753 15,
1271 713 1326 747 25.
1360 724 1395 756 p.
1430 713 1508 748 165.
1541 712 1626 745 Vir-

133 760 295 803 gilianum
321 771 396 791 esse
422 759 530 791 simul
552 771 594 791 ac
617 770 757 801 negans.
806 760 879 791 Nec
902 761 986 791 Aen.
1014 759 1090 798 XII,
1115 759 1195 792 222.
1226 758 1334 791 ausim
1359 759 1467 791 simul
1490 767 1530 791 αι
1564 770 1624 791 re-

133 817 275 844 vocare,
300 818 402 849 quum
426 811 601 849 receptam
624 805 809 836 lectionem
834 811 975 847 praeter
1000 805 1086 837 alios
1122 804 1248 837 multos
1282 805 1479 845 Mediceus,
1514 805 1626 845 etiam,

133 859 170 884 ut
193 852 350 887 videtur.
377 853 568 891 Romanus,
593 851 790 883 defendant.
819 850 914 894 lVr.)
1008 853 1051 885 91
1080 851 1206 890 Clara,
1245 863 1332 895 quae
1364 851 1531 883 sollennis
1563 863 1626 884 va—

132 899 238 931 rietas
265 905 334 939 est,
360 898 416 931 hic
441 911 460 930 a
483 898 619 929 nemine
646 904 815 929 enotntur.
841 897 903 941 (ita
927 903 1042 929 tamen
1071 897 1179 929 edidit
1201 897 1359 936 Wak‹‚·f.;
1386 897 1534 929 alienum
1559 897 1626 931 hoc

133 958 151 977 a
187 945 328 976 deorum
373 944 566 976 nominibus
610 943 804 987 epitheton.
868 943 1047 986 Expressit
1080 942 1246 986 Virgilius
1289 944 1508 976 Homericum
1540 943 1626 976 illud

133 991 221 1034 φίλη
248 987 403 1033 ἄλοχος,
430 986 592 1032 ἄκοιτις,
630 996 668 1022 ut
702 989 742 1021 ΙΙ.
775 991 832 1030 ΙΙΙ,
872 991 946 1024 138.
982 991 1041 1031 w,
1076 989 1156 1023 495.
1190 990 1312 1033 Odyss.
1346 991 1409 1029 IX,
1443 991 1523 1024 207.
1562 991 1624 1023 cl'r·

133 1037 233 1070 etiarn
258 1041 340 1070 Aen.
367 1038 431 1078 IX,
454 1036 509 1071 84.
548 1036 640 1078 ll'r.)
693 1035 838 1080 sinenti
870 1036 1003 1079 Hugen.
1054 1036 1192 1082 pudori
1223 1048 1274 1079 pr.
1312 1036 1433 1070 Hamb.
1470 1043 1503 1068 et
1536 1037 1625 1069 Ven.

133 1095 207 1116 cum
234 1085 405 1120 Romano,
432 1083 482 1124 (et
508 1083 560 1116 13.
593 1082 687 1124 Wr.)
714 1082 807 1114 sacili
829 1082 940 1124 lapsu.
988 1081 1044 1114 Sic
1069 1082 1129 1114 inf.
1155 1082 1202 1121 X,
1227 1083 1306 1116 398.
1341 1088 1376 1114 et
1411 1094 1467 1125 ap.
1499 1083 1623 1115 Lucan.

133 1131 191 1170 IV,
218 1131 295 1164 231.
389 1131 433 1164 92
458 1129 659 1174 alloquitur
683 1127 772 1160 alter
807 1129 942 1171 Menag.
992 1129 1243 1172 (sanctissima
1277 1129 1383 1160 dictis
1416 1129 1500 1161 Cod.
1535 1132 1623 1172 Ang.

133 1176 216 1208 Maii
242 1175 333 1219 apud
357 1175 512 1207 Arusian.
537 1187 563 1207 s,
588 1187 619 1206 v.
644 1175 862 1219 Adgredior.
893 1175 987 1216 Wr.)
1080 1175 1125 1208 93
1150 1186 1192 1205 ac
1214 1186 1266 1219 sp.
1292 1174 1399 1207 Wall.
1436 1176 1514 1207 alca
1535 1176 1623 1208 Ven.

125 1222 260 1268 seretis
284 1221 380 1254 Leid.
407 1234 461 1253 un.
488 1234 506 1253 a
532 1233 572 1253 in.
601 1232 668 1253 sec.
762 1218 808 1254 94
843 1232 972 1253 numen
1001 1231 1082 1252 sane
1106 1220 1236 1252 habent
1261 1221 1433 1252 veterrimi
1459 1228 1492 1259 et
1518 1232 1623 1264 prae-

133 1268 333 1301 stantissimi
358 1267 473 1308 Pierii,
498 1267 631 1299 Heinsii
661 1273 695 1298 et
721 1268 844 1307 Burn1.,
871 1266 928 1310 qui
943 1265 1027 1298 illud
1053 1266 1140 1298 adeo
1161 1273 1311 1299 tuentur.
1361 1267 1615 1311 Accipiendum:

133 1327 301 1359 magnum
325 1327 410 1346 vero
435 1322 470 1346 ec
493 1312 717 1345 memorabile
741 1314 810 1344 eric
834 1325 963 1345 numen
994 1321 1168 1352 vestrum,
1202 1320 1314 1345 vestra
1350 1319 1505 1357 potestas
1520 1339 1528 1354 ‚
1561 1313 1622 1354 vis,

134 1361 168 1392 h.
196 1372 222 1393 e.
248 1372 329 1400 vos,
355 1360 422 1400 dii,
449 1359 478 1391 si
503 1359 794 1392 circumveneritis
820 1359 886 1391 duo
913 1370 1011 1390 unam
1036 1358 1206 1390 seminam.
1254 1358 1373 1391 Paullo
1398 1366 1512 1392 tamen
1536 1371 1622 1392 con-

132 1406 258 1439 tostius
285 1407 332 1438 ita
357 1406 483 1438 dictum
510 1406 654 1437 videtur.
703 1406 828 1437 Contra
849 1404 1013 1437 sollennis
1045 1404 1209 1444 formula,
1243 1404 1470 1438 memorabile
1498 1416 1622 1438 nomen

133 1454 189 1496 (cf.
216 1465 290 1497 sup.
317 1454 357 1491 ΙΙ,
383 1452 483 1494 583),
521 1459 556 1483 et
589 1452 655 1483 hoc
688 1452 750 1483 Ge.
785 1451 958 1483 Fabricius
994 1451 1234 1494 praeferebat,
1267 1457 1302 1482 et
1335 1457 1388 1483 est
1419 1452 1454 1483 in
1491 1452 1623 1495 aliquot

133 1499 298 1531 Pierianis
325 1505 358 1530 et
383 1499 417 1530 in
444 1510 510 1530 uno
540 1505 574 1530 et
598 1498 709 1530 altero
735 1497 865 1541 scripto
895 1497 1012 1529 Heins.
1043 1504 1076 1529 et
1100 1498 1210 1528 Burin.
1243 1497 1484 1542 nonnullisque
1510 1498 1620 1530 editis.

131 1545 298 1588 Exempla
324 1545 390 1577 iam
416 1546 594 1577 Burmann.
619 1544 794 1588 congessit
816 1543 850 1576 in
876 1543 978 1577 alium
1006 1555 1111 1576 usum.
1136 1543 1234 1576 Ovid.
1259 1544 1344 1576 Met.
1376 1545 1423 1586 X,
1454 1545 1523 1578 608
1558 1556 1621 1577 Seu

133 1638 368 1676 avertendos
399 1652 449 1676 ex
480 1644 708 1690 tempestate
738 1652 846 1676 com-

133 1703 239 1734 mota
263 1696 520 1746 Troianisque
544 1696 582 1733 in
604 1696 756 1734 Asi-icae
775 1696 846 1733 lit-

132 1759 220 1791 tora
257 1753 386 1790 eiectis
428 1753 637 1803 quicquam
680 1753 752 1790 sibi
786 1765 848 1790 res

131 1810 371 1860 procedant,
411 1816 458 1847 ut
495 1811 627 1861 potius
668 1810 848 1847 Troianis

131 1866 208 1904 hoc
233 1868 360 1918 ipsum
388 1866 606 1919 hospitium
637 1866 753 1904 saluti
786 1867 847 1904 sit.

131 1924 293 1962 Mutatis
327 1924 448 1974 igitur
494 1937 543 1961 ex
584 1936 626 1961 re
666 1923 848 1971 consiliis,

131 1987 309 2019 servatos
334 1980 406 2018 hos
435 1994 473 2018 se
501 1980 629 2018 invita
657 1980 848 2018 Troianos

132 2038 187 2074 sic
208 2038 345 2075 saltem
365 2050 498 2075 arcere
530 2037 662 2074 studet
688 2037 735 2074 ab
763 2037 847 2075 lta-—

132 2095 202 2142 lia,
234 2100 278 2131 ut
298 2094 352 2131 illi
371 2108 460 2131 cum
480 2094 619 2131 Poenis
647 2107 723 2131 una
747 2094 848 2130 civi-

134 2157 216 2188 tate
236 2151 470 2201 iungantur5
499 2151 554 2187 sic
577 2163 733 2200 quoque
757 2164 848 2187 suos

133 2208 282 2244 Poenos
310 2207 522 2244 incolumes
551 2208 646 2244 sore.
704 2207 791 2244 Hoc
809 2219 848 2243 se

134 2264 359 2301 ell'ecturam
390 2270 539 2314 sperat,
580 2264 731 2300 Aeneae
760 2277 849 2300 cuin

137 2321 284 2358 Didone
309 2321 488 2369 coniugio
519 2320 629 2357 inito,
691 2321 849 2371 Appro-

133 2378 226 2415 bare
239 2376 314 2414 hoc
334 2378 538 2414 consilium
559 2384 672 2427 parat
686 2377 850 2425 Veneri3

134 2440 190 2482 et,
224 2434 376 2471 tametsi
406 2435 498 2471 satis
532 2440 702 2482 teneret,
733 2434 850 2471 fatale

134 2504 234 2539 esse,
265 2497 311 2528 ut
330 2491 476 2528 Aeneas
506 2491 545 2527 in
576 2491 688 2527 Italia
720 2490 848 2528 consi-

136 2548 224 2594 dat,
255 2548 399 2598 quippe
427 2561 525 2597 quae
557 2547 605 2584 d'e
636 2548 738 2585 lovis
771 2561 846 2584 vo-

135 2605 288 2642 luntate
327 2605 456 2641 omnia
494 2611 694 2656 comperta
725 2604 848 2641 habe-

135 2661 222 2698 bat:
250 2674 334 2711 sup.
361 2661 389 2708 Ι,
419 2662 515 2702 258.
555 2676 682 2698 cet-nes·
715 2661 847 2698 urbem

137 2725 170 2753 et
194 2720 392 2766 promissa
412 2720 563 2755 Lavini
591 2720 746 2754 moenia
774 2723 845 2757 etc.

137 2772 355 2809 dissimulat
376 2780 507 2811 tamen
530 2781 565 2811 et
591 2773 848 2811 dubitationis

136 2834 291 2865 tantum
312 2829 396 2866 loco
415 2829 523 2867 hunc
540 2831 695 2868 fatalem
714 2843 848 2868 rerum

139 2885 316 2921 ordinem
335 2893 543 2934 memorat3
572 2894 745 2924 ceterum
766 2900 849 2924 rem

207 2951 409 3000 Vnam.
446 2953 584 2999 Toni.
610 2953 670 2999 11.

904 1638 1065 1676 Iunonis
1095 1637 1261 1676 arbitrio
1293 1638 1511 1689 permina,
1552 1645 1619 1676 ut-

905 1709 980 1746 que
1000 1695 1148 1733 Aeneas
1165 1709 1255 1733 cum
1285 1695 1435 1733 Didone
1456 1709 1620 1746 congre-

905 1754 1061 1801 diatur,
1100 1753 1210 1791 facile
1242 1753 1414 1803 patitur,
1453 1766 1543 1790 cum
1570 1752 1621 1790 ad

905 1823 1096 1848 summam
1120 1822 1278 1847 caussae
1300 1809 1397 1847 nihil
1419 1809 1512 1847 inde
1530 1809 1620 1847 mali

908 1867 1125 1904 timendum
1166 1873 1287 1915 esset5
1336 1880 1417 1904 non
1447 1867 1550 1904 enim
1586 1867 1619 1904 ei

905 1924 1108 1975 probabile
1147 1924 1274 1962 videri
1315 1923 1472 1972 debuit,
1521 1924 1618 1971 sore,

908 1986 950 2018 ut
980 1981 1137 2018 'l'roiani
1179 1982 1283 2018 inter
1320 1980 1468 2018 Poenos
1510 1980 1620 2017 sedes

904 2037 1050 2074 babere
1078 2037 1218 2074 malint
1246 2050 1363 2086 quam
1390 2049 1554 2087 regnum
1579 2037 1619 2074 in

905 2094 1013 2131 Italia
1037 2094 1222 2131 condere:
1253 2105 1378 2142 neque
1409 2093 1543 2130 Iovem
1577 2093 1618 2131 id

906 2151 1168 2188 admissurum
1206 2161 1286 2186 esse
1324 2149 1420 2186 bene
1447 2150 1618 2187 tenebat.

906 2207 1053 2244 Habuit
1079 2213 1193 2257 poeta
1225 2206 1476 2257 Apollonium
1505 2207 1617 2244 Rho-

907 2264 1015 2301 dium
1053 2270 1143 2300 ante
1183 2263 1335 2310 oculos,
1376 2263 1415 2299 in
1451 2263 1619 2300 consiliis

908 2320 1066 2358 Iunonis
1098 2326 1137 2356 et
1172 2319 1333 2356 Veneris
1374 2319 1619 2357 conserendis

907 2377 973 2414 lib.
1007 2377 1069 2414 Ill.
1097 2390 1155 2428 pr.
1186 2390 1255 2413 suo
1291 2381 1422 2412 tamen
1457 2377 1617 2414 consilio

907 2434 1104 2485 praeclare
1123 2433 1273 2481 singula
1295 2433 1617 2471 accommodavit.

963 2493 1017 2531 90
1032 2515 1081 2520 --
1095 2493 1160 2532 92.
1179 2497 1302 2539 peste,
1323 2490 1487 2526 exitioso
1508 2504 1618 2527 mor-

905 2547 974 2595 bo,
1006 2559 1148 2584 amore.
1175 2546 1221 2583 cs.
1251 2546 1278 2592 Ι,
1310 2549 1402 2587 712.
1436 2546 1613 2596 sinnam,

905 2602 943 2640 h.
980 2616 1010 2641 e.
1042 2607 1166 2640 lamae
1205 2616 1361 2650 curam3
1402 2617 1481 2640 non
1511 2604 1615 2640 illam

904 2660 979 2697 iam
1004 2661 1127 2697 malae
1150 2660 1275 2696 famae
1300 2665 1409 2697 metu
1427 2660 1616 2698 revocari.

905 2718 951 2754 cs.
974 2731 1010 2754 v.
1039 2720 1127 2759 170.

962 2775 1162 2814 93-98.
1200 2772 1330 2822 spolia
1366 2778 1502 2810 ornate
1542 2785 1615 2822 pro

906 2830 1082 2867 victoria.
1108 2844 1231 2879 puer,
1265 2831 1381 2874 παῖς,
1415 2829 1535 2876 iilius,
1557 2841 1616 2865 res

908 2892 998 2924 nota
1019 2886 1078 2923 vel
1098 2899 1146 2922 ex
1166 2884 1344 2923 Horatio.
1375 2900 1514 2921 ιιιιηιειι
1528 2914 1538 2932 ,
1564 2898 1613 2919 sc.

1277 2951 1342 2995 :39
