1811 3388
253 224 665 308 AENEIDOS
704 223 843 272 LIB.
883 222 975 283 III,
1016 223 1312 273 558—570
1440 228 1539 274 527

29 360 137 405 Ter
161 352 364 419 scopuli
385 351 676 399 clamorem
696 350 834 397 inter
855 364 976 396 cava
996 365 1111 397 saxa
1133 346 1361 407 dedere3

29 430 137 475 Ter
160 438 406 489 spumam
429 420 611 469 elisam
634 427 686 467 et
709 418 940 467 rorantia
960 418 1187 466 vidimus
1209 426 1355 467 astra.

27 498 237 544 Interea
260 490 429 539 sessos
448 498 639 539 ventus
663 505 783 537 eum
809 487 922 535 sole
950 487 1189 553 reliquit:

28 562 309 626 Ignarique
335 560 447 608 viae
471 559 766 624 Cyclopum
792 556 1093 605 adlabimur
1118 557 1236 607 oris,

95 636 287 681 Portus
332 630 395 678 ab
448 629 669 677 adcessu
705 636 994 676 ventorum
1035 628 1273 675 inmotus
1293 665 1305 687 ,
1360 631 1412 672 et
1458 623 1541 671 in-

809 712 939 760 gens
1441 696 1543 743 570

27 817 215 855 dederunt3
243 815 442 848 desidimus
467 826 508 846 ex
533 825 601 846 uno
626 812 800 846 Montalb.
828 813 895 857 (cui
921 824 1009 845 nunc
1033 811 1170 845 accedit
1200 810 1309 844 Paris.
1349 812 1403 845 10.
1445 809 1542 847 ῙΓΓ.)

26 864 254 909 proferebat,
282 870 453 906 tamquam
479 862 573 906 quod
598 873 673 893 cum
704 861 882 893 Tollimur
907 860 1030 892 melius
1056 866 1218 902 tempore
1254 857 1474 898 conveniret,
1510 863 1544 890 et

26 923 116 943 nunc
149 917 326 954 receptum
360 909 403 941 ab
440 910 634 940 Burmanno
669 907 778 940 vides.
828 906 1019 951 (Revocavi
1062 918 1137 939 cum
1170 904 1292 937 Iahnio
1327 904 1544 943 desedimus,

28 969 97 1001 quo
135 956 228 989 ducit
261 956 410 988 omnium
442 956 517 987 fere
544 955 702 987 codicum
727 954 910 998 scriptura*
960 955 1068 986 Recte
1099 963 1181 985 vero
1218 951 1355 984 Cortius
1391 951 1435 984 ad
1468 951 1544 983 Lu-

26 1017 102 1038 can.
127 1005 187 1043 ΙΙΙ,
212 1004 309 1038 630.;
337 1004 456 1043 „Inter
482 1002 622 1034 desedit
647 1008 682 1033 et
708 1001 843 1034 desidit
865 1000 960 1033 nulla
985 999 1184 1032 differentia
1217 998 1403 1030 statuenda
1438 999 1544 1036 est;“

26 1051 112 1083 item
136 1050 277 1083 Iahnius
304 1049 348 1082 ad
374 1049 407 1081 h.
435 1049 477 1080 l.:
514 1048 745 1090 „desedimus
769 1047 966 1092 praesentis
1001 1046 1148 1080 notione
1184 1056 1248 1090 pro
1284 1045 1452 1077 sedemus
1484 1043 1544 1076 di-

28 1104 119 1131 ctum
146 1099 234 1130 est.“
284 1098 421 1139 Nempe
447 1096 526 1128 sido
550 1094 637 1128 facit
667 1095 766 1133 sedi3
807 1096 866 1134 VI,
907 1095 971 1128 191
1007 1105 1080 1138 sq.:
1114 1103 1266 1134 „venere
1303 1091 1464 1124 volantes
1498 1092 1544 1123 Et

27 1143 131 1177 viridi
157 1144 325 1176 sedere
351 1142 466 1175 solo.“
491 1143 540 1183 X,
564 1143 664 1176 301.:
689 1142 833 1181 „Donec
858 1147 972 1173 rostra
996 1147 1117 1173 tenent
1141 1138 1288 1176 siccum,
1315 1144 1350 1170 et
1376 1138 1544 1170 sedere

29 1191 167 1224 carinae
192 1193 317 1222 Omnes
343 1189 551 1222 innocuae.“
576 1188 646 1220 vid.
671 1190 714 1221 V.
734 1190 772 1221 L.
794 1189 838 1221 ad
862 1188 935 1220 Ecl.
964 1189 1041 1229 VH,
1069 1189 1099 1221 1.
1133 1187 1209 1218 Hoc
1234 1185 1341 1228 igitur
1366 1185 1445 1217 sedi
1466 1185 1543 1217 sere

27 1238 119 1270 idem
145 1237 239 1281 quod
264 1238 383 1271 sedeo.
433 1236 489 1269 Sic
516 1249 535 1268 a
560 1236 730 1281 pos-sido,
766 1236 788 1267 i.
816 1247 844 1267 e.
872 1246 1004 1277 occupo
1021 1260 1028 1274 ,
1065 1233 1159 1278 quod
1194 1238 1246 1264 est
1278 1231 1371 1274 apud
1403 1232 1543 1264 Lucret.

28 1287 54 1324 Ι,
79 1286 180 1320 387.;
208 1283 470 1329 „possidat
493 1284 646 1322 inane‚“
672 1282 711 1314 fit
734 1282 899 1327 possedi:
923 1281 993 1314 Cic.
1019 1282 1120 1313 Verr.
1145 1280 1201 1318 ΙΙΙ,
1227 1279 1303 1313 68.;
1341 1289 1435 1319 ,xnon
1459 1290 1544 1311 sen-

28 1332 91 1363 sim
118 1338 221 1375 atque
254 1330 436 1363 moderate
469 1329 513 1362 ad
547 1329 646 1361 istius
683 1328 868 1362 amicitiam
902 1328 1132 1371 adi-epserat,
1169 1325 1232 1358 sed
1268 1325 1400 1357 brevi
1432 1331 1544 1357 tem-

28 1389 141 1421 pore
166 1383 278 1409 totum
303 1376 479 1410 hominem
514 1382 694 1420 totamque
723 1375 796 1408 eius
828 1382 1028 1419 praeturam
1061 1387 1083 1418 p
1100 1372 1387 1405 ossederat.“
1424 1371 1472 1404 id.
1499 1372 1543 1404 de

29 1427 123 1457 Orat.
146 1425 172 1464 I,
191 1424 268 1458 50.:
294 1422 425 1465 „-—sit
444 1423 528 1455 boui
550 1422 718 1463 oratoris,
743 1422 849 1455 multa
872 1422 1014 1454 auribus
1040 1419 1240 1464 accepisse,
1266 1418 1373 1450 multa
1398 1418 1541 1459 vidisse,

28 1471 135 1503 multa
157 1470 308 1513 legendo
324 1470 557 1514 percurrisse3
582 1481 694 1513 neque
720 1481 759 1502 ea
782 1476 819 1501 ut
840 1481 900 1501 sua
928 1467 1229 1512 possedisse,
1264 1466 1326 1497 sed
1359 1471 1399 1497 ut
1429 1465 1543 1498 aliena

28 1517 196 1550 libasse.“
224 1523 260 1549 et
286 1517 383 1549 alibi.
433 1516 593 1549 Ceterum
612 1515 700 1548 nihil
719 1514 934 1560 frequentius
962 1514 1028 1547 hac
1059 1514 1244 1546 verborum
1273 1511 1400 1544 sedere
1425 1518 1461 1544 et
1486 1513 1541 1544 si—

29 1564 116 1597 dere
134 1564 417 1608 permutatione,
443 1563 531 1595 adeo
550 1570 587 1595 ut
607 1562 698 1595 infra
717 1564 776 1603 IV,
799 1563 852 1596 15.
879 1573 944 1606 pro
970 1561 1113 1594 sederet
1147 1559 1182 1592 in
1207 1560 1306 1591 Rom.
1335 1558 1412 1590 cod.
1443 1558 1544 1591 inve-

28 1611 142 1642 niatur
163 1610 309 1643 sideret.
340 1611 434 1648 lVrJ
486 1610 715 1642 consedimus
749 1621 834 1641 unus
864 1608 977 1648 Leid„
1010 1607 1110 1640 male.

623 1658 692 1691 567
726 1658 839 1689 Totus
868 1667 986 1687 versus
1021 1655 1123 1686 abest
1157 1665 1176 1685 a
1209 1651 1318 1684 Goth.
1347 1663 1421 1695 pr.‚
1455 1651 1545 1684 alter

28 1657 189 1689 Parrhas.
240 1657 422 1689 dederunt
439 1658 528 1689 Ven.

29 1705 214 1743 rotantia3
241 1715 446 1748 quamquam
466 1703 565 1748 piget
588 1703 673 1736 talia
690 1710 828 1737 notare.

28 1750 138 1782 Goth.
232 1751 302 1785 569
334 1749 519 1783 illabimur
545 1751 666 1783 Frane.
716 1750 827 1782 undis
852 1761 920 1781 sec.
950 1747 1117 1780 Rottend.

1205 1606 1274 1640 566
1306 1605 1355 1637 ad
1382 1617 1544 1638 concava

923 1703 992 1737 568
1028 1701 1201 1745 relinquit
1231 1705 1303 1730 tres
1332 1699 1445 1731 Burm.
1473 1698 1543 1731 duo

1211 1747 1281 1781 570
1317 1746 1462 1777 incessu
1488 1756 1543 1789 pr.

27 1797 153 1829 Hamb.
203 1805 239 1829 et
264 1795 433 1830 absc-essu
464 1797 564 1830 alter.
614 1795 658 1829 ab
689 1808 844 1829 accensu
872 1794 1006 1828 Zulieh.
1056 1793 1101 1828 ab
1134 1805 1263 1827 occasu
1298 1793 1444 1834 Graev„
1481 1791 1544 1824 sed

29 1844 243 1888 adscriptum
257 1855 404 1877 accessu
416 1863 459 1867 —
471 1852 591 1877 motus
609 1843 755 1877 Vratisl.

30 1950 162 1987 omnia
188 1950 230 1987 in
256 1962 393 1988 rerum
421 1948 625 1987 miracula.
685 1947 758 1985 Vi-

31 2007 181 2045 dentur
217 2014 350 2045 autem
387 2021 427 2045 v.
463 2008 559 2049 564.
589 2006 671 2048 565
707 2005 758 2042 ad

30 2064 278 2116 Charybdin,
296 2071 335 2102 et
353 2066 448 2106 566.
468 2066 551 2106 567
572 2064 622 2101 ad
641 2063 758 2114 Scyl-

28 2122 108 2159 lam
122 2122 318 2173 sigillatim
335 2128 526 2174 spectare.
548 2122 652 2159 conf.
671 2134 757 2171 sup.

30 2178 114 2222 420
161 2193 244 2230 sqq.
300 2186 340 2217 et
379 2179 520 2216 Cerda.
564 2178 667 2216 adde
706 2177 757 2215 ad

30 2236 177 2275 Tibull.
207 2236 272 2285 IV,
308 2239 434 2278 70-
455 2237 521 2278 75.
563 2236 753 2282 desidere,

30 2299 78 2331 ut
99 2294 244 2341 sidere,
267 2293 465 2330 subsidere
480 2323 489 2341 ,
524 2293 684 2345 proprie
708 2292 757 2329 de

30 2351 171 2400 rebus,
211 2350 389 2401 adeoque
416 2352 531 2387 etiam
561 2351 608 2388 de
638 2350 756 2388 navi—

29 2409 104 2446 bus
128 2438 138 2457 ,
177 2408 316 2446 mersis
358 2408 421 2445 vel
461 2408 667 2460 depressis.
716 2421 756 2447 v.

30 2465 165 2505 Heins.
198 2466 249 2503 ad
278 2465 318 2503 h.
348 2465 372 2502 l.
402 2471 441 2502 et
479 2479 578 2516 quos
619 2465 759 2503 laudat

30 2524 166 2561 Burm.
225 2523 322 2565 566.
352 2523 519 2561 Fluctus
550 2537 639 2562 cum
675 2524 759 2560 sra-

31 2594 125 2630 gore
143 2581 184 2618 in
208 2595 399 2618 cavernas
424 2581 571 2619 littoris
594 2582 759 2619 irruunt

33 2645 144 2676 aestu
170 2639 289 2676 maris
318 2639 518 2690 propulsi,
549 2639 658 2676 unde
691 2651 759 2676 re-

32 2696 176 2732 troacti
192 2696 235 2733 in
264 2696 359 2733 alios
388 2697 535 2734 fluctus
562 2709 757 2748 superve-

32 2752 185 2789 nientes
225 2753 439 2803 incidunt3
485 2754 628 2804 quibus
658 2754 758 2791 allisi

34 2809 181 2846 undam
201 2809 243 2846 in
262 2810 392 2849 medio
413 2825 588 2862 pressam
621 2811 757 2849 eiacu-

33 2864 180 2903 lantur.
237 2867 432 2916 Spumam
463 2870 634 2918 elisam,
676 2870 757 2907 ssu—

33 2929 172 2960 etuum
190 2922 242 2960 ad
261 2931 416 2962 cautem
438 2926 655 2976 allisorum,
675 2926 756 2967 {m-

816 1944 929 1999 βλύει
951 1943 1101 1993 ὕδατος
1123 1942 1246 1997 ἄχνη,
1270 1942 1454 1996 Apollon.
1477 1942 1543 1991 IV,

820 2007 940 2046 1238.
980 2005 1158 2041 roranlia
1193 2010 1330 2050 astra,
1372 2014 1473 2051 aqua
1501 2000 1544 2037 in

816 2062 942 2099 altum
962 2062 1117 2100 sublata
1137 2060 1240 2097 roris
1261 2059 1388 2096 instar
1406 2064 1544 2109 gutta-

817 2120 888 2156 tim
921 2119 1168 2165 destillante,
1207 2117 1395 2168 probasse
1426 2115 1544 2154 vide-

815 2182 883 2213 tur
905 2176 1051 2213 saeculi
1068 2175 1256 2226 Augustei
1276 2174 1425 2225 genius.
1459 2173 1544 2210 No-

816 2234 908 2271 stris
950 2233 1177 2271 hominibus
1223 2232 1293 2269 vix
1341 2231 1542 2282 placeant!

816 2291 872 2328 Ita
896 2297 1029 2328 tamen
1057 2297 1213 2328 veteres
1233 2288 1475 2339 saepissime,
1501 2301 1543 2329 V.

816 2363 848 2386 c.
872 2363 968 2386 mox
988 2363 1027 2389 V.
1049 2349 1132 2390 574
1164 2355 1199 2384 et
1231 2348 1363 2383 sideru
1381 2345 1539 2393 lambit,

817 2406 865 2443 de
906 2408 1066 2444 flamma
1105 2405 1280 2442 Aetnaea
1311 2403 1362 2440 ad
1391 2403 1544 2441 caelum

815 2465 1059 2501 exundante.
1092 2461 1158 2515 (de
1177 2460 1421 2513 Polyphemo
1439 2461 1543 2499 infra

817 2536 875 2560 vs·
893 2525 1006 2564 619.:
1037 2521 1151 2571 „Ipse
1178 2520 1352 2567 arduus,
1384 2519 1543 2569 altaque

816 2581 996 2631 pulsat
1042 2578 1259 2618 &idm-af<
1302 2576 1383 2614 vid.
1411 2576 1542 2627 Heyn.

815 2637 856 2674 in
880 2638 923 2676 V.
947 2638 985 2676 L.
1016 2636 1066 2673 ad
1097 2636 1143 2685 V,
1174 2638 1269 2677 517.
1302 2641 1341 2672 et
1371 2634 1461 2674 Not.
1491 2633 1543 2670 ad

816 2695 862 2741 Π,
887 2696 950 2737 15-
996 2692 1108 2744 llsr.)
1169 2694 1265 2734 568.
1307 2694 1439 2740 Quam
1472 2705 1542 2729 or-

817 2754 931 2790 nate!
989 2750 1145 2803 vesperi
1179 2756 1347 2798 ventus,
1395 2749 1541 2800 aquilo,

816 2816 954 2850 cessat.

874 2868 969 2909 570.
1000 2866 1182 2904 Subeunt
1197 2863 1359 2902 Troiani
1375 2863 1541 2901 Portum

816 2925 1048 2976 Cyclopum.
1117 2922 1282 2974 Proprie
1332 2934 1434 2971 aqua
1483 2926 1538 2957 est
