1779 3420
134 251 237 297 332

465 246 519 294 P.
558 245 914 294 VIRGILII
951 243 1322 292 MARONIS

133 371 450 439 Auxilioque
470 372 646 421 levare
675 372 840 433 viros,
879 371 1096 435 vimque
1120 369 1321 420 addere
1345 372 1504 423 victis,

202 443 393 492 Limen
418 451 552 505 erat,
593 456 888 506 caecaeque
912 438 1080 502 foreS‚
1121 448 1173 488 ct
1194 442 1408 507 pervius
1430 459 1556 491 usus

134 516 428 563 Tectorum
452 512 593 560 inter
615 528 671 560 se
696 510 919 572 Priami,
962 519 1254 577 postesque
1279 511 1450 561 relicti

130 586 176 633 A
199 591 378 646 terg03
418 580 600 631 infelix
621 598 722 647 qua
746 597 826 642 se,
867 579 999 628 dum
1020 596 1183 644 regna
1205 583 1512 645 manebant,
1546 586 1659 637 ‚455

134 653 356 718 Saepius
378 650 759 701 Andromache
781 648 926 699 ferre
951 650 1258 701 incomitata
1280 652 1487 702 solebat

131 722 215 773 Ad
240 738 484 786 soceros,
526 730 577 770 et
603 737 699 769 avo
721 736 954 786 puerum
977 723 1286 785 Astyanacta
1312 722 1570 773 trahebat.

129 792 313 843 Evado
337 791 403 840 ad
424 791 620 840 summi
644 788 847 854 fastigia
874 790 1143 842 culminis:
1181 792 1330 841 unde

132 862 261 912 Tela
282 878 446 910 manu
469 861 647 910 miseri
673 860 936 909 iactabant
957 862 1110 910 inrita
1136 863 1344 914 Teucri.

132 933 347 982 Turrim
397 932 450 979 in
504 931 779 997 praecipiti
837 940 1093 995 stantem,

1164 933 1497 999 summisque
1558 931 1656 980 sub

924 1011 1058 1051 astra
1555 1007 1657 1054 460

221 1095 292 1131 452
317 1097 418 1129 viros
440 1096 566 1129 levare
586 1095 720 1136 Wall.‚
752 1096 853 1130 male.
904 1106 939 1130 et
981 1098 1050 1130 vim
1082 1098 1220 1141 Menag.
1250 1110 1302 1142 pr.
1352 1098 1493 1141 vimque
1521 1096 1658 1128 add-ere

130 1144 219 1176 victi
241 1143 332 1176 coni.
358 1143 480 1176 Heins.
510 1143 678 1187 (scilicet,
705 1142 733 1175 si
759 1145 898 1176 addere
921 1157 986 1189 pro
1007 1145 1107 1177 finito
1130 1145 1236 1177 modo
1260 1144 1413 1189 positum
1437 1145 1515 1187 est).
1542 1156 1575 1176 α.
1599 1152 1656 1175 ιθ·-

127 1191 196 1222 ccis
218 1189 334 1234 Bigot.
349 1198 383 1223 et
405 1190 514 1224 Wall.
540 1203 559 1223 a
582 1203 626 1223 m.
649 1202 719 1223 sec.

792 1192 862 1227 453
889 1192 1020 1224 (levius
1039 1191 1147 1225 Goth.
1166 1197 1249 1224 tert.
1263 1205 1281 1224 a
1302 1204 1344 1223 m.
1359 1204 1428 1224 sec.

1503 1190 1571 1226 455
1586 1203 1656 1235 quo

126 1237 196 1269 duo
214 1238 328 1270 Burm.
347 1249 423 1270 cum
447 1237 555 1271 Goth.
577 1249 630 1281 pr.
681 1250 753 1282 qua
772 1250 812 1271 se
830 1237 962 1285 infelix
981 1240 1119 1283 Menag.
1147 1251 1201 1283 pr.
1252 1247 1327 1271 tum
1350 1252 1379 1272 r.
1399 1237 1484 1271 alibi
1504 1237 1538 1269 iu
1558 1241 1653 1270 Serv.

126 1284 197 1318 456
230 1285 491 1318 Andromacha
530 1285 620 1318 alter
651 1286 792 1329 Menag.

126 1330 197 1364 alii.
247 1333 362 1364 Totus
379 1343 498 1365 versus
523 1333 649 1364 deerat
672 1333 781 1365 Goth.
810 1345 863 1377 pr.

905 1285 974 1321 457
1008 1290 1241 1331 Astyanacta
1269 1285 1380 1319 Wall.

1430 1286 1654 1318 Astianacm

959 1331 1029 1368 458
1065 1334 1114 1366 ad
1140 1333 1274 1365 omittit
1305 1333 1485 1376 Eugraph.
1517 1331 1553 1363 in
1581 1333 1655 1364 Eu—

125 1377 228 1410 nuch.
259 1380 427 1420 Terent„
472 1391 556 1412 sane
591 1379 806 1423 elegantius3
851 1380 911 1412 sed
941 1380 1082 1425 scriptis
1114 1387 1236 1413 contra
1264 1379 1481 1419 dicentibus;
1514 1386 1655 1424 praeter

125 1425 234 1458 Goth.
268 1439 340 1471 pr.:
368 1427 486 1460 Guiet.
512 1426 603 1460 coni.
628 1427 759 1460 Evado
779 1427 849 1459 lzac
869 1440 897 1460 s.
924 1426 978 1472 s.‚
1006 1428 1100 1472 quod
1132 1434 1168 1460 et
1189 1427 1328 1460 Servius
1364 1427 1518 1471 supplet.
1569 1426 1657 1459 inde

125 1475 243 1517 Sprot.

126 1519 242 1552 Vatic.

341 1472 410 1508 459
434 1473 626 1507 iactabant
648 1474 809 1518 :indique
828 1475 1003 1518 Excerpta
1022 1476 1137 1508 Burm.
1187 1476 1323 1507 inertia
1353 1487 1371 1506 a
1392 1486 1437 1506 m.
1457 1486 1509 1519 pr.
1528 1474 1653 1517 fragm.

336 1520 408 1555 460
441 1529 581 1553 turrem
612 1520 764 1553 Carisius
792 1521 855 1553 lib.
888 1523 902 1553 I
932 1523 1016 1555 lust.
1041 1523 1193 1555 Gramm.
1227 1520 1398 1565 agnoscit.
1447 1524 1492 1554 At
1518 1520 1653 1553 Gellius

125 1567 220 1606 XIII⁷
243 1568 286 1601 19
312 1566 493 1600 Valerium
509 1568 661 1600 Probum
681 1569 812 1600 turrim
835 1567 964 1612 legisse
990 1570 1092 1602 testis
1122 1575 1197 1609 est;
1238 1581 1301 1602 nee
1330 1569 1433 1602 aliter
1459 1568 1594 1613 scripti.
1622 1580 1651 1600 v.

123 1613 299 1656 Pierium,
327 1613 448 1648 Heius.
473 1622 508 1647 et
528 1615 673 1659 Erythr.
697 1615 772 1647 Iud.
795 1615 830 1647 h.
850 1627 882 1648 v.

183 1694 453 1738 453-458,
493 1697 593 1734 Cum
634 1697 768 1736 aditus
808 1698 860 1735 ad

123 1753 270 1805 regiani
302 1754 555 1793 obsideretur
585 1755 633 1792 ab
660 1755 858 1805 hostibus,

124 1811 277 1863 postica
298 1818 416 1863 porta
444 1826 530 1850 eam
558 1813 684 1851 intrat
706 1815 858 1852 Aeneas

124 1875 164 1907 et
197 1883 219 1906 a
254 1876 367 1922 tergo
400 1872 584 1922 pervenit
615 1872 666 1909 ad
696 1879 857 1923 portam

123 1928 274 1978 regiae,
306 1941 384 1978 qua
402 1935 517 1980 parte
540 1943 679 1968 versus
699 1931 855 1968 aditum

124 1999 146 2022 a
174 1986 308 2023 fronte
338 1987 479 2025 domus
506 1995 723 2040 pugnatur.
783 1989 856 2026 [lla

122 2050 241 2095 porta
260 2045 412 2096 postica
435 2060 527 2083 cum
550 2053 712 2095 ornatu,
736 2060 855 2097 quein

122 2107 204 2139 tam
233 2103 407 2154 vulgaris
441 2118 504 2142 res
535 2105 607 2142 vix
638 2104 855 2143 videbatur

122 2172 265 2210 capere
305 2175 440 2212 posse,
504 2162 735 2215 designatur
784 2177 855 2215 per

122 2224 299 2269 quatuor
323 2219 696 2259 determinationes:
719 2227 778 2258 est
799 2222 854 2258 li—

121 2290 211 2313 men
226 2307 236 2325 ,
270 2284 365 2315 sunt
381 2293 525 2316 caecae
540 2310 549 2328 ‚
581 2279 620 2318 li.
646 2293 678 2318 e.
697 2280 855 2330 ignotae

121 2334 207 2371 aliis
228 2348 301 2372 nec
323 2337 483 2387 cognitu
500 2338 634 2376 faciles
647 2338 853 2387 etobviae,

109 2392 236 2443 sores.
257 2415 314 2422 --
335 2397 501 2444 pervisis
538 2411 634 2434 usus
663 2405 852 2434 teclorum

121 2451 283 2487 Priami
299 2453 400 2489 inter
416 2468 478 2500 se,
512 2453 552 2491 h.
575 2469 606 2493 e.
638 2468 716 2505 qua
737 2468 850 2492 com-

121 2520 253 2545 meare
280 2515 320 2545 et
351 2511 564 2549 convenire
603 2525 643 2549 se
679 2513 851 2550 invicem

121 2566 329 2603 commodo
348 2574 560 2618 poterant,
592 2570 659 2620 qui
689 2570 851 2608 inhabi-

121 2624 262 2661 tabant
283 2625 453 2675 regiam3
490 2625 530 2664 ll.
552 2641 582 2665 e.
606 2629 752 2665 familia
782 2642 848 2666 re-

119 2682 179 2732 gia
202 2696 273 2733 per
296 2683 431 2733 plures
464 2684 624 2733 domos,
669 2692 713 2723 ut
742 2687 849 2737 apud

120 2740 340 2777 Homerum
361 2747 439 2788 est,
471 2743 535 2779 vel
553 2743 688 2793 palatii
715 2751 849 2795 partes

121 2798 309 2849 dispersa.
353 2796 465 2849 (usn-s·
492 2808 701 2849 let-lorum,
745 2801 784 2839 h.
815 2817 847 2840 c.

120 2856 249 2894 aditus
285 2863 501 2906 tet-lorum,
546 2864 632 2895 crat
664 2862 844 2908 pervilis,

119 2914 158 2952 h.
184 2928 215 2952 o.
237 2915 293 2952 ita
320 2915 507 2966 patebat,
539 2922 585 2954 ut
614 2929 663 2952 ex
697 2930 778 2953 uno
806 2918 845 2954 in

119 2973 290 3011 alterum
317 2974 488 3010 transire
512 2980 684 3025 possent.
716 2974 846 3012 Verba

919 1699 1059 1736 saltem
1090 1708 1302 1751 postesque
1342 1700 1471 1736 relieli
1507 1697 1651 1735 vellem

919 1758 1113 1795 abessent.
1159 1755 1309 1810 chlz.)
1356 1765 1490 1807 postes
1525 1756 1652 1793 relicti

918 1830 945 1852 α
980 1824 1114 1866 tet-go,
1165 1814 1205 1852 h.
1243 1828 1274 1853 e.
1310 1821 1452 1866 porta,
1496 1827 1597 1864 quae
1628 1827 1649 1850 a

916 1879 1025 1925 tergo
1055 1879 1161 1921 erat,
1206 1874 1389 1924 opposita
1427 1872 1506 1920 illi,
1548 1885 1649 1923 quae

916 1932 1033 1970 estin
1055 1931 1214 1968 aedium
1248 1932 1394 1970 fronte.
1455 1931 1514 1967 acl
1539 1944 1649 1967 soc-e-

913 2004 999 2037 rm,
1035 1989 1237 2027 Priamum
1260 1996 1300 2027 et
1325 1989 1556 2037 Hecubam,
1584 1987 1649 2040 (ut

912 2048 1018 2085 infra
1037 2048 1132 2089 579.
1149 2056 1288 2098 patres
1304 2078 1313 2095 ‚
1342 2048 1366 2086 i.
1388 2061 1419 2086 e.
1441 2053 1648 2099 parentes3

912 2106 994 2144 vid.
1014 2107 1192 2144 Gronov.
1216 2106 1267 2143 ad
1290 2107 1374 2144 Liv.
1392 2106 1420 2155 Ι,
1444 2108 1511 2147 39.
1533 2103 1645 2157 lVr.)

914 2164 1098 2201 trahebat
1118 2194 1129 2212 ,
1173 2164 1519 2202 accommodatum
1552 2163 1646 2200 bre-

914 2222 1031 2260 vibus
1059 2222 1176 2274 pueri
1204 2222 1422 2273 gressibus3
1458 2235 1532 2273 pro
1567 2221 1645 2258 du-

915 2281 1041 2318 cebat.
1101 2281 1167 2318 Sic
1184 2294 1271 2332 sup.
1287 2294 1326 2319 v.
1345 2283 1644 2330 320par11am-

914 2353 990 2390 que
1011 2347 1194 2388 nepotem
1216 2340 1311 2389 lpse
1334 2338 1471 2375 trahit.
1519 2337 1645 2389 (Haec

912 2396 1151 2435 Homericae
1190 2396 1412 2434 narrationi
1440 2395 1550 2434 Iliad.
1581 2395 1643 2444 VI,

910 2458 1006 2504 389,
1042 2455 1139 2496 467.
1182 2469 1264 2492 non
1305 2454 1532 2492 accuratius
1577 2467 1643 2491 re—

909 2512 1136 2564 spondent,
1183 2525 1303 2562 quam
1341 2513 1416 2549 alia
1453 2511 1580 2550 multa
1622 2525 1643 2547 a

908 2570 1073 2622 Virgilio
1120 2570 1314 2621 exposita.
1384 2570 1482 2606 Nam
1534 2569 1643 2621 apud

908 2629 1130 2667 Homerum
1160 2628 1301 2665 nutrix
1344 2628 1539 2664 infantem
1573 2639 1642 2677 ge>-

909 2693 999 2725 stat.
1025 2684 1176 2737 chll.)
1208 2686 1350 2731 evado,
1368 2700 1419 2722 sc.
1432 2685 1506 2721 hac
1524 2691 1642 2736 porta

906 2746 1105 2796 ingressus
1143 2744 1300 2794 regiam.
1362 2743 1457 2785 458.
1497 2743 1641 2780 Evado

907 2805 966 2841 acl
981 2802 1323 2853 summiJ'aslzgria
1338 2802 1523 2837 culminis,-
1544 2799 1640 2840 441.

908 2860 1003 2903 445.
1035 2860 1129 2898 tecti
1163 2860 1203 2896 in
1237 2859 1321 2910 ipso
1350 2858 1494 2896 domus
1528 2859 1641 2896 aditu

906 2933 951 2957 ae
973 2919 1135 2956 foribus.

976 2976 1059 3018 460
1079 2998 1135 3004 —
1154 2974 1249 3016 467.

1315 2976 1359 3011 ΙΙΙ
1404 2975 1638 3024 praecipiti,
