<?xml version="1.0" encoding="UTF-8"?>
<!DOCTYPE html PUBLIC "-//W3C//DTD XHTML 1.0 Transitional//EN"
    "http://www.w3.org/TR/xhtml1/DTD/xhtml1-transitional.dtd">
<html xmlns="http://www.w3.org/1999/xhtml" xml:lang="en" lang="en">
 <head>
  <title>
</title>
<meta http-equiv="Content-Type" content="text/html;charset=utf-8" />
  <meta name='ocr-system' content='tesseract 3.04.00' />
  <meta name='ocr-capabilities' content='ocr_page ocr_carea ocr_par ocr_line ocrx_word'/>
</head>
<body>
  <div class='ocr_page' id='page_1' title='image "./publiusvirgilius02virguoft_0569.png"; bbox 0 0 1811 3388; ppageno 0'>
   <div class='ocr_carea' id='block_1_1' title="bbox 489 211 1640 264">
    <p class='ocr_par' dir='ltr' id='par_1_1' title="bbox 489 211 1640 264">
     <span class='ocr_line' id='line_1_1' title="bbox 489 211 1640 264; baseline 0.002 -4"><span class='ocrx_word' id='word_1_1' title='bbox 489 213 609 260; x_wconf 86' lang='lat' dir='ltr'><strong>AD</strong></span> <span class='ocrx_word' id='word_1_2' title='bbox 682 211 1118 259; x_wconf 86' lang='lat' dir='ltr'><strong>LIBRUM</strong></span> <span class='ocrx_word' id='word_1_3' title='bbox 1189 211 1283 258; x_wconf 92' lang='lat' dir='ltr'><strong>III</strong></span> <span class='ocrx_word' id='word_1_4' title='bbox 1544 217 1640 264; x_wconf 87' lang='grc'><strong>561</strong></span> 
     </span>
    </p>
   </div>
   <div class='ocr_carea' id='block_1_2' title="bbox 133 336 1646 2910">
    <p class='ocr_par' dir='ltr' id='par_1_2' title="bbox 135 336 1646 507">
     <span class='ocr_line' id='line_1_2' title="bbox 136 336 1646 387; baseline -0.002 -9"><span class='ocrx_word' id='word_1_5' title='bbox 136 340 404 387; x_wconf 88' lang='lat' dir='ltr'><strong>montorium,</strong></span> <span class='ocrx_word' id='word_1_6' title='bbox 444 336 555 375; x_wconf 86' lang='lat' dir='ltr'>Asini</span> <span class='ocrx_word' id='word_1_7' title='bbox 587 336 811 385; x_wconf 79' lang='lat' dir='ltr'><strong>maxillam,</strong></span> <span class='ocrx_word' id='word_1_8' title='bbox 852 337 978 376; x_wconf 83' lang='lat' dir='ltr'><strong>tradit</strong></span> <span class='ocrx_word' id='word_1_9' title='bbox 1009 338 1159 376; x_wconf 79' lang='lat' dir='ltr'><strong>Cinadc&#39;</strong></span> <span class='ocrx_word' id='word_1_10' title='bbox 1178 345 1501 375; x_wconf 79' lang='lat' dir='ltr'><em>monumentum:</em></span> <span class='ocrx_word' id='word_1_11' title='bbox 1530 337 1646 380; x_wconf 73' lang='grc' dir='ltr'>’Ἐστι</span> 
     </span>
     <span class='ocr_line' id='line_1_3' title="bbox 137 389 1645 450; baseline -0.001 -12"><span class='ocrx_word' id='word_1_12' title='bbox 137 397 181 438; x_wconf 77' lang='grc' dir='ltr'><strong>δὲ</strong></span> <span class='ocrx_word' id='word_1_13' title='bbox 203 397 272 437; x_wconf 81' lang='grc' dir='ltr'><strong>καὶ</strong></span> <span class='ocrx_word' id='word_1_14' title='bbox 303 398 438 449; x_wconf 83' lang='grc' dir='ltr'><em>μνῆνα</em></span> <span class='ocrx_word' id='word_1_15' title='bbox 468 391 675 444; x_wconf 70' lang='grc' dir='ltr'><em>Κινάδου,</em></span> <span class='ocrx_word' id='word_1_16' title='bbox 715 410 815 441; x_wconf 82' lang='grc' dir='ltr'><strong><em>νεως</em></strong></span> <span class='ocrx_word' id='word_1_17' title='bbox 849 397 922 446; x_wconf 77' lang='grc' dir='ltr'><strong>τῆς</strong></span> <span class='ocrx_word' id='word_1_18' title='bbox 947 391 1167 435; x_wconf 75' lang='grc' dir='ltr'><strong><em>Μενελάου</em></strong></span> <span class='ocrx_word' id='word_1_19' title='bbox 1197 393 1267 436; x_wconf 82' lang='grc' dir='ltr'><strong>καὶ</strong></span> <span class='ocrx_word' id='word_1_20' title='bbox 1295 389 1414 443; x_wconf 73' lang='grc' dir='ltr'><em>οὗτος</em></span> <span class='ocrx_word' id='word_1_21' title='bbox 1444 393 1645 450; x_wconf 74' lang='grc' dir='ltr'><em>κυβερνή-</em></span> 
     </span>
     <span class='ocr_line' id='line_1_4' title="bbox 135 449 1102 507; baseline 0 -17"><span class='ocrx_word' id='word_1_22' title='bbox 135 471 208 507; x_wconf 78' lang='grc' dir='ltr'><strong>της</strong></span> <span class='ocrx_word' id='word_1_23' title='bbox 231 449 296 506; x_wconf 79' lang='grc' dir='ltr'><strong>ἦν.</strong></span> <span class='ocrx_word' id='word_1_24' title='bbox 354 451 536 491; x_wconf 84' lang='lat' dir='ltr'><strong>variavit</strong></span> <span class='ocrx_word' id='word_1_25' title='bbox 565 459 605 489; x_wconf 88' lang='lat' dir='ltr'><strong>et</strong></span> <span class='ocrx_word' id='word_1_26' title='bbox 634 453 675 490; x_wconf 91' lang='lat' dir='ltr'><strong>in</strong></span> <span class='ocrx_word' id='word_1_27' title='bbox 698 451 775 490; x_wconf 91' lang='lat' dir='ltr'><strong>hoc</strong></span> <span class='ocrx_word' id='word_1_28' title='bbox 801 452 966 502; x_wconf 86' lang='lat' dir='ltr'><strong>antiqua</strong></span> <span class='ocrx_word' id='word_1_29' title='bbox 984 453 1102 493; x_wconf 88' lang='lat' dir='ltr'><strong>sama.</strong></span> 
     </span>
    </p>

    <p class='ocr_par' dir='ltr' id='par_1_3' title="bbox 133 508 1646 2223">
     <span class='ocr_line' id='line_1_5' title="bbox 250 508 1645 548; baseline 0.001 -1"><span class='ocrx_word' id='word_1_30' title='bbox 250 510 337 547; x_wconf 89' lang='lat' dir='ltr'><strong>Alia</strong></span> <span class='ocrx_word' id='word_1_31' title='bbox 361 510 439 548; x_wconf 79' lang='lat' dir='ltr'><strong>fuit</strong></span> <span class='ocrx_word' id='word_1_32' title='bbox 461 509 595 547; x_wconf 86' lang='lat' dir='ltr'><strong>sabula</strong></span> <span class='ocrx_word' id='word_1_33' title='bbox 625 509 673 547; x_wconf 88' lang='lat' dir='ltr'><strong>de</strong></span> <span class='ocrx_word' id='word_1_34' title='bbox 693 508 848 547; x_wconf 85' lang='lat' dir='ltr'><strong>Aeneae</strong></span> <span class='ocrx_word' id='word_1_35' title='bbox 869 510 919 547; x_wconf 86' lang='lat' dir='ltr'><strong>ad</strong></span> <span class='ocrx_word' id='word_1_36' title='bbox 939 511 1164 548; x_wconf 72' lang='lat' dir='ltr'><strong>Arcadiam</strong></span> <span class='ocrx_word' id='word_1_37' title='bbox 1195 522 1354 548; x_wconf 89' lang='lat' dir='ltr'><strong>accessu</strong></span> <span class='ocrx_word' id='word_1_38' title='bbox 1381 515 1421 547; x_wconf 90' lang='lat' dir='ltr'><strong>et</strong></span> <span class='ocrx_word' id='word_1_39' title='bbox 1450 508 1645 548; x_wconf 80' lang='lat' dir='ltr'><strong>Anchisae</strong></span> 
     </span>
     <span class='ocr_line' id='line_1_6' title="bbox 136 566 1644 618; baseline -0.001 -13"><span class='ocrx_word' id='word_1_40' title='bbox 136 569 175 605; x_wconf 91' lang='lat' dir='ltr'><strong>in</strong></span> <span class='ocrx_word' id='word_1_41' title='bbox 203 568 249 605; x_wconf 91' lang='lat' dir='ltr'><strong>iis</strong></span> <span class='ocrx_word' id='word_1_42' title='bbox 285 567 380 604; x_wconf 89' lang='lat' dir='ltr'><strong>locis</strong></span> <span class='ocrx_word' id='word_1_43' title='bbox 413 567 633 618; x_wconf 71' lang='lat' dir='ltr'><strong>sepultura.</strong></span> <span class='ocrx_word' id='word_1_44' title='bbox 699 567 836 605; x_wconf 87' lang='lat' dir='ltr'><strong>Fuisse</strong></span> <span class='ocrx_word' id='word_1_45' title='bbox 871 567 1022 606; x_wconf 86' lang='lat' dir='ltr'><strong>scilicet</strong></span> <span class='ocrx_word' id='word_1_46' title='bbox 1053 568 1225 618; x_wconf 82' lang='lat' dir='ltr'><strong>aliquem</strong></span> <span class='ocrx_word' id='word_1_47' title='bbox 1262 566 1442 618; x_wconf 86' lang='lat' dir='ltr'><strong>suspicor</strong></span> <span class='ocrx_word' id='word_1_48' title='bbox 1470 573 1644 618; x_wconf 84' lang='lat' dir='ltr'><strong>poetam,</strong></span> 
     </span>
     <span class='ocr_line' id='line_1_7' title="bbox 136 623 1645 676; baseline 0.001 -14"><span class='ocrx_word' id='word_1_49' title='bbox 136 625 204 675; x_wconf 87' lang='lat' dir='ltr'><strong>qui</strong></span> <span class='ocrx_word' id='word_1_50' title='bbox 230 624 330 662; x_wconf 89' lang='lat' dir='ltr'><strong>haec</strong></span> <span class='ocrx_word' id='word_1_51' title='bbox 347 625 403 662; x_wconf 89' lang='lat' dir='ltr'><strong>ita</strong></span> <span class='ocrx_word' id='word_1_52' title='bbox 425 630 656 673; x_wconf 77' lang='lat' dir='ltr'><strong>tractasset,</strong></span> <span class='ocrx_word' id='word_1_53' title='bbox 688 631 759 662; x_wconf 91' lang='lat' dir='ltr'><strong>aut</strong></span> <span class='ocrx_word' id='word_1_54' title='bbox 783 625 939 674; x_wconf 85' lang='lat' dir='ltr'><strong>samam,</strong></span> <span class='ocrx_word' id='word_1_55' title='bbox 971 639 1071 676; x_wconf 89' lang='lat' dir='ltr'><strong>quae</strong></span> <span class='ocrx_word' id='word_1_56' title='bbox 1091 626 1145 663; x_wconf 92' lang='lat' dir='ltr'><strong>ita</strong></span> <span class='ocrx_word' id='word_1_57' title='bbox 1172 623 1272 662; x_wconf 89' lang='lat' dir='ltr'><strong>haec</strong></span> <span class='ocrx_word' id='word_1_58' title='bbox 1294 625 1431 672; x_wconf 86' lang='lat' dir='ltr'><strong>ferret,</strong></span> <span class='ocrx_word' id='word_1_59' title='bbox 1464 630 1523 673; x_wconf 86' lang='lat' dir='ltr'><strong>ut,</strong></span> <span class='ocrx_word' id='word_1_60' title='bbox 1555 638 1645 663; x_wconf 90' lang='lat' dir='ltr'><strong>cum</strong></span> 
     </span>
     <span class='ocr_line' id='line_1_8' title="bbox 135 681 1646 734; baseline 0 -14"><span class='ocrx_word' id='word_1_61' title='bbox 135 681 445 730; x_wconf 67' lang='lat' dir='ltr'><strong>Samothraciam,</strong></span> <span class='ocrx_word' id='word_1_62' title='bbox 476 682 654 732; x_wconf 88' lang='lat' dir='ltr'><strong>adeoque</strong></span> <span class='ocrx_word' id='word_1_63' title='bbox 674 688 714 719; x_wconf 88' lang='lat' dir='ltr'><strong>et</strong></span> <span class='ocrx_word' id='word_1_64' title='bbox 736 683 1016 731; x_wconf 81' lang='lat' dir='ltr'><strong>Troianorum,</strong></span> <span class='ocrx_word' id='word_1_65' title='bbox 1049 683 1219 734; x_wconf 86' lang='lat' dir='ltr'><strong>origines</strong></span> <span class='ocrx_word' id='word_1_66' title='bbox 1245 682 1376 733; x_wconf 87' lang='lat' dir='ltr'><strong>prisca</strong></span> <span class='ocrx_word' id='word_1_67' title='bbox 1397 681 1527 731; x_wconf 89' lang='lat' dir='ltr'><strong>aliqua</strong></span> <span class='ocrx_word' id='word_1_68' title='bbox 1549 696 1646 720; x_wconf 88' lang='lat' dir='ltr'><strong>nar-</strong></span> 
     </span>
     <span class='ocr_line' id='line_1_9' title="bbox 134 738 1646 792; baseline 0 -16"><span class='ocrx_word' id='word_1_69' title='bbox 134 739 290 777; x_wconf 85' lang='lat' dir='ltr'><strong>ratione</strong></span> <span class='ocrx_word' id='word_1_70' title='bbox 315 739 367 777; x_wconf 89' lang='lat' dir='ltr'><strong>ad</strong></span> <span class='ocrx_word' id='word_1_71' title='bbox 401 739 576 777; x_wconf 86' lang='lat' dir='ltr'><strong>Arcades</strong></span> <span class='ocrx_word' id='word_1_72' title='bbox 607 739 856 777; x_wconf 86' lang='lat' dir='ltr'><strong>referrentur</strong></span> <span class='ocrx_word' id='word_1_73' title='bbox 888 738 943 792; x_wconf 91' lang='lat' dir='ltr'><strong>(v.</strong></span> <span class='ocrx_word' id='word_1_74' title='bbox 966 741 1128 792; x_wconf 83' lang='lat' dir='ltr'><strong>DionyS.</strong></span> <span class='ocrx_word' id='word_1_75' title='bbox 1148 740 1178 788; x_wconf 87' lang='lat' dir='ltr'><strong>I,</strong></span> <span class='ocrx_word' id='word_1_76' title='bbox 1208 743 1275 787; x_wconf 86' lang='lat'><strong>61,</strong></span> <span class='ocrx_word' id='word_1_77' title='bbox 1307 741 1373 789; x_wconf 88' lang='lat'><strong>68,</strong></span> <span class='ocrx_word' id='word_1_78' title='bbox 1406 741 1473 787; x_wconf 87' lang='lat'><strong>69,</strong></span> <span class='ocrx_word' id='word_1_79' title='bbox 1503 739 1569 776; x_wconf 90' lang='lat' dir='ltr'><strong>ubi</strong></span> <span class='ocrx_word' id='word_1_80' title='bbox 1597 739 1646 777; x_wconf 88' lang='lat' dir='ltr'><strong>de</strong></span> 
     </span>
     <span class='ocr_line' id='line_1_10' title="bbox 135 796 1645 848; baseline 0.001 -14"><span class='ocrx_word' id='word_1_81' title='bbox 135 797 349 835; x_wconf 83' lang='lat' dir='ltr'><strong>Penatibus</strong></span> <span class='ocrx_word' id='word_1_82' title='bbox 371 797 464 848; x_wconf 85' lang='lat' dir='ltr'><strong>agit,</strong></span> <span class='ocrx_word' id='word_1_83' title='bbox 492 796 600 835; x_wconf 89' lang='lat' dir='ltr'><strong>unde</strong></span> <span class='ocrx_word' id='word_1_84' title='bbox 619 797 738 834; x_wconf 89' lang='lat' dir='ltr'><strong>etiam</strong></span> <span class='ocrx_word' id='word_1_85' title='bbox 759 797 994 848; x_wconf 83' lang='lat' dir='ltr'><strong>explicanda</strong></span> <span class='ocrx_word' id='word_1_86' title='bbox 1013 797 1079 835; x_wconf 87' lang='lat' dir='ltr'><strong>illa</strong></span> <span class='ocrx_word' id='word_1_87' title='bbox 1092 797 1295 836; x_wconf 85' lang='lat' dir='ltr'><strong>Arcadum</strong></span> <span class='ocrx_word' id='word_1_88' title='bbox 1312 803 1352 835; x_wconf 87' lang='lat' dir='ltr'><strong>et</strong></span> <span class='ocrx_word' id='word_1_89' title='bbox 1376 796 1645 835; x_wconf 86' lang='lat' dir='ltr'><strong>Troianorum</strong></span> 
     </span>
     <span class='ocr_line' id='line_1_11' title="bbox 136 853 1644 908; baseline -0.002 -14"><span class='ocrx_word' id='word_1_90' title='bbox 136 853 343 908; x_wconf 78' lang='grc' dir='ltr'><em>συγγένεια</em></span> <span class='ocrx_word' id='word_1_91' title='bbox 368 868 400 892; x_wconf 89' lang='lat' dir='ltr'><strong>c.</strong></span> <span class='ocrx_word' id='word_1_92' title='bbox 422 856 476 896; x_wconf 85' lang='lat'><strong>50</strong></span> <span class='ocrx_word' id='word_1_93' title='bbox 499 861 732 903; x_wconf 83' lang='lat' dir='ltr'><strong>memorata,</strong></span> <span class='ocrx_word' id='word_1_94' title='bbox 754 868 873 905; x_wconf 87' lang='lat' dir='ltr'><strong>quam</strong></span> <span class='ocrx_word' id='word_1_95' title='bbox 892 868 1104 894; x_wconf 87' lang='lat' dir='ltr'><strong>renovasse</strong></span> <span class='ocrx_word' id='word_1_96' title='bbox 1130 855 1322 893; x_wconf 83' lang='lat' dir='ltr'><strong>dicuntur</strong></span> <span class='ocrx_word' id='word_1_97' title='bbox 1344 860 1433 892; x_wconf 82' lang='lat' dir='ltr'><strong>tum</strong></span> <span class='ocrx_word' id='word_1_98' title='bbox 1451 854 1644 908; x_wconf 79' lang='lat' dir='ltr'><strong>Troiani),</strong></span> 
     </span>
     <span class='ocr_line' id='line_1_12' title="bbox 134 910 1645 962; baseline 0.001 -13"><span class='ocrx_word' id='word_1_99' title='bbox 134 911 308 949; x_wconf 89' lang='lat' dir='ltr'><strong>Aeneam</strong></span> <span class='ocrx_word' id='word_1_100' title='bbox 335 925 425 949; x_wconf 90' lang='lat' dir='ltr'><strong>cum</strong></span> <span class='ocrx_word' id='word_1_101' title='bbox 456 910 628 949; x_wconf 88' lang='lat' dir='ltr'><strong>Anchise</strong></span> <span class='ocrx_word' id='word_1_102' title='bbox 659 912 700 949; x_wconf 90' lang='lat' dir='ltr'><strong>in</strong></span> <span class='ocrx_word' id='word_1_103' title='bbox 731 912 911 962; x_wconf 85' lang='lat' dir='ltr'><strong>antiquas</strong></span> <span class='ocrx_word' id='word_1_104' title='bbox 935 914 1127 951; x_wconf 85' lang='lat' dir='ltr'><strong>Arcadiae</strong></span> <span class='ocrx_word' id='word_1_105' title='bbox 1159 912 1270 950; x_wconf 87' lang='lat' dir='ltr'><strong>sedes</strong></span> <span class='ocrx_word' id='word_1_106' title='bbox 1290 911 1520 959; x_wconf 74' lang='lat' dir='ltr'><strong>reduceret,</strong></span> <span class='ocrx_word' id='word_1_107' title='bbox 1555 926 1645 950; x_wconf 86' lang='lat' dir='ltr'><strong>cum</strong></span> 
     </span>
     <span class='ocr_line' id='line_1_13' title="bbox 135 967 1643 1022; baseline -0.001 -15"><span class='ocrx_word' id='word_1_108' title='bbox 135 983 221 1007; x_wconf 86' lang='lat' dir='ltr'><strong>sors</strong></span> <span class='ocrx_word' id='word_1_109' title='bbox 251 976 351 1006; x_wconf 83' lang='lat' dir='ltr'><strong>esset</strong></span> <span class='ocrx_word' id='word_1_110' title='bbox 370 969 486 1017; x_wconf 86' lang='lat' dir='ltr'><strong>(lata,</strong></span> <span class='ocrx_word' id='word_1_111' title='bbox 517 977 561 1006; x_wconf 82' lang='lat' dir='ltr'><strong>ut</strong></span> <span class='ocrx_word' id='word_1_112' title='bbox 592 972 804 1020; x_wconf 77' lang='lat' dir='ltr'><strong>antiquam</strong></span> <span class='ocrx_word' id='word_1_113' title='bbox 833 979 1000 1008; x_wconf 79' lang='lat' dir='ltr'><strong>matrem</strong></span> <span class='ocrx_word' id='word_1_114' title='bbox 1031 973 1247 1022; x_wconf 76' lang='lat' dir='ltr'><strong>exquireret</strong></span> <span class='ocrx_word' id='word_1_115' title='bbox 1273 967 1337 1022; x_wconf 88' lang='lat' dir='ltr'><strong>(ut</strong></span> <span class='ocrx_word' id='word_1_116' title='bbox 1358 969 1454 1008; x_wconf 89' lang='lat' dir='ltr'><strong>Aen.</strong></span> <span class='ocrx_word' id='word_1_117' title='bbox 1477 969 1524 1017; x_wconf 93' lang='lat' dir='ltr'><strong>II,</strong></span> <span class='ocrx_word' id='word_1_118' title='bbox 1556 968 1643 1021; x_wconf 81' lang='grc'>96).</span> 
     </span>
     <span class='ocr_line' id='line_1_14' title="bbox 134 1026 1645 1077; baseline -0.001 -13"><span class='ocrx_word' id='word_1_119' title='bbox 134 1027 249 1064; x_wconf 87' lang='lat' dir='ltr'><strong>Certe</strong></span> <span class='ocrx_word' id='word_1_120' title='bbox 275 1039 325 1063; x_wconf 76' lang='lat' dir='ltr'><strong>ex</strong></span> <span class='ocrx_word' id='word_1_121' title='bbox 346 1026 421 1064; x_wconf 92' lang='lat' dir='ltr'><strong>alio</strong></span> <span class='ocrx_word' id='word_1_122' title='bbox 442 1026 658 1064; x_wconf 84' lang='lat' dir='ltr'><strong>Pausaniae</strong></span> <span class='ocrx_word' id='word_1_123' title='bbox 679 1026 766 1064; x_wconf 87' lang='lat' dir='ltr'><strong>loco</strong></span> <span class='ocrx_word' id='word_1_124' title='bbox 797 1027 865 1065; x_wconf 91' lang='lat' dir='ltr'><strong>lib.</strong></span> <span class='ocrx_word' id='word_1_125' title='bbox 889 1027 988 1077; x_wconf 85' lang='lat' dir='ltr'><strong>VIII,</strong></span> <span class='ocrx_word' id='word_1_126' title='bbox 1021 1031 1085 1070; x_wconf 77' lang='lat'><strong>12.</strong></span> <span class='ocrx_word' id='word_1_127' title='bbox 1105 1029 1132 1066; x_wconf 88' lang='lat' dir='ltr'><strong>f.</strong></span> <span class='ocrx_word' id='word_1_128' title='bbox 1165 1028 1371 1076; x_wconf 75' lang='lat' dir='ltr'><strong>discimus,</strong></span> <span class='ocrx_word' id='word_1_129' title='bbox 1402 1026 1645 1064; x_wconf 76' lang='lat' dir='ltr'><strong>Atzclzist&#39;um</strong></span> 
     </span>
     <span class='ocr_line' id='line_1_15' title="bbox 135 1079 1644 1137; baseline 0.001 -16"><span class='ocrx_word' id='word_1_130' title='bbox 135 1092 306 1122; x_wconf 87' lang='lat' dir='ltr'><strong>montem</strong></span> <span class='ocrx_word' id='word_1_131' title='bbox 330 1082 376 1136; x_wconf 76' lang='grc' dir='ltr'><strong>(ἦ</strong></span> <span class='ocrx_word' id='word_1_132' title='bbox 403 1079 580 1136; x_wconf 78' lang='grc' dir='ltr'><em>Ἀγχισία</em></span> <span class='ocrx_word' id='word_1_133' title='bbox 599 1081 711 1137; x_wconf 78' lang='grc' dir='ltr'>ὅρος)</span> <span class='ocrx_word' id='word_1_134' title='bbox 736 1090 777 1122; x_wconf 85' lang='lat' dir='ltr'><strong>et</strong></span> <span class='ocrx_word' id='word_1_135' title='bbox 795 1085 1000 1123; x_wconf 75' lang='lat' dir='ltr'><strong>Anchisae</strong></span> <span class='ocrx_word' id='word_1_136' title='bbox 1025 1086 1250 1135; x_wconf 73' lang='lat' dir='ltr'><strong>sepulcrum</strong></span> <span class='ocrx_word' id='word_1_137' title='bbox 1268 1085 1374 1122; x_wconf 90' lang='lat' dir='ltr'><strong>inter</strong></span> <span class='ocrx_word' id='word_1_138' title='bbox 1400 1084 1644 1122; x_wconf 75' lang='lat' dir='ltr'><strong>Mantineam</strong></span> 
     </span>
     <span class='ocr_line' id='line_1_16' title="bbox 135 1140 1644 1181; baseline 0 -3"><span class='ocrx_word' id='word_1_139' title='bbox 135 1147 175 1179; x_wconf 87' lang='lat' dir='ltr'><strong>et</strong></span> <span class='ocrx_word' id='word_1_140' title='bbox 202 1140 500 1179; x_wconf 83' lang='lat' dir='ltr'><strong>Orchomenum</strong></span> <span class='ocrx_word' id='word_1_141' title='bbox 525 1140 719 1179; x_wconf 86' lang='lat' dir='ltr'><strong>Arcadiae</strong></span> <span class='ocrx_word' id='word_1_142' title='bbox 740 1148 1009 1180; x_wconf 86' lang='lat' dir='ltr'><strong>monstratum</strong></span> <span class='ocrx_word' id='word_1_143' title='bbox 1027 1143 1158 1181; x_wconf 85' lang='lat' dir='ltr'><strong>fuisse.</strong></span> <span class='ocrx_word' id='word_1_144' title='bbox 1221 1143 1321 1180; x_wconf 75' lang='lat' dir='ltr'><strong>Cum</strong></span> <span class='ocrx_word' id='word_1_145' title='bbox 1355 1143 1460 1179; x_wconf 77' lang='lat' dir='ltr'><strong>enim</strong></span> <span class='ocrx_word' id='word_1_146' title='bbox 1485 1144 1526 1178; x_wconf 75' lang='lat' dir='ltr'><strong>in</strong></span> <span class='ocrx_word' id='word_1_147' title='bbox 1553 1143 1644 1178; x_wconf 71' lang='lat' dir='ltr'><strong>sinu</strong></span> 
     </span>
     <span class='ocr_line' id='line_1_17' title="bbox 136 1198 1644 1249; baseline -0.001 -13"><span class='ocrx_word' id='word_1_148' title='bbox 136 1200 353 1247; x_wconf 79' lang='lat' dir='ltr'><strong>Boeatico,</strong></span> <span class='ocrx_word' id='word_1_149' title='bbox 397 1212 514 1249; x_wconf 90' lang='lat' dir='ltr'><strong>quem</strong></span> <span class='ocrx_word' id='word_1_150' title='bbox 542 1198 662 1236; x_wconf 84' lang='lat' dir='ltr'><strong>modo</strong></span> <span class='ocrx_word' id='word_1_151' title='bbox 693 1199 1010 1248; x_wconf 88' lang='lat' dir='ltr'><strong>nominavimus,</strong></span> <span class='ocrx_word' id='word_1_152' title='bbox 1056 1200 1315 1237; x_wconf 59' lang='lat' dir='ltr'><strong>ascendissent</strong></span> <span class='ocrx_word' id='word_1_153' title='bbox 1326 1228 1336 1246; x_wconf 94' lang='lat'><strong>,</strong></span> <span class='ocrx_word' id='word_1_154' title='bbox 1377 1199 1572 1235; x_wconf 76' lang='lat' dir='ltr'><strong>Anchi-scs</strong></span> <span class='ocrx_word' id='word_1_155' title='bbox 1602 1201 1644 1235; x_wconf 81' lang='lat' dir='ltr'><strong>in</strong></span> 
     </span>
     <span class='ocr_line' id='line_1_18' title="bbox 136 1255 1643 1308; baseline -0.001 -14"><span class='ocrx_word' id='word_1_156' title='bbox 136 1271 184 1294; x_wconf 83' lang='lat' dir='ltr'><strong>ea</strong></span> <span class='ocrx_word' id='word_1_157' title='bbox 222 1257 312 1293; x_wconf 84' lang='lat' dir='ltr'><strong>loca</strong></span> <span class='ocrx_word' id='word_1_158' title='bbox 345 1270 581 1308; x_wconf 76' lang='lat' dir='ltr'><strong>quacunque</strong></span> <span class='ocrx_word' id='word_1_159' title='bbox 610 1257 658 1293; x_wconf 77' lang='lat' dir='ltr'><strong>cte</strong></span> <span class='ocrx_word' id='word_1_160' title='bbox 694 1271 840 1294; x_wconf 75' lang='lat' dir='ltr'><strong>caussa</strong></span> <span class='ocrx_word' id='word_1_161' title='bbox 861 1257 1068 1308; x_wconf 72' lang='lat' dir='ltr'><strong>profectas</strong></span> <span class='ocrx_word' id='word_1_162' title='bbox 1103 1258 1208 1294; x_wconf 76' lang='lat' dir='ltr'><strong>diem</strong></span> <span class='ocrx_word' id='word_1_163' title='bbox 1238 1270 1356 1294; x_wconf 72' lang='lat' dir='ltr'><strong>saum</strong></span> <span class='ocrx_word' id='word_1_164' title='bbox 1388 1256 1482 1293; x_wconf 73' lang='lat' dir='ltr'><strong>obiit</strong></span> <span class='ocrx_word' id='word_1_165' title='bbox 1511 1255 1643 1307; x_wconf 71' lang='lat' dir='ltr'><strong>ibique</strong></span> 
     </span>
     <span class='ocr_line' id='line_1_19' title="bbox 135 1313 1646 1365; baseline -0.001 -15"><span class='ocrx_word' id='word_1_166' title='bbox 135 1321 191 1351; x_wconf 76' lang='lat' dir='ltr'><strong>est</strong></span> <span class='ocrx_word' id='word_1_167' title='bbox 213 1314 403 1363; x_wconf 77' lang='lat' dir='ltr'><strong>sepultus.</strong></span> <span class='ocrx_word' id='word_1_168' title='bbox 438 1335 494 1342; x_wconf 91' lang='lat'>—</span> <span class='ocrx_word' id='word_1_169' title='bbox 524 1314 724 1351; x_wconf 73' lang='lat' dir='ltr'><strong>Adiacent</strong></span> <span class='ocrx_word' id='word_1_170' title='bbox 742 1314 946 1351; x_wconf 72' lang='lat' dir='ltr'><strong>Anchisae</strong></span> <span class='ocrx_word' id='word_1_171' title='bbox 966 1316 1145 1365; x_wconf 78' lang='lat' dir='ltr'><strong>sepulcro</strong></span> <span class='ocrx_word' id='word_1_172' title='bbox 1166 1315 1306 1364; x_wconf 70' lang='lat' dir='ltr'><strong>templi</strong></span> <span class='ocrx_word' id='word_1_173' title='bbox 1317 1344 1326 1362; x_wconf 90' lang='lat'><strong>,</strong></span> <span class='ocrx_word' id='word_1_174' title='bbox 1374 1315 1482 1364; x_wconf 78' lang='lat' dir='ltr'><strong>quod</strong></span> <span class='ocrx_word' id='word_1_175' title='bbox 1502 1313 1646 1350; x_wconf 58' lang='lat' dir='ltr'><strong>Venere</strong></span> 
     </span>
     <span class='ocr_line' id='line_1_20' title="bbox 135 1370 1641 1421; baseline -0.001 -13"><span class='ocrx_word' id='word_1_176' title='bbox 135 1371 314 1408; x_wconf 78' lang='lat' dir='ltr'><strong>dicatum</strong></span> <span class='ocrx_word' id='word_1_177' title='bbox 335 1370 446 1421; x_wconf 71' lang='lat' dir='ltr'><strong>filit,</strong></span> <span class='ocrx_word' id='word_1_178' title='bbox 487 1372 638 1408; x_wconf 77' lang='lat' dir='ltr'><strong>rainae.</strong></span> <span class='ocrx_word' id='word_1_179' title='bbox 698 1371 969 1409; x_wconf 87' lang='lat' dir='ltr'><strong>Consentanea</strong></span> <span class='ocrx_word' id='word_1_180' title='bbox 1002 1371 1063 1409; x_wconf 89' lang='lat' dir='ltr'><strong>his</strong></span> <span class='ocrx_word' id='word_1_181' title='bbox 1094 1378 1316 1409; x_wconf 64' lang='lat' dir='ltr'><strong>occurrunt</strong></span> <span class='ocrx_word' id='word_1_182' title='bbox 1344 1371 1450 1421; x_wconf 85' lang='lat' dir='ltr'><strong>apud</strong></span> <span class='ocrx_word' id='word_1_183' title='bbox 1482 1370 1641 1421; x_wconf 83' lang='lat' dir='ltr'><strong>Dionys.</strong></span> 
     </span>
     <span class='ocr_line' id='line_1_21' title="bbox 134 1427 1642 1481; baseline -0.001 -16"><span class='ocrx_word' id='word_1_184' title='bbox 134 1428 260 1465; x_wconf 89' lang='lat' dir='ltr'><strong>Halic.</strong></span> <span class='ocrx_word' id='word_1_185' title='bbox 283 1427 312 1476; x_wconf 88' lang='grc' dir='ltr'><strong>Ι,</strong></span> <span class='ocrx_word' id='word_1_186' title='bbox 343 1427 421 1477; x_wconf 78' lang='lat'><strong>493</strong></span> <span class='ocrx_word' id='word_1_187' title='bbox 452 1441 543 1465; x_wconf 88' lang='lat' dir='ltr'><strong>nam</strong></span> <span class='ocrx_word' id='word_1_188' title='bbox 570 1434 610 1465; x_wconf 88' lang='lat' dir='ltr'><strong>et</strong></span> <span class='ocrx_word' id='word_1_189' title='bbox 631 1428 685 1465; x_wconf 91' lang='lat' dir='ltr'><strong>ibi</strong></span> <span class='ocrx_word' id='word_1_190' title='bbox 703 1442 795 1479; x_wconf 89' lang='lat' dir='ltr'><strong>pars</strong></span> <span class='ocrx_word' id='word_1_191' title='bbox 817 1430 1058 1481; x_wconf 88' lang='lat' dir='ltr'><strong>scriptorum</strong></span> <span class='ocrx_word' id='word_1_192' title='bbox 1081 1428 1255 1466; x_wconf 88' lang='lat' dir='ltr'><strong>Aeneam</strong></span> <span class='ocrx_word' id='word_1_193' title='bbox 1274 1429 1315 1466; x_wconf 91' lang='lat' dir='ltr'><strong>in</strong></span> <span class='ocrx_word' id='word_1_194' title='bbox 1336 1428 1544 1465; x_wconf 82' lang='lat' dir='ltr'><strong>Arcadiam</strong></span> <span class='ocrx_word' id='word_1_195' title='bbox 1567 1428 1642 1464; x_wconf 86' lang='lat' dir='ltr'><strong>ad-</strong></span> 
     </span>
     <span class='ocr_line' id='line_1_22' title="bbox 136 1484 1643 1533; baseline 0 -11"><span class='ocrx_word' id='word_1_196' title='bbox 136 1485 296 1523; x_wconf 71' lang='lat' dir='ltr'><strong>duxisse</strong></span> <span class='ocrx_word' id='word_1_197' title='bbox 334 1491 603 1533; x_wconf 85' lang='lat' dir='ltr'><strong>memoratur,</strong></span> <span class='ocrx_word' id='word_1_198' title='bbox 649 1491 695 1523; x_wconf 87' lang='lat' dir='ltr'><strong>ut</strong></span> <span class='ocrx_word' id='word_1_199' title='bbox 731 1486 1020 1524; x_wconf 75' lang='lat' dir='ltr'><strong>Orchomenum</strong></span> <span class='ocrx_word' id='word_1_200' title='bbox 1064 1492 1103 1524; x_wconf 86' lang='lat' dir='ltr'><strong>et</strong></span> <span class='ocrx_word' id='word_1_201' title='bbox 1138 1488 1298 1524; x_wconf 74' lang='lat' dir='ltr'><strong>Nesum</strong></span> <span class='ocrx_word' id='word_1_202' title='bbox 1333 1484 1577 1523; x_wconf 82' lang='lat' dir='ltr'><strong>inhabitaret</strong></span> <span class='ocrx_word' id='word_1_203' title='bbox 1603 1491 1643 1522; x_wconf 89' lang='lat' dir='ltr'><strong>et</strong></span> 
     </span>
     <span class='ocr_line' id='line_1_23' title="bbox 137 1542 1643 1594; baseline 0 -15"><span class='ocrx_word' id='word_1_204' title='bbox 137 1543 328 1594; x_wconf 82' lang='lat' dir='ltr'><strong>Caplzyas</strong></span> <span class='ocrx_word' id='word_1_205' title='bbox 373 1542 480 1594; x_wconf 85' lang='lat' dir='ltr'><strong>apud</strong></span> <span class='ocrx_word' id='word_1_206' title='bbox 515 1542 758 1581; x_wconf 85' lang='lat' dir='ltr'><strong>Mantineam</strong></span> <span class='ocrx_word' id='word_1_207' title='bbox 801 1544 1014 1592; x_wconf 81' lang='lat' dir='ltr'><strong>conderet,</strong></span> <span class='ocrx_word' id='word_1_208' title='bbox 1082 1558 1104 1581; x_wconf 87' lang='lat' dir='ltr'><strong>a</strong></span> <span class='ocrx_word' id='word_1_209' title='bbox 1149 1544 1257 1594; x_wconf 85' lang='lat' dir='ltr'><strong>Capy</strong></span> <span class='ocrx_word' id='word_1_210' title='bbox 1294 1543 1467 1580; x_wconf 88' lang='lat' dir='ltr'><strong>Troiano</strong></span> <span class='ocrx_word' id='word_1_211' title='bbox 1519 1542 1643 1580; x_wconf 88' lang='lat' dir='ltr'><strong>dictas</strong></span> 
     </span>
     <span class='ocr_line' id='line_1_24' title="bbox 135 1600 1644 1653; baseline -0.001 -16"><span class='ocrx_word' id='word_1_212' title='bbox 135 1600 230 1650; x_wconf 90' lang='lat' dir='ltr'><strong>(hoc</strong></span> <span class='ocrx_word' id='word_1_213' title='bbox 266 1606 307 1637; x_wconf 88' lang='lat' dir='ltr'><strong>et</strong></span> <span class='ocrx_word' id='word_1_214' title='bbox 338 1600 483 1638; x_wconf 88' lang='lat' dir='ltr'><strong>Strabo</strong></span> <span class='ocrx_word' id='word_1_215' title='bbox 514 1600 636 1637; x_wconf 88' lang='lat' dir='ltr'><strong>habet</strong></span> <span class='ocrx_word' id='word_1_216' title='bbox 672 1601 738 1639; x_wconf 88' lang='lat' dir='ltr'><strong>lib.</strong></span> <span class='ocrx_word' id='word_1_217' title='bbox 763 1601 870 1650; x_wconf 89' lang='lat' dir='ltr'><strong>XIII,</strong></span> <span class='ocrx_word' id='word_1_218' title='bbox 901 1616 939 1653; x_wconf 91' lang='lat' dir='ltr'><strong>p.</strong></span> <span class='ocrx_word' id='word_1_219' title='bbox 968 1601 1124 1650; x_wconf 87' lang='lat' dir='ltr'><strong>608A,</strong></span> <span class='ocrx_word' id='word_1_220' title='bbox 1157 1608 1198 1639; x_wconf 90' lang='lat' dir='ltr'><strong>at</strong></span> <span class='ocrx_word' id='word_1_221' title='bbox 1222 1600 1449 1652; x_wconf 86' lang='lat' dir='ltr'><strong>Stephanus</strong></span> <span class='ocrx_word' id='word_1_222' title='bbox 1479 1600 1572 1651; x_wconf 81' lang='lat' dir='ltr'><strong>By.z</strong></span> <span class='ocrx_word' id='word_1_223' title='bbox 1602 1600 1644 1637; x_wconf 90' lang='lat' dir='ltr'><strong>in</strong></span> 
     </span>
     <span class='ocr_line' id='line_1_25' title="bbox 137 1652 1644 1712; baseline -0.003 -15"><span class='ocrx_word' id='word_1_224' title='bbox 137 1652 310 1708; x_wconf 81' lang='grc' dir='ltr'><em>Καφύαι</em></span> <span class='ocrx_word' id='word_1_225' title='bbox 337 1670 359 1693; x_wconf 88' lang='lat' dir='ltr'><strong>a</strong></span> <span class='ocrx_word' id='word_1_226' title='bbox 386 1658 517 1708; x_wconf 87' lang='lat' dir='ltr'><strong>Capy,</strong></span> <span class='ocrx_word' id='word_1_227' title='bbox 548 1657 742 1696; x_wconf 88' lang='lat' dir='ltr'><strong>Anchisae</strong></span> <span class='ocrx_word' id='word_1_228' title='bbox 769 1657 911 1712; x_wconf 87' lang='lat' dir='ltr'><strong>patre),</strong></span> <span class='ocrx_word' id='word_1_229' title='bbox 942 1659 1010 1697; x_wconf 86' lang='lat' dir='ltr'><strong>sed</strong></span> <span class='ocrx_word' id='word_1_230' title='bbox 1042 1659 1106 1696; x_wconf 90' lang='lat' dir='ltr'><strong>alii</strong></span> <span class='ocrx_word' id='word_1_231' title='bbox 1133 1672 1223 1696; x_wconf 88' lang='lat' dir='ltr'><strong>eum</strong></span> <span class='ocrx_word' id='word_1_232' title='bbox 1242 1658 1293 1695; x_wconf 86' lang='lat' dir='ltr'><strong>ibi</strong></span> <span class='ocrx_word' id='word_1_233' title='bbox 1327 1663 1545 1706; x_wconf 88' lang='lat' dir='ltr'><strong>mortuum,</strong></span> <span class='ocrx_word' id='word_1_234' title='bbox 1577 1657 1644 1693; x_wconf 91' lang='lat' dir='ltr'><strong>alii</strong></span> 
     </span>
     <span class='ocr_line' id='line_1_26' title="bbox 134 1712 1644 1784; baseline -0.001 -32"><span class='ocrx_word' id='word_1_235' title='bbox 134 1715 176 1752; x_wconf 88' lang='lat' dir='ltr'><strong>in</strong></span> <span class='ocrx_word' id='word_1_236' title='bbox 207 1712 360 1752; x_wconf 87' lang='lat' dir='ltr'><strong>Italiam</strong></span> <span class='ocrx_word' id='word_1_237' title='bbox 403 1715 622 1753; x_wconf 88' lang='lat' dir='ltr'><strong>discessisse</strong></span> <span class='ocrx_word' id='word_1_238' title='bbox 661 1715 937 1764; x_wconf 78' lang='lat' dir='ltr'><strong>tradideiant,</strong></span> <span class='ocrx_word' id='word_1_239' title='bbox 984 1716 1089 1754; x_wconf 85' lang='lat' dir='ltr'><strong>inter</strong></span> <span class='ocrx_word' id='word_1_240' title='bbox 1126 1716 1213 1754; x_wconf 91' lang='lat' dir='ltr'><strong>illos</strong></span> <span class='ocrx_word' id='word_1_241' title='bbox 1253 1715 1415 1766; x_wconf 86' lang='lat' dir='ltr'><strong>quidem</strong></span> <span class='ocrx_word' id='word_1_242' title='bbox 1443 1714 1644 1784; x_wconf 78' lang='lat' dir='ltr'><strong>Araetlms</strong></span> 
     </span>
     <span class='ocr_line' id='line_1_27' title="bbox 136 1768 1644 1829; baseline 0.001 -20"><span class='ocrx_word' id='word_1_243' title='bbox 136 1771 209 1825; x_wconf 90' lang='lat' dir='ltr'><strong>(ita</strong></span> <span class='ocrx_word' id='word_1_244' title='bbox 240 1772 344 1809; x_wconf 88' lang='lat' dir='ltr'><strong>enim</strong></span> <span class='ocrx_word' id='word_1_245' title='bbox 377 1772 586 1823; x_wconf 81' lang='lat' dir='ltr'><strong>legendum</strong></span> <span class='ocrx_word' id='word_1_246' title='bbox 630 1786 704 1824; x_wconf 86' lang='lat' dir='ltr'><strong>pro</strong></span> <span class='ocrx_word' id='word_1_247' title='bbox 735 1769 934 1829; x_wconf 79' lang='grc' dir='ltr'><strong><em>Ἀρίσθῳ,</em></strong></span> <span class='ocrx_word' id='word_1_248' title='bbox 980 1770 1157 1828; x_wconf 81' lang='grc' dir='ltr'><strong><em>Ἀραίθῳ</em></strong></span> <span class='ocrx_word' id='word_1_249' title='bbox 1188 1770 1395 1826; x_wconf 76' lang='grc' dir='ltr'><em>γραψαντι</em></span> <span class='ocrx_word' id='word_1_250' title='bbox 1424 1770 1472 1812; x_wconf 74' lang='grc' dir='ltr'><strong>τοὶ</strong></span> <span class='ocrx_word' id='word_1_251' title='bbox 1500 1768 1644 1824; x_wconf 81' lang='grc' dir='ltr'><strong><em>Ἀρκα-</em></strong></span> 
     </span>
     <span class='ocr_line' id='line_1_28' title="bbox 134 1827 1643 1882; baseline -0.003 -12"><span class='ocrx_word' id='word_1_252' title='bbox 134 1827 247 1878; x_wconf 71' lang='grc' dir='ltr'><em>δικᾶ,</em></span> <span class='ocrx_word' id='word_1_253' title='bbox 279 1842 330 1866; x_wconf 83' lang='lat' dir='ltr'><strong>ex</strong></span> <span class='ocrx_word' id='word_1_254' title='bbox 351 1829 482 1868; x_wconf 87' lang='lat' dir='ltr'><strong>Schol.</strong></span> <span class='ocrx_word' id='word_1_255' title='bbox 504 1829 706 1882; x_wconf 89' lang='lat' dir='ltr'><strong>Apollonii</strong></span> <span class='ocrx_word' id='word_1_256' title='bbox 725 1830 817 1881; x_wconf 84' lang='lat' dir='ltr'><strong>Arg.</strong></span> <span class='ocrx_word' id='word_1_257' title='bbox 838 1831 881 1880; x_wconf 92' lang='lat' dir='ltr'><strong>II,</strong></span> <span class='ocrx_word' id='word_1_258' title='bbox 914 1834 1008 1879; x_wconf 88' lang='grc'>500,</span> <span class='ocrx_word' id='word_1_259' title='bbox 1041 1832 1158 1869; x_wconf 86' lang='lat' dir='ltr'><strong>etiam</strong></span> <span class='ocrx_word' id='word_1_260' title='bbox 1189 1830 1297 1882; x_wconf 85' lang='lat' dir='ltr'><strong>apud</strong></span> <span class='ocrx_word' id='word_1_261' title='bbox 1317 1830 1461 1881; x_wconf 81' lang='lat' dir='ltr'><strong>Hygin.</strong></span> <span class='ocrx_word' id='word_1_262' title='bbox 1482 1829 1576 1867; x_wconf 76' lang='lat' dir='ltr'><strong>Asu</strong></span> <span class='ocrx_word' id='word_1_263' title='bbox 1581 1843 1643 1867; x_wconf 90' lang='grc'><strong>011.</strong></span> 
     </span>
     <span class='ocr_line' id='line_1_29' title="bbox 134 1887 1643 1939; baseline -0.001 -14"><span class='ocrx_word' id='word_1_264' title='bbox 134 1888 181 1936; x_wconf 90' lang='lat' dir='ltr'><strong>II,</strong></span> <span class='ocrx_word' id='word_1_265' title='bbox 217 1890 235 1927; x_wconf 90' lang='lat'>1</span> <span class='ocrx_word' id='word_1_266' title='bbox 259 1887 447 1924; x_wconf 61' lang='lat' dir='ltr'><strong>sir-tahas</strong></span> <span class='ocrx_word' id='word_1_267' title='bbox 482 1890 676 1938; x_wconf 76' lang='lat' dir='ltr'><strong>Tegeates</strong></span> <span class='ocrx_word' id='word_1_268' title='bbox 706 1888 961 1926; x_wconf 71' lang='lat' dir='ltr'><strong>historiamcm</strong></span> <span class='ocrx_word' id='word_1_269' title='bbox 988 1892 1153 1939; x_wconf 63' lang='lat' dir='ltr'><strong>scnplor</strong></span> <span class='ocrx_word' id='word_1_270' title='bbox 1173 1888 1244 1939; x_wconf 83' lang='lat' dir='ltr'><strong>leg.</strong></span> <span class='ocrx_word' id='word_1_271' title='bbox 1276 1887 1488 1925; x_wconf 77' lang='lat' dir='ltr'><strong>Araellms.</strong></span> <span class='ocrx_word' id='word_1_272' title='bbox 1523 1900 1562 1924; x_wconf 87' lang='lat' dir='ltr'><strong>v.</strong></span> <span class='ocrx_word' id='word_1_273' title='bbox 1592 1887 1643 1924; x_wconf 86' lang='lat' dir='ltr'><strong>ib.</strong></span> 
     </span>
     <span class='ocr_line' id='line_1_30' title="bbox 133 1943 1644 1998; baseline -0.001 -16"><span class='ocrx_word' id='word_1_274' title='bbox 133 1943 373 1998; x_wconf 75' lang='lat' dir='ltr'><strong>Muncker.),</strong></span> <span class='ocrx_word' id='word_1_275' title='bbox 401 1945 508 1983; x_wconf 81' lang='lat' dir='ltr'><strong>inter</strong></span> <span class='ocrx_word' id='word_1_276' title='bbox 539 1944 612 1983; x_wconf 90' lang='lat' dir='ltr'><strong>hos</strong></span> <span class='ocrx_word' id='word_1_277' title='bbox 644 1951 777 1983; x_wconf 88' lang='lat' dir='ltr'><strong>autem</strong></span> <span class='ocrx_word' id='word_1_278' title='bbox 806 1946 1055 1997; x_wconf 73' lang='lat' dir='ltr'><strong>Agathyllzes</strong></span> <span class='ocrx_word' id='word_1_279' title='bbox 1083 1946 1239 1994; x_wconf 78' lang='lat' dir='ltr'><strong>Arcas,</strong></span> <span class='ocrx_word' id='word_1_280' title='bbox 1274 1945 1386 1983; x_wconf 89' lang='lat' dir='ltr'><strong>cuius</strong></span> <span class='ocrx_word' id='word_1_281' title='bbox 1419 1944 1546 1994; x_wconf 84' lang='lat' dir='ltr'><strong>elegos</strong></span> <span class='ocrx_word' id='word_1_282' title='bbox 1572 1957 1644 1994; x_wconf 91' lang='lat' dir='ltr'><strong>ap-</strong></span> 
     </span>
     <span class='ocr_line' id='line_1_31' title="bbox 133 2000 1644 2054; baseline -0.002 -14"><span class='ocrx_word' id='word_1_283' title='bbox 133 2002 248 2054; x_wconf 90' lang='lat' dir='ltr'><strong>ponit</strong></span> <span class='ocrx_word' id='word_1_284' title='bbox 287 2002 448 2054; x_wconf 86' lang='lat' dir='ltr'><strong>Dionys.</strong></span> <span class='ocrx_word' id='word_1_285' title='bbox 479 2002 504 2040; x_wconf 89' lang='lat' dir='ltr'><strong>l.</strong></span> <span class='ocrx_word' id='word_1_286' title='bbox 536 2016 582 2052; x_wconf 89' lang='lat' dir='ltr'><strong>c.,</strong></span> <span class='ocrx_word' id='word_1_287' title='bbox 624 2003 666 2040; x_wconf 88' lang='lat' dir='ltr'><strong>in</strong></span> <span class='ocrx_word' id='word_1_288' title='bbox 706 2003 848 2054; x_wconf 90' lang='lat' dir='ltr'><strong>quibus</strong></span> <span class='ocrx_word' id='word_1_289' title='bbox 887 2002 1038 2041; x_wconf 87' lang='lat' dir='ltr'><strong>Aeneas</strong></span> <span class='ocrx_word' id='word_1_290' title='bbox 1076 2003 1117 2040; x_wconf 88' lang='lat' dir='ltr'><strong>in</strong></span> <span class='ocrx_word' id='word_1_291' title='bbox 1147 2003 1246 2041; x_wconf 83' lang='lat' dir='ltr'><strong>urbe</strong></span> <span class='ocrx_word' id='word_1_292' title='bbox 1276 2003 1377 2040; x_wconf 89' lang='lat' dir='ltr'><strong>Neso</strong></span> <span class='ocrx_word' id='word_1_293' title='bbox 1417 2001 1515 2038; x_wconf 87' lang='lat' dir='ltr'><strong>duas</strong></span> <span class='ocrx_word' id='word_1_294' title='bbox 1544 2000 1644 2038; x_wconf 87' lang='lat' dir='ltr'><strong>filias</strong></span> 
     </span>
     <span class='ocr_line' id='line_1_32' title="bbox 135 2059 1643 2112; baseline -0.002 -15"><span class='ocrx_word' id='word_1_295' title='bbox 135 2060 345 2097; x_wconf 84' lang='lat' dir='ltr'><strong>collocasse</strong></span> <span class='ocrx_word' id='word_1_296' title='bbox 382 2060 507 2110; x_wconf 87' lang='lat' dir='ltr'><strong>iisque</strong></span> <span class='ocrx_word' id='word_1_297' title='bbox 545 2060 695 2098; x_wconf 90' lang='lat' dir='ltr'><strong>relictis</strong></span> <span class='ocrx_word' id='word_1_298' title='bbox 734 2060 776 2098; x_wconf 89' lang='lat' dir='ltr'><strong>in</strong></span> <span class='ocrx_word' id='word_1_299' title='bbox 813 2061 968 2098; x_wconf 83' lang='lat' dir='ltr'><strong>Italiam</strong></span> <span class='ocrx_word' id='word_1_300' title='bbox 1006 2073 1260 2112; x_wconf 87' lang='lat' dir='ltr'><strong>properasse,</strong></span> <span class='ocrx_word' id='word_1_301' title='bbox 1301 2060 1342 2097; x_wconf 90' lang='lat' dir='ltr'><strong>in</strong></span> <span class='ocrx_word' id='word_1_302' title='bbox 1382 2072 1459 2108; x_wconf 88' lang='lat' dir='ltr'><strong>qua</strong></span> <span class='ocrx_word' id='word_1_303' title='bbox 1487 2059 1643 2095; x_wconf 85' lang='lat' dir='ltr'><strong>Romu-</strong></span> 
     </span>
     <span class='ocr_line' id='line_1_33' title="bbox 134 2116 1642 2168; baseline -0.002 -14"><span class='ocrx_word' id='word_1_304' title='bbox 134 2117 219 2154; x_wconf 91' lang='lat' dir='ltr'><strong>lum</strong></span> <span class='ocrx_word' id='word_1_305' title='bbox 255 2118 457 2168; x_wconf 83' lang='lat' dir='ltr'><strong>genuerit,</strong></span> <span class='ocrx_word' id='word_1_306' title='bbox 495 2124 753 2155; x_wconf 84' lang='lat' dir='ltr'><strong>memoratur.</strong></span> <span class='ocrx_word' id='word_1_307' title='bbox 812 2118 1094 2156; x_wconf 87' lang='lat' dir='ltr'><strong>Emendandus</strong></span> <span class='ocrx_word' id='word_1_308' title='bbox 1131 2131 1180 2154; x_wconf 81' lang='lat' dir='ltr'><strong>ex</strong></span> <span class='ocrx_word' id='word_1_309' title='bbox 1220 2117 1287 2154; x_wconf 90' lang='lat' dir='ltr'><strong>illo</strong></span> <span class='ocrx_word' id='word_1_310' title='bbox 1330 2117 1418 2154; x_wconf 90' lang='lat' dir='ltr'><strong>loco</strong></span> <span class='ocrx_word' id='word_1_311' title='bbox 1449 2116 1642 2166; x_wconf 86' lang='lat' dir='ltr'><strong>Pompon.</strong></span> 
     </span>
     <span class='ocr_line' id='line_1_34' title="bbox 135 2174 530 2223; baseline 0.005 -13"><span class='ocrx_word' id='word_1_312' title='bbox 135 2174 224 2214; x_wconf 84' lang='lat' dir='ltr'><strong>sab.</strong></span> <span class='ocrx_word' id='word_1_313' title='bbox 259 2174 310 2211; x_wconf 89' lang='lat' dir='ltr'><strong>ad</strong></span> <span class='ocrx_word' id='word_1_314' title='bbox 339 2174 403 2223; x_wconf 91' lang='lat' dir='ltr'><strong>III,</strong></span> <span class='ocrx_word' id='word_1_315' title='bbox 434 2177 530 2216; x_wconf 78' lang='lat'><strong>276.</strong></span> 
     </span>
    </p>

    <p class='ocr_par' dir='ltr' id='par_1_4' title="bbox 135 2229 1646 2910">
     <span class='ocr_line' id='line_1_35' title="bbox 249 2229 1643 2282; baseline -0.002 -14"><span class='ocrx_word' id='word_1_316' title='bbox 249 2231 382 2269; x_wconf 89' lang='lat' dir='ltr'><strong>Insula</strong></span> <span class='ocrx_word' id='word_1_317' title='bbox 426 2232 655 2282; x_wconf 57' lang='lat' dir='ltr'><strong>Zacynthus</strong></span> <span class='ocrx_word' id='word_1_318' title='bbox 691 2238 751 2269; x_wconf 86' lang='lat' dir='ltr'><strong>est</strong></span> <span class='ocrx_word' id='word_1_319' title='bbox 792 2245 841 2269; x_wconf 81' lang='lat' dir='ltr'><strong>ex</strong></span> <span class='ocrx_word' id='word_1_320' title='bbox 882 2232 1049 2270; x_wconf 88' lang='lat' dir='ltr'><strong>adverso</strong></span> <span class='ocrx_word' id='word_1_321' title='bbox 1087 2231 1222 2272; x_wconf 80' lang='lat' dir='ltr'><strong>Elidis.</strong></span> <span class='ocrx_word' id='word_1_322' title='bbox 1288 2230 1418 2268; x_wconf 86' lang='lat' dir='ltr'><strong>Etiam</strong></span> <span class='ocrx_word' id='word_1_323' title='bbox 1458 2229 1510 2267; x_wconf 84' lang='lat' dir='ltr'><strong>ad</strong></span> <span class='ocrx_word' id='word_1_324' title='bbox 1539 2229 1643 2266; x_wconf 87' lang='lat' dir='ltr'><strong>hanc</strong></span> 
     </span>
     <span class='ocr_line' id='line_1_36' title="bbox 136 2287 1644 2340; baseline -0.001 -15"><span class='ocrx_word' id='word_1_325' title='bbox 136 2288 307 2326; x_wconf 88' lang='lat' dir='ltr'><strong>Aeneam</strong></span> <span class='ocrx_word' id='word_1_326' title='bbox 340 2288 535 2340; x_wconf 87' lang='lat' dir='ltr'><strong>appulisse</strong></span> <span class='ocrx_word' id='word_1_327' title='bbox 568 2295 707 2326; x_wconf 87' lang='lat' dir='ltr'><strong>narrat</strong></span> <span class='ocrx_word' id='word_1_328' title='bbox 738 2289 899 2340; x_wconf 87' lang='lat' dir='ltr'><strong>Dionys.</strong></span> <span class='ocrx_word' id='word_1_329' title='bbox 927 2291 955 2338; x_wconf 88' lang='lat' dir='ltr'><strong>I,</strong></span> <span class='ocrx_word' id='word_1_330' title='bbox 987 2291 1063 2340; x_wconf 78' lang='lat'><strong>503</strong></span> <span class='ocrx_word' id='word_1_331' title='bbox 1095 2295 1134 2326; x_wconf 87' lang='lat' dir='ltr'><strong>et</strong></span> <span class='ocrx_word' id='word_1_332' title='bbox 1165 2294 1280 2325; x_wconf 85' lang='lat' dir='ltr'><strong>erant</strong></span> <span class='ocrx_word' id='word_1_333' title='bbox 1307 2287 1518 2339; x_wconf 74' lang='lat' dir='ltr'><strong>Zacynthii</strong></span> <span class='ocrx_word' id='word_1_334' title='bbox 1542 2300 1644 2336; x_wconf 83' lang='lat' dir='ltr'><strong>quo—</strong></span> 
     </span>
     <span class='ocr_line' id='line_1_37' title="bbox 135 2346 1644 2397; baseline -0.003 -13"><span class='ocrx_word' id='word_1_335' title='bbox 135 2359 212 2397; x_wconf 87' lang='lat' dir='ltr'><strong>que</strong></span> <span class='ocrx_word' id='word_1_336' title='bbox 243 2346 491 2397; x_wconf 86' lang='lat' dir='ltr'><strong>cognationis</strong></span> <span class='ocrx_word' id='word_1_337' title='bbox 530 2346 616 2384; x_wconf 89' lang='lat' dir='ltr'><strong>iure</strong></span> <span class='ocrx_word' id='word_1_338' title='bbox 645 2346 774 2384; x_wconf 89' lang='lat' dir='ltr'><strong>iuncti</strong></span> <span class='ocrx_word' id='word_1_339' title='bbox 805 2347 996 2384; x_wconf 77' lang='lat' dir='ltr'><strong>Troianis.</strong></span> <span class='ocrx_word' id='word_1_340' title='bbox 1066 2348 1314 2383; x_wconf 72' lang='lat' dir='ltr'><strong>Dardanum</strong></span> <span class='ocrx_word' id='word_1_341' title='bbox 1351 2347 1478 2392; x_wconf 72' lang='lat' dir='ltr'><strong>enim,</strong></span> <span class='ocrx_word' id='word_1_342' title='bbox 1533 2346 1644 2381; x_wconf 67' lang='lat' dir='ltr'><strong>lovis</strong></span> 
     </span>
     <span class='ocr_line' id='line_1_38' title="bbox 135 2403 1643 2452; baseline -0.002 -12"><span class='ocrx_word' id='word_1_343' title='bbox 135 2412 172 2440; x_wconf 81' lang='lat' dir='ltr'><strong>et</strong></span> <span class='ocrx_word' id='word_1_344' title='bbox 198 2405 381 2441; x_wconf 81' lang='lat' dir='ltr'><strong>Electrae</strong></span> <span class='ocrx_word' id='word_1_345' title='bbox 412 2404 633 2441; x_wconf 74' lang='lat' dir='ltr'><strong>Atlantidis</strong></span> <span class='ocrx_word' id='word_1_346' title='bbox 646 2403 805 2452; x_wconf 71' lang='lat' dir='ltr'><strong>silium,</strong></span> <span class='ocrx_word' id='word_1_347' title='bbox 838 2405 939 2441; x_wconf 63' lang='lat' dir='ltr'><strong>(laos</strong></span> <span class='ocrx_word' id='word_1_348' title='bbox 967 2418 1013 2441; x_wconf 79' lang='lat' dir='ltr'><strong>ex</strong></span> <span class='ocrx_word' id='word_1_349' title='bbox 1034 2405 1170 2440; x_wconf 73' lang='lat' dir='ltr'><strong>Balea</strong></span> <span class='ocrx_word' id='word_1_350' title='bbox 1186 2404 1305 2450; x_wconf 76' lang='lat' dir='ltr'><strong>filios</strong></span> <span class='ocrx_word' id='word_1_351' title='bbox 1325 2404 1540 2451; x_wconf 63' lang='lat' dir='ltr'><strong>szcsctpissv</strong></span> <span class='ocrx_word' id='word_1_352' title='bbox 1559 2410 1643 2437; x_wconf 80' lang='lat' dir='ltr'><strong>tra-</strong></span> 
     </span>
     <span class='ocr_line' id='line_1_39' title="bbox 136 2459 1645 2512; baseline -0.003 -14"><span class='ocrx_word' id='word_1_353' title='bbox 136 2462 260 2510; x_wconf 81' lang='lat' dir='ltr'><strong>(lant,</strong></span> <span class='ocrx_word' id='word_1_354' title='bbox 305 2461 558 2510; x_wconf 61' lang='lat' dir='ltr'><strong>Zacjnllcum</strong></span> <span class='ocrx_word' id='word_1_355' title='bbox 593 2469 629 2497; x_wconf 82' lang='lat' dir='ltr'><strong>et</strong></span> <span class='ocrx_word' id='word_1_356' title='bbox 667 2461 1001 2507; x_wconf 73' lang='lat' dir='ltr'><strong>Ert&#39;clctlzont&#39;mn5</strong></span> <span class='ocrx_word' id='word_1_357' title='bbox 1051 2474 1217 2512; x_wconf 81' lang='lat' dir='ltr'><strong>quorum</strong></span> <span class='ocrx_word' id='word_1_358' title='bbox 1253 2460 1354 2497; x_wconf 79' lang='lat' dir='ltr'><strong>aller</strong></span> <span class='ocrx_word' id='word_1_359' title='bbox 1388 2473 1436 2496; x_wconf 76' lang='lat' dir='ltr'><strong>ex</strong></span> <span class='ocrx_word' id='word_1_360' title='bbox 1484 2459 1645 2495; x_wconf 46' lang='lat' dir='ltr'><strong>xleneae</strong></span> 
     </span>
     <span class='ocr_line' id='line_1_40' title="bbox 136 2515 1643 2572; baseline -0.002 -18"><span class='ocrx_word' id='word_1_361' title='bbox 136 2518 356 2556; x_wconf 75' lang='lat' dir='ltr'><strong>maioribus</strong></span> <span class='ocrx_word' id='word_1_362' title='bbox 385 2526 492 2567; x_wconf 81' lang='lat' dir='ltr'><strong>erat,</strong></span> <span class='ocrx_word' id='word_1_363' title='bbox 535 2518 766 2572; x_wconf 73' lang='lat' dir='ltr'><strong>Zacynthus</strong></span> <span class='ocrx_word' id='word_1_364' title='bbox 792 2534 881 2556; x_wconf 72' lang='lat' dir='ltr'><strong>vero</strong></span> <span class='ocrx_word' id='word_1_365' title='bbox 917 2519 1074 2556; x_wconf 74' lang='lat' dir='ltr'><strong>insulae</strong></span> <span class='ocrx_word' id='word_1_366' title='bbox 1104 2518 1295 2555; x_wconf 73' lang='lat' dir='ltr'><strong>conditor.</strong></span> <span class='ocrx_word' id='word_1_367' title='bbox 1358 2516 1501 2553; x_wconf 87' lang='lat' dir='ltr'><strong>Omnia</strong></span> <span class='ocrx_word' id='word_1_368' title='bbox 1532 2515 1643 2562; x_wconf 76' lang='lat' dir='ltr'><strong>hacc,</strong></span> 
     </span>
     <span class='ocr_line' id='line_1_41' title="bbox 137 2573 1644 2626; baseline -0.001 -15"><span class='ocrx_word' id='word_1_369' title='bbox 137 2576 209 2612; x_wconf 89' lang='lat' dir='ltr'><strong>etsi</strong></span> <span class='ocrx_word' id='word_1_370' title='bbox 241 2576 463 2614; x_wconf 81' lang='lat' dir='ltr'><strong>fabularum</strong></span> <span class='ocrx_word' id='word_1_371' title='bbox 504 2576 732 2626; x_wconf 79' lang='lat' dir='ltr'><strong>ambagibus</strong></span> <span class='ocrx_word' id='word_1_372' title='bbox 767 2576 971 2625; x_wconf 87' lang='lat' dir='ltr'><strong>involuta,</strong></span> <span class='ocrx_word' id='word_1_373' title='bbox 1016 2588 1061 2612; x_wconf 90' lang='lat' dir='ltr'><strong>eo</strong></span> <span class='ocrx_word' id='word_1_374' title='bbox 1102 2580 1234 2611; x_wconf 84' lang='lat' dir='ltr'><strong>tamen</strong></span> <span class='ocrx_word' id='word_1_375' title='bbox 1275 2573 1473 2625; x_wconf 87' lang='lat' dir='ltr'><strong>pertinere</strong></span> <span class='ocrx_word' id='word_1_376' title='bbox 1502 2573 1644 2611; x_wconf 79' lang='lat' dir='ltr'><strong>viden-</strong></span> 
     </span>
     <span class='ocr_line' id='line_1_42' title="bbox 138 2631 1643 2684; baseline -0.002 -15"><span class='ocrx_word' id='word_1_377' title='bbox 138 2637 227 2681; x_wconf 89' lang='lat' dir='ltr'><strong>tur,</strong></span> <span class='ocrx_word' id='word_1_378' title='bbox 253 2633 361 2684; x_wconf 87' lang='lat' dir='ltr'><strong>quod</strong></span> <span class='ocrx_word' id='word_1_379' title='bbox 392 2633 555 2670; x_wconf 83' lang='lat' dir='ltr'><strong>Troiani</strong></span> <span class='ocrx_word' id='word_1_380' title='bbox 586 2640 625 2670; x_wconf 87' lang='lat' dir='ltr'><strong>et</strong></span> <span class='ocrx_word' id='word_1_381' title='bbox 656 2633 809 2670; x_wconf 89' lang='lat' dir='ltr'><strong>insulae</strong></span> <span class='ocrx_word' id='word_1_382' title='bbox 838 2633 979 2682; x_wconf 86' lang='lat' dir='ltr'><strong>huius,</strong></span> <span class='ocrx_word' id='word_1_383' title='bbox 1017 2638 1066 2670; x_wconf 87' lang='lat' dir='ltr'><strong>ut</strong></span> <span class='ocrx_word' id='word_1_384' title='bbox 1096 2638 1318 2669; x_wconf 84' lang='lat' dir='ltr'><strong>ceterorum</strong></span> <span class='ocrx_word' id='word_1_385' title='bbox 1348 2631 1548 2677; x_wconf 87' lang='lat' dir='ltr'><strong>locorum,</strong></span> <span class='ocrx_word' id='word_1_386' title='bbox 1579 2631 1643 2667; x_wconf 89' lang='lat' dir='ltr'><strong>in—</strong></span> 
     </span>
     <span class='ocr_line' id='line_1_43' title="bbox 138 2688 1645 2741; baseline -0.001 -16"><span class='ocrx_word' id='word_1_387' title='bbox 138 2690 246 2726; x_wconf 85' lang='lat' dir='ltr'><strong>colae</strong></span> <span class='ocrx_word' id='word_1_388' title='bbox 276 2690 470 2728; x_wconf 84' lang='lat' dir='ltr'><strong>haberent</strong></span> <span class='ocrx_word' id='word_1_389' title='bbox 508 2691 680 2740; x_wconf 88' lang='lat' dir='ltr'><strong>aliquam</strong></span> <span class='ocrx_word' id='word_1_390' title='bbox 721 2691 940 2741; x_wconf 87' lang='lat' dir='ltr'><strong>antiquitus</strong></span> <span class='ocrx_word' id='word_1_391' title='bbox 979 2691 1277 2741; x_wconf 74' lang='lat' dir='ltr'><strong>cognationein3</strong></span> <span class='ocrx_word' id='word_1_392' title='bbox 1331 2695 1446 2726; x_wconf 87' lang='lat' dir='ltr'><strong>erant</strong></span> <span class='ocrx_word' id='word_1_393' title='bbox 1486 2688 1645 2731; x_wconf 69' lang='lat' dir='ltr'><strong>seilicet,</strong></span> 
     </span>
     <span class='ocr_line' id='line_1_44' title="bbox 138 2744 1646 2798; baseline -0.002 -16"><span class='ocrx_word' id='word_1_394' title='bbox 138 2746 213 2782; x_wconf 89' lang='lat' dir='ltr'><strong>nisi</strong></span> <span class='ocrx_word' id='word_1_395' title='bbox 245 2747 438 2796; x_wconf 86' lang='lat' dir='ltr'><strong>fallimur,</strong></span> <span class='ocrx_word' id='word_1_396' title='bbox 479 2761 614 2785; x_wconf 86' lang='lat' dir='ltr'><strong>omnes</strong></span> <span class='ocrx_word' id='word_1_397' title='bbox 645 2761 694 2785; x_wconf 82' lang='lat' dir='ltr'><strong>ex</strong></span> <span class='ocrx_word' id='word_1_398' title='bbox 724 2748 976 2798; x_wconf 76' lang='lat' dir='ltr'><strong>Pelasgorum</strong></span> <span class='ocrx_word' id='word_1_399' title='bbox 1007 2748 1127 2798; x_wconf 85' lang='lat' dir='ltr'><strong>stirpe</strong></span> <span class='ocrx_word' id='word_1_400' title='bbox 1164 2745 1336 2784; x_wconf 83' lang='lat' dir='ltr'><strong>oriundi.</strong></span> <span class='ocrx_word' id='word_1_401' title='bbox 1396 2745 1473 2783; x_wconf 77' lang='lat' dir='ltr'><strong>sod</strong></span> <span class='ocrx_word' id='word_1_402' title='bbox 1508 2745 1555 2781; x_wconf 86' lang='lat' dir='ltr'><strong>dc</strong></span> <span class='ocrx_word' id='word_1_403' title='bbox 1586 2744 1646 2781; x_wconf 66' lang='lat' dir='ltr'><strong>his</strong></span> 
     </span>
     <span class='ocr_line' id='line_1_45' title="bbox 140 2798 1644 2852; baseline 0.001 -14"><span class='ocrx_word' id='word_1_404' title='bbox 140 2803 250 2840; x_wconf 88' lang='lat' dir='ltr'><strong>alibi:</strong></span> <span class='ocrx_word' id='word_1_405' title='bbox 293 2818 334 2842; x_wconf 90' lang='lat' dir='ltr'><strong>v.</strong></span> <span class='ocrx_word' id='word_1_406' title='bbox 380 2806 497 2842; x_wconf 63' lang='lat' dir='ltr'><strong>Nom·</strong></span> <span class='ocrx_word' id='word_1_407' title='bbox 539 2806 801 2846; x_wconf 82' lang='lat' dir='ltr'><strong>Commentar.</strong></span> <span class='ocrx_word' id='word_1_408' title='bbox 833 2798 922 2843; x_wconf 77' lang='lat' dir='ltr'><strong>Soc.</strong></span> <span class='ocrx_word' id='word_1_409' title='bbox 956 2807 1009 2842; x_wconf 79' lang='lat' dir='ltr'><strong>R.</strong></span> <span class='ocrx_word' id='word_1_410' title='bbox 1045 2806 1109 2841; x_wconf 79' lang='lat' dir='ltr'><strong>Sc.</strong></span> <span class='ocrx_word' id='word_1_411' title='bbox 1158 2804 1335 2851; x_wconf 78' lang='lat' dir='ltr'><strong>Gotting.</strong></span> <span class='ocrx_word' id='word_1_412' title='bbox 1370 2803 1413 2839; x_wconf 91' lang='lat' dir='ltr'><strong>T.</strong></span> <span class='ocrx_word' id='word_1_413' title='bbox 1451 2803 1478 2849; x_wconf 91' lang='lat' dir='ltr'><strong>I,</strong></span> <span class='ocrx_word' id='word_1_414' title='bbox 1511 2816 1546 2852; x_wconf 86' lang='lat' dir='ltr'><strong>p.</strong></span> <span class='ocrx_word' id='word_1_415' title='bbox 1579 2804 1644 2841; x_wconf 77' lang='lat'><strong>90.</strong></span> 
     </span>
     <span class='ocr_line' id='line_1_46' title="bbox 141 2857 1645 2910; baseline -0.002 -14"><span class='ocrx_word' id='word_1_416' title='bbox 141 2859 197 2896; x_wconf 84' lang='lat' dir='ltr'><strong>De</strong></span> <span class='ocrx_word' id='word_1_417' title='bbox 230 2860 487 2899; x_wconf 86' lang='lat' dir='ltr'><strong>Erichthonio</strong></span> <span class='ocrx_word' id='word_1_418' title='bbox 530 2862 708 2900; x_wconf 88' lang='lat' dir='ltr'><strong>Dardani</strong></span> <span class='ocrx_word' id='word_1_419' title='bbox 746 2868 785 2900; x_wconf 87' lang='lat' dir='ltr'><strong>et</strong></span> <span class='ocrx_word' id='word_1_420' title='bbox 813 2863 950 2900; x_wconf 88' lang='lat' dir='ltr'><strong>Batiae</strong></span> <span class='ocrx_word' id='word_1_421' title='bbox 992 2863 1017 2900; x_wconf 86' lang='lat' dir='ltr'><strong>s.</strong></span> <span class='ocrx_word' id='word_1_422' title='bbox 1050 2862 1093 2898; x_wconf 89' lang='lat' dir='ltr'><strong>Ili</strong></span> <span class='ocrx_word' id='word_1_423' title='bbox 1133 2861 1259 2898; x_wconf 86' lang='lat' dir='ltr'><strong>fratre</strong></span> <span class='ocrx_word' id='word_1_424' title='bbox 1300 2873 1337 2897; x_wconf 88' lang='lat' dir='ltr'><strong>v.</strong></span> <span class='ocrx_word' id='word_1_425' title='bbox 1374 2858 1553 2910; x_wconf 84' lang='lat' dir='ltr'><strong>Apollod.</strong></span> <span class='ocrx_word' id='word_1_426' title='bbox 1582 2857 1645 2903; x_wconf 88' lang='lat' dir='ltr'><strong>lll,</strong></span> 
     </span>
    </p>
   </div>
   <div class='ocr_carea' id='block_1_3' title="bbox 143 2916 1640 2971">
    <p class='ocr_par' dir='ltr' id='par_1_5' title="bbox 143 2916 1640 2971">
     <span class='ocr_line' id='line_1_47' title="bbox 143 2916 1640 2971; baseline -0.005 -15"><span class='ocrx_word' id='word_1_427' title='bbox 143 2919 205 2957; x_wconf 81' lang='grc'><strong>12.</strong></span> <span class='ocrx_word' id='word_1_428' title='bbox 247 2920 286 2957; x_wconf 80' lang='grc'><strong>2.</strong></span> <span class='ocrx_word' id='word_1_429' title='bbox 339 2918 637 2956; x_wconf 81' lang='lat' dir='ltr'><strong>Commorantm·</strong></span> <span class='ocrx_word' id='word_1_430' title='bbox 669 2919 737 2957; x_wconf 77' lang='lat' dir='ltr'><em>hic.-</em></span> <span class='ocrx_word' id='word_1_431' title='bbox 776 2920 946 2971; x_wconf 78' lang='lat' dir='ltr'><strong>aliquod</strong></span> <span class='ocrx_word' id='word_1_432' title='bbox 989 2919 1175 2968; x_wconf 74' lang='lat' dir='ltr'><strong>temporis</strong></span> <span class='ocrx_word' id='word_1_433' title='bbox 1226 2919 1404 2967; x_wconf 72' lang='lat' dir='ltr'><strong>spatium</strong></span> <span class='ocrx_word' id='word_1_434' title='bbox 1464 2916 1640 2960; x_wconf 77' lang='lat' dir='ltr'><strong>Troiani,</strong></span> 
     </span>
    </p>
   </div>
   <div class='ocr_carea' id='block_1_4' title="bbox 209 2984 1364 3034">
    <p class='ocr_par' dir='ltr' id='par_1_6' title="bbox 209 2984 1364 3034">
     <span class='ocr_line' id='line_1_48' title="bbox 209 2984 1364 3034; baseline 0.003 -4"><span class='ocrx_word' id='word_1_435' title='bbox 209 2985 414 3033; x_wconf 71' lang='lat' dir='ltr'><strong>Vmcnz.</strong></span> <span class='ocrx_word' id='word_1_436' title='bbox 454 2986 595 3033; x_wconf 76' lang='lat' dir='ltr'><strong>Tom.</strong></span> <span class='ocrx_word' id='word_1_437' title='bbox 630 2986 692 3034; x_wconf 89' lang='grc' dir='ltr'><strong>ΙΙ.</strong></span> <span class='ocrx_word' id='word_1_438' title='bbox 802 3016 806 3019; x_wconf 94' lang='grc'><strong>-</strong></span> <span class='ocrx_word' id='word_1_439' title='bbox 1298 2984 1364 3028; x_wconf 84' lang='grc'><strong>36</strong></span> 
     </span>
    </p>
   </div>
  </div>
 </body>
</html>
