1811 3388
358 208 771 258 AENEIDOS
808 211 947 261 LIB.
989 215 1072 273 Vl,
1111 221 1403 273 734—743

1545 234 1642 279 967

129 330 268 392 Ergo
295 340 608 381 exercentur
628 335 840 398 poenis,
877 344 1232 406 veterumque
1252 345 1515 398 malorum

129 399 395 464 Supplicia
420 402 746 466 expendunt.

818 404 961 455 Aliae
984 408 1291 472 panduntur
1310 414 1476 466 inanis
1539 427 1638 473 740

128 468 427 533 Suspensae
448 470 515 519 ad
535 481 751 534 ventos;
784 474 894 524 aliis
919 476 1016 525 sub
1039 481 1245 543 gurgite
1268 491 1411 532 vasto

123 534 392 586 Infectum
414 539 609 590 eluitur
633 543 827 608 scelus,
866 554 954 594 aut
978 549 1211 598 exuritur
1232 551 1362 615 igni3

126 606 363 673 Quisque
392 625 516 658 suos
550 613 783 677 patimur
811 616 1005 678 Manis3
1046 619 1236 670 exinde
1270 638 1369 687 per
1401 623 1636 690 amplum

191 693 222 738 7
227 693 305 740 43.
344 704 493 755 SUOS,
532 706 786 759 PATIMUR,

216 802 285 838 740
319 807 535 847 penduntur
570 809 719 845 Dorvill.

117 897 234 930 Burm.
281 901 427 943 patitur
447 901 549 934 etiarn
571 904 644 936 Erf.

777 811 922 857 (inanes
965 815 1093 850 Medic.
1139 822 1174 850 et
1216 817 1339 862 fragm.
1379 820 1491 854 Vatic.
1538 823 1634 866 Wr.)

119 847 188 884 742
212 848 395 898 Infesitum
413 856 507 887 Serv.
524 855 569 887 ad
586 857 617 888 11
642 858 771 902 Georg.
792 860 872 894 389.

695 906 844 948 (Manes
872 907 1020 950 Medic.,
1054 911 1181 943 Manis
1207 912 1330 956 fragm.
1361 914 1441 946 vat.
1477 916 1633 948 Wachs-

966 863 1036 897 743
1068 865 1212 907 patitur
1236 872 1271 897 et
1298 867 1454 900 mittitur
1480 874 1552 901 tres
1579 882 1634 914 ap.

117 944 214 976 muth
235 943 271 976 in
293 945 475 980 Athenaeo
497 948 577 982 Vol.
597 952 624 984 I.
642 963 676 996 p.
694 953 776 986 269.
805 966 951 999 poenas
981 955 1036 988 vel
1063 969 1203 990 menses
1227 969 1291 1002 pro
1324 961 1450 993 Manis
1473 961 1633 995 scriben—

116 989 197 1022 dum
220 996 335 1034 putat5
365 995 601 1029 memorabilis
621 1003 674 1030 est
691 998 798 1032 lectio
822 1000 901 1034 cod.
922 1002 1012 1035 Gud.
1030 1003 1122 1048 apud
1148 1005 1351 1038 Arusianum
1374 1019 1409 1050 p.
1437 1008 1516 1042 257.
1546 1009 1630 1043 edit.

115 1036 344 1072 Lindemann.
370 1052 500 1075 mores.
530 1044 625 1088 lVr.)
676 1047 726 1078 Ut
744 1057 833 1080 nunc
860 1059 980 1081 versus
1004 1061 1042 1082 se
1067 1049 1192 1084 ordine
1221 1052 1416 1097 excipiunt,
1448 1060 1508 1087 aut
1542 1067 1631 1090 nova

115 1130 206 1170 dem
246 1136 475 1173 animorum
520 1136 714 1178 dicuntur
763 1153 845 1179 esse

114 1189 266 1240 morbi,
302 1205 372 1230 seu
392 1193 527 1243 labes,
561 1198 717 1246 sordes,
751 1212 844 1236 ma-

111 1247 253 1297 culae,
299 1251 479 1302 κηλῖδες,
527 1254 684 1304 ulcera,
727 1258 841 1293 cica—

110 1307 247 1354 trices,
295 1303 517 1359 μώλωπες,
571 1306 712 1360 οὐλαὶ,
757 1315 840 1353 στί-

108 1377 261 1414 γματας
291 1363 387 1402 hino
408 1367 542 1404 suavis
574 1368 640 1406 ille
674 1369 840 1422 mythus

108 1432 178 1457 seu
207 1420 438 1461 involutum
469 1425 649 1464 sabulosa
692 1441 838 1466 narra-

106 1477 216 1515 tione
258 1479 561 1532 philosophema
605 1485 712 1536 apud
745 1486 837 1524 Pla-

107 1541 191 1573 ton.
213 1536 332 1589 Gorg.
354 1546 457 1577 extr.
486 1554 525 1591 p.
544 1543 640 1583 356.
672 1543 756 1584 357
787 1544 836 1581 de

105 1594 312 1632 animabus
352 1610 488 1634 coram
522 1598 834 1640 Rhadamantho

102 1650 324 1703 nudandis5
358 1668 436 1704 quo
460 1655 665 1696 Plutarch.
686 1658 735 1695 de
759 1658 834 1709 his,

104 1709 174 1758 qui
204 1723 292 1748 sero
324 1726 346 1748 a
374 1726 483 1750 num.
512 1727 609 1764 pun.
640 1716 684 1753 T.
717 1716 764 1764 Π,
792 1731 831 1768 p.

100 1768 196 1808 564.
221 1768 304 1809 565
327 1775 367 1807 et
397 1770 595 1809 Lucianus
622 1773 832 1824 aliquoties

98 1823 318 1863 felicissime
347 1841 442 1864 usus
464 1835 535 1867 est.
594 1830 738 1869 Noster
755 1845 830 1869 au-

97 1887 179 1919 tem
200 1889 319 1933 poeta
338 1898 428 1923 cum
450 1886 569 1924 semel
596 1901 667 1939 per
696 1890 829 1927 sordes

97 1945 137 1976 et
173 1942 359 1979 maculas
392 1944 618 1982 animorum
659 1946 757 1983 vitia
788 1953 827 1984 et

96 1997 336 2048 cupiditates
366 2001 552 2038 animales
575 2003 825 2053 designasset,

95 2055 414 2094 emendationem
453 2071 590 2096 earum
624 2073 694 2110 per
721 2076 825 2110 pur-

90 2114 272 2162 gationis
319 2127 442 2165 genus
481 2116 580 2153 bene
627 2116 823 2167 exhibuit,

93 2170 158 2207 cui
173 2171 252 2208 iam
270 2172 312 2209 in
329 2173 451 2210 sacris
469 2179 506 2210 et
522 2174 646 2212 initiis
668 2175 822 2213 adsueti

91 2239 208 2266 erant
236 2236 419 2268 veterum
448 2230 658 2269 hominum
689 2234 820 2271 animi.

89 2284 238 2323 Eadem
272 2288 454 2338 purgatio
497 2303 593 2326 mox
633 2289 819 2341 designa—

88 2348 159 2380 tur
188 2356 259 2394 per
282 2360 461 2394 poenas,
493 2347 720 2396 supplicia,
754 2349 817 2386 vel

87 2400 263 2437 Platonis
285 2403 522 2440 auctoritate
549 2404 590 2441 in
620 2404 763 2454 Gorgia
791 2406 815 2443 l.

87 2470 121 2496 c.
146 2458 256 2507 quod
280 2473 361 2496 non
392 2460 646 2499 observatum
674 2462 815 2500 misere

86 2515 252 2553 vexavit
287 2516 418 2567 Intpp.
478 2517 530 2554 At
565 2532 603 2556 v.
635 2522 718 2560 738
748 2521 813 2557 in-

85 2585 200 2610 versa
221 2579 281 2610 est
297 2575 439 2613 oratio.
483 2576 659 2613 Debebat
678 2578 810 2626 sequi:

84 2644 155 2666 nee
193 2632 383 2669 excidunt
403 2662 412 2680 ‚
451 2655 508 2662 —
543 2635 615 2670 secl
649 2637 810 2683 penitus

83 2688 323 2725 inoleverunt
338 2719 347 2736 ‚
374 2698 674 2737 concreverunm
700 2693 808 2729 unde

82 2743 165 2784 746
195 2755 374 2783 concreta
405 2747 536 2794 labes,
572 2761 672 2798 quae
705 2750 806 2787 elui-

83 2806 149 2837 tur
182 2807 222 2838 et
252 2804 435 2840 exuritur
478 2804 572 2845 742.
631 2805 718 2844 Hoc
750 2807 806 2844 ita

80 2858 244 2896 extulit:
293 2873 366 2897 nec
405 2861 552 2898 mirum
594 2869 678 2912 est,
722 2877 803 2914 seu,

77 2929 229 2953 necesse
255 2925 334 2966 est,
365 2920 494 2956 mulla
508 2949 519 2968 7
547 2920 717 2959 multum
739 2922 802 2961 vi-

902 1142 970 1192 tii,
1004 1144 1099 1193 dizo,
1135 1158 1206 1197 per
1228 1152 1307 1184 tam
1333 1147 1495 1199 longum
1523 1150 1629 1188 vitae

902 1206 1078 1252 tempuS,
1110 1213 1287 1242 concreta
1314 1206 1523 1244 inolescere
1547 1223 1626 1258 pe-

898 1261 1005 1295 nitus
1024 1261 1151 1297 modis
1171 1263 1296 1299 miris.

954 1315 1103 1357 740-
1115 1317 1210 1360 743.
1226 1318 1257 1356 Α
1271 1319 1512 1359 sollennibus
1525 1335 1625 1374 pur-

896 1373 1101 1423 gationum
1133 1381 1171 1412 et
1212 1376 1493 1416 lustrationum
1530 1381 1623 1418 riti-

895 1430 982 1469 bus.
1042 1432 1180 1471 Fiebat
1204 1435 1307 1472 enim
1341 1435 1525 1474 lustratio
1555 1451 1622 1475 ae-

894 1501 960 1536 re,
992 1502 1113 1539 aqua,
1144 1491 1235 1542 igni.
1295 1493 1374 1530 Nec
1401 1494 1514 1531 aliter
1536 1508 1622 1533 ser-

893 1558 1011 1583 mone
1038 1546 1214 1586 humano
1241 1550 1371 1588 efferri
1399 1552 1620 1591 animarum

891 1605 1077 1654 purgatio
1096 1614 1277 1656 poterat,
1310 1621 1359 1645 ne
1390 1623 1410 1645 a
1441 1609 1619 1660 philoso-

891 1660 981 1711 phis
1022 1663 1183 1712 quidem
1230 1665 1538 1716 subtilioribus,
1587 1668 1618 1705 si

890 1719 1054 1757 suerunt
1076 1721 1192 1769 forte,
1213 1725 1279 1771 qui
1300 1724 1430 1761 animo
1450 1738 1617 1776 corpus-

890 1777 1025 1814 culum
1043 1791 1159 1816 suum
1192 1779 1416 1818 detractum
1443 1795 1524 1819 esse
1549 1789 1616 1820 aut

888 1845 979 1871 eum
1020 1835 1104 1873 sine
1155 1850 1322 1888 corpore
1361 1840 1614 1890 superstitem

887 1892 1126 1942 cogitatione
1146 1896 1300 1945 assequi
1319 1897 1486 1946 vellent3
1504 1899 1613 1948 quod

886 1949 1040 1987 dubito.
1090 1952 1370 2002 Purgationem
1390 1955 1612 1993 animarum

883 2006 923 2042 in
955 2007 1035 2043 sole
1067 2014 1106 2045 et
1143 2010 1338 2047 sideribus
1367 2011 1483 2059 sieri,
1526 2019 1609 2049 sta-

882 2063 1004 2100 tuisse
1030 2063 1262 2117 AegyptiOS,
1290 2068 1365 2105 viri
1387 2068 1495 2106 docti
1515 2084 1608 2121 pas-

881 2120 955 2156 sim
990 2121 1131 2172 aiunt3
1187 2123 1281 2161 vide
1320 2125 1511 2164 Moshem.
1555 2128 1606 2164 ad

881 2177 1118 2217 Cudworth.
1157 2194 1243 2231 pag.
1283 2184 1378 2223 366.
1449 2184 1526 2221 Sed
1555 2198 1604 2222 ex

878 2235 967 2272 loco
986 2236 1197 2288 Porphyrii
1217 2238 1265 2275 de
1295 2240 1436 2278 abstin.
1457 2242 1518 2290 lv,
1540 2246 1602 2290 10,

881 2293 988 2329 testis
1011 2307 1080 2344 per
1100 2308 1139 2331 se
1168 2309 1309 2346 parum
1339 2297 1492 2346 idonei,
1527 2299 1601 2336 nisi

877 2351 993 2387 talem
1014 2352 1239 2402 opinionem
1267 2354 1344 2391 iam
1377 2356 1508 2393 animo
1535 2363 1600 2394 at-

876 2408 1044 2457 tuleris,
1087 2410 1129 2447 id
1176 2424 1254 2448 non
1302 2413 1414 2450 facile
1458 2414 1597 2453 elicias.

874 2463 987 2516 (742.
1020 2467 1221 2516 Infectam.
1242 2471 1369 2507 scelus
1384 2500 1393 2518 ,
1422 2471 1446 2507 i.
1466 2484 1496 2509 e.
1517 2486 1596 2522 quo

871 2535 911 2558 se
932 2523 1167 2562 infecerunt.
1226 2526 1357 2564 Minus
1389 2530 1596 2573 commode

868 2579 921 2616 ita
955 2581 1218 2632 explicueris:
1248 2584 1417 2635 eluitur,
1450 2593 1495 2623 ut
1522 2601 1593 2637 pro

865 2637 1012 2675 infecto
1048 2639 1121 2689 sit,
1161 2640 1186 2677 i.
1226 2653 1258 2679 e.
1298 2656 1394 2681 non
1438 2645 1590 2682 sacto.

871 2694 989 2747 er.)

923 2753 1018 2794 743.
1041 2754 1136 2794 744.
1183 2756 1357 2807 Quisque
1387 2773 1477 2793 snos·
1503 2772 1586 2806 prz-

863 2811 983 2846 timm·
1022 2813 1186 2852 illanes.
1251 2814 1423 2851 vexatus
1467 2814 1584 2852 locus.

862 2867 1157 2918 Simpliciss'ima
1197 2876 1325 2908 tamen
1373 2877 1430 2907 est
1464 2871 1583 2908 ratio:

859 2925 1036 2975 patimur
1077 2928 1267 2978 supplicia
1305 2927 1398 2965 haec
1436 2941 1582 2976 omnes,
