1779 3420
154 208 286 257 1034
498 201 1103 252 EXCURSUS
1177 200 1327 246 XIII

150 333 278 372 nostri
313 332 506 371 sermonis
536 332 718 383 genium,
767 330 808 368 id
841 343 939 368 vero
973 336 1054 377 est,
1096 328 1367 380 Pythagorae,
1400 324 1662 378 Empedoclis,

148 392 362 440 Heracliti,
392 390 569 429 Platonis
587 390 772 427 Manibus
788 388 976 425 iniuriam
992 389 1121 425 facere
1132 386 1180 437 *).

266 451 389 501 Saepe
413 448 464 486 ad
483 448 590 486 hanc
610 447 890 497 cogitationem
912 445 1111 482 deductus
1131 449 1190 481 est
1217 444 1384 492 animus,
1415 455 1505 479 cum
1525 441 1566 477 in
1586 439 1667 477 1100

149 507 254 546 libro
300 505 606 559 interpretando
642 501 961 551 Cudvvortlium‚
1014 516 1104 539 cum
1143 501 1300 539 doctiss.
1340 504 1663 546 commentatore,

148 565 479 615 Bruckerumque
508 563 754 614 inspicerem.
814 560 875 597 Ita
903 558 1197 607 Cudworthus,
1240 559 1328 608 qui,
1363 564 1524 610 praeter
1554 570 1663 594 cras—

149 623 250 672 sius,
282 623 389 661 aliud
409 621 569 660 tenuius
593 633 739 670 corpus
773 618 927 655 animae
956 617 1070 656 indui
1102 631 1123 654 a
1152 615 1364 653 Platonicis
1381 615 1554 662 viderat,
1587 613 1664 651 hoc

148 682 318 719 interius
349 681 500 717 aerium
530 684 570 715 et
607 676 812 728 spirituale
856 689 1001 726 corpus
1038 675 1080 712 in
1106 673 1315 724 Virgilium
1348 672 1565 719 inserebat,
1616 677 1664 708 ut

150 740 319 777 crassius
347 738 448 775 illud
477 737 797 786 integumentum
835 739 936 770 esset
951 733 1014 780 id,
1045 732 1155 783 quod
1177 731 1441 769 admissorum
1471 729 1664 767 scelerum

149 810 297 849 poenas
317 801 410 847 post
438 800 610 832 mortem
629 793 737 840 luat,
784 796 952 843 purgata
978 803 1076 829 vero
1105 789 1237 827 anima
1264 788 1434 836 defluat,
1466 794 1514 825 ut
1535 787 1665 823 anima

149 868 259 893 nunc
275 867 420 904 eorpus
453 852 686 889 aethereum
711 849 813 887 illud
842 855 882 886 et
913 844 1118 901 αὐγοειδὲς
1147 852 1334 885 ostentet.
1394 845 1664 884 Subtilitatem

149 912 257 951 hanc
278 917 386 949 recte
409 910 566 948 retudit
586 907 850 955 Moshemius,
880 921 920 958 p.
946 909 1068 947 1031.
1103 906 1224 947 1045.
1284 904 1335 942 At
1354 904 1459 942 idem
1483 903 1557 940 alia
1583 916 1666 940 non

149 971 281 1008 minus
304 969 504 1006 subtiliter
529 980 648 1018 super
670 963 821 1018 εἰδώλῳ
849 966 891 1002 111
915 964 1050 1002 inseris
1078 964 1174 1002 loeis
1194 969 1406 1014 argutatur
1429 962 1480 999 ad
1512 975 1550 999 v.
1582 963 1665 1001 292

149 1028 189 1066 h.
211 1028 250 1076 1.,
282 1027 379 1065 dum
404 1040 548 1078 corpus
570 1025 671 1063 illud
689 1024 835 1062 subtile
866 1029 905 1060 et
928 1029 1071 1069 tenue,
1114 1021 1223 1072 quod
1244 1021 1397 1058 animae
1422 1025 1555 1057 manet
1587 1018 1664 1055 im—

148 1086 340 1138 plicitum,
372 1086 491 1123 etiam
513 1099 534 1121 a
556 1095 724 1134 corpore
743 1082 956 1128 seiunctae,
987 1093 1059 1132 per
1079 1084 1262 1117 animum
1282 1083 1509 1116 sentientem
1535 1077 1665 1114 inter-

150 1149 346 1196 pretatur.
406 1142 531 1193 Atqui
552 1141 660 1193 apud
678 1146 815 1192 poetas
829 1170 839 1189 ,
872 1139 1001 1176 multo
1023 1138 1143 1189 magis
1165 1137 1272 1188 apud
1293 1137 1526 1184 Homerum,
1557 1134 1665 1172 ultra

150 1215 296 1253 corpus
321 1207 456 1249 tenue,
501 1214 551 1238 ex
574 1205 711 1237 vetere
741 1204 781 1235 et
806 1197 964 1249 poetica
992 1197 1148 1235 ratione
1176 1194 1277 1232 nihil
1306 1201 1365 1232 est
1396 1192 1664 1245 cogitandum,

149 1261 306 1310 quoties
337 1260 525 1307 εἴδωλον,
565 1256 771 1305 umbram,
814 1255 964 1293 audias,
1023 1254 1151 1292 Multo
1189 1253 1330 1290 melius
1361 1252 1460 1289 haec
1489 1251 1666 1289 Iortinus

149 1318 335 1370 exposuit
359 1317 450 1370 (Six
472 1317 765 1354 Dis-senatibus
794 1328 903 1364 upon
922 1312 1108 1365 different
1128 1310 1306 1358 Subsecls
1340 1324 1427 1362 pag.
1445 1312 1528 1351 216
1547 1308 1665 1361 sqq.),

150 1377 217 1427 qui
238 1375 339 1414 nihil
358 1376 439 1427 ipse
469 1375 517 1412 ab
552 1373 667 1411 initio
700 1371 837 1409 statim
865 1371 1001 1423 ponit,
1042 1370 1112 1407 sed
1151 1369 1423 1407 annumeratis
1454 1367 1551 1404 locis
1578 1366 1666 1403 Ho-

149 1435 326 1483 mericis,
371 1433 468 1484 quid
497 1432 591 1470 inde
618 1430 835 1477 efficiatur,
877 1429 1006 1466 docet.
1066 1427 1255 1466 Animum
1287 1428 1569 1477 incorporeum
1597 1430 1667 1461 aut

150 1507 319 1544 corpuS,
349 1492 459 1542 quod
486 1489 626 1529 animis
647 1502 721 1540 pro
743 1487 929 1525 vehiculo
950 1487 1019 1535 sit,
1052 1486 1245 1537 cogitare,
1278 1498 1417 1522 eorum
1443 1489 1666 1535 temporum

149 1550 440 1601 hominumque
466 1549 679 1587 inventum
702 1552 783 1596 est,
815 1546 883 1596 qui
911 1545 959 1582 de
985 1544 1211 1582 animorum
1233 1544 1391 1581 naturis
1411 1543 1490 1579 iam
1513 1541 1561 1578 ab
1591 1540 1665 1577 ali-

149 1622 228 1659 quo
261 1608 355 1646 inde
383 1614 564 1660 tempore
592 1605 778 1643 subtilius
815 1604 1038 1654 disputare,
1084 1609 1123 1640 et
1151 1601 1203 1640 ad
1226 1602 1415 1639 maiorem
1448 1600 1667 1638 verborum

149 1667 415 1704 subtilitatem
436 1666 658 1704 orationem
679 1675 821 1700 acuere
846 1661 1082 1699 didicerant.
1143 1659 1194 1697 At
1217 1666 1371 1697 veteres
1398 1658 1460 1695 isti
1487 1656 1667 1695 contenti

150 1731 278 1774 erant,
308 1737 371 1762 res
393 1724 443 1761 ad
466 1737 625 1761 sensum
645 1733 849 1767 revocare,
881 1719 1014 1757 sensui
1035 1718 1246 1756 oculorum
1265 1724 1305 1755 et
1327 1717 1551 1754 animorum
1570 1714 1667 1752 sub—

151 1783 290 1830 iicere,
330 1782 482 1832 mythis
512 1795 585 1832 pro
618 1778 868 1829 dogmatibus
901 1777 970 1814 uti.
1030 1776 1159 1814 Multo
1182 1776 1325 1822 minus,
1366 1787 1435 1825 per
1460 1773 1665 1820 sermonis,

151 1854 230 1891 quo
249 1840 483 1888 utebantur,
514 1838 712 1875 rationem
735 1842 773 1871 et
795 1841 1004 1880 naturam,
1035 1834 1076 1871 in
1101 1834 1208 1870 illam
1237 1832 1463 1869 doctrinam
1491 1830 1667 1868 incidere

150 1899 286 1951 potuit
313 1903 448 1936 vetere
475 1909 573 1934 aevo
600 1894 822 1945 quisquam,
855 1898 902 1929 ut
927 1892 1104 1928 animum
1123 1891 1407 1940 incorporeum
1428 1889 1667 1939 cogitatione

152 1956 391 2008 conciperet.
459 1953 697 2005 Expeditior
723 1958 763 1988 et
794 1950 949 1987 facilior
979 1950 1058 1986 fuit
1086 1950 1151 1987 via
1183 1955 1275 1999 post
1304 1948 1413 1985 ideas
1444 1947 1667 1984 Platonicas

150 2015 294 2053 illatas.
354 2011 694 2062 Quandoquidem
716 2014 847 2046 autem
866 2008 914 2054 ii,
946 2007 1014 2057 qui
1034 2013 1124 2058 post
1141 2006 1339 2058 principes
1360 2005 1449 2042 illos
1471 2005 1667 2054 sapientes

150 2071 423 2125 philosophati
447 2077 562 2118 sunt,
594 2069 711 2106 etiam
733 2080 823 2104 cum
849 2065 1058 2102 subtiliore
1087 2071 1127 2102 ct
1153 2077 1335 2102 sermone
1358 2069 1397 2100 et
1430 2063 1667 2113 cogitatione

149 2137 386 2179 uterentur,
426 2135 560 2166 tamen
593 2127 658 2165 vel
689 2124 909 2162 secundum
944 2123 1130 2173 antiquos
1164 2123 1252 2160 illos
1282 2122 1346 2160 vel
1378 2121 1571 2158 adversus
1602 2133 1667 2157 eos

151 2189 433 2241 disputabant,
465 2187 612 2223 mirum
640 2198 722 2223 non
743 2189 802 2220 est
822 2183 861 2219 in
889 2182 1064 2219 Socratis
1087 2193 1289 2228 sermone,
1321 2181 1361 2217 in
1382 2179 1594 2217 Platonicis
1625 2184 1666 2215 et

149 2248 312 2298 reliquis
337 2246 447 2283 libris
470 2241 757 2295 philosophicis
781 2247 842 2278 tot
873 2252 1077 2291 superesse
1106 2238 1252 2290 poetici
1282 2237 1447 2275 alicuius
1475 2237 1667 2274 sermonis

151 2311 223 2343 aut
247 2303 447 2356 mythicae
474 2303 539 2340 vel
562 2300 792 2351 allegoricae
813 2297 1054 2336 narrationis
1075 2311 1149 2348 pro
1172 2296 1511 2334 demonstratione
1533 2294 1595 2332 vel
1616 2294 1668 2331 11-

150 2364 388 2400 lustratione
407 2361 570 2411 vestigia
589 2373 633 2396 ac
649 2356 889 2408 fragmenta*
902 2355 951 2409 *).
993 2355 1116 2402 Quod
1144 2355 1271 2392 multo
1290 2353 1412 2404 magis
1430 2353 1470 2390 in
1498 2354 1584 2390 loco
1618 2352 1667 2389 de

151 2421 271 2458 rebus
297 2419 433 2457 inferis
464 2418 642 2455 accidere
676 2415 835 2462 debuit,
887 2428 978 2450 011111
1008 2428 1029 2450 3
1058 2413 1306 2463 sequioribus
1340 2410 1587 2462 philosophis
1617 2409 1666 2447 de

152 2478 264 2526 sede,
295 2484 402 2515 sorte
436 2490 480 2513 ac
503 2475 733 2513 conditione
755 2473 979 2510 animorum
1001 2477 1092 2522 post
1114 2476 1309 2517 mortem,
1351 2468 1452 2506 nihil
1471 2468 1665 2515 subtilius,

153 2535 423 2588 exploratius,
455 2546 501 2571 30
528 2532 716 2571 disertius
745 2529 877 2568 afferri
901 2536 1046 2582 posset.
1107 2530 1258 2567 Rerum
1280 2527 1384 2566 enim
1404 2528 1443 2565 in
1467 2527 1543 2566 alio
1571 2526 1666 2564 orbe

247 2707 274 2750 ’)
298 2705 482 2738 Meliorem
504 2705 592 2737 viam
616 2704 764 2748 ingressi
784 2710 883 2745 sunt,
919 2704 976 2747 qui
1004 2709 1086 2746 post
1108 2702 1175 2733 isia
1203 2699 1311 2733 seculi
1334 2699 1437 2731 LXX
1459 2708 1547 2729 anno
1576 2696 1666 2729 scri-

153 2760 215 2797 pta
234 2760 388 2786 veterem
416 2751 679 2797 philosophiam
709 2752 871 2784 subtilius
894 2762 1108 2794 exposuere,
1142 2747 1299 2791 inprimis
1319 2747 1396 2779 VV.
1417 2746 1478 2777 CC.
1504 2745 1667 2777 Meiners

154 2807 190 2833 et
214 2801 420 2833 'I'iedemam

245 2858 297 2901 **)
324 2858 376 2890 Ab
394 2857 462 2889 hoc
480 2855 654 2900 principio
677 2854 735 2886 ubi
755 2854 915 2897 prosecta
940 2853 1044 2884 suerit
1066 2851 1190 2891 oratio,
1211 2856 1282 2882 tuin
1301 2850 1361 2883 illa
1382 2849 1506 2882 deduci
1524 2848 1667 2880 tandem

155 2911 273 2947 potest
291 2905 335 2937 ad
357 2906 397 2937 ca
415 2915 564 2948 quoque,
591 2914 678 2946 quae
697 2901 884 2934 Gai-nerins
907 2906 1113 2943 exsequutus
1132 2904 1185 2930 est
1207 2899 1416 2941 (llldmoires
1432 2897 1476 2928 de
1494 2896 1666 2927 Litterat.

153 2953 194 2984 Τ.
219 2953 359 2994 XXXI,
394 2963 429 2995 p.
452 2951 544 2994 164),
566 2962 642 2983 cum
664 2948 850 2982 ostendere
867 2947 985 2988 vellet,
1004 2958 1071 2991 quo
1092 2945 1239 2979 consilio
1258 2945 1354 2978 Plato
1372 2942 1490 2977 fabula
1508 2954 1586 2975 usus
1609 2940 1666 2973 sit.
