1827 3436
376 225 782 277 AENEIDOS
822 226 1066 288 LIB.11‚
1107 232 1403 281 377-394

1561 241 1660 285 323

145 357 403 404 Monstrat
422 352 536 415 iter,
560 367 772 417 quaque
793 350 1029 400 ostendit
1047 367 1103 401 se
1130 351 1326 417 dextra,
1348 371 1659 422 sequamur:

143 427 412 473 Mutemus
433 421 657 487 clipeos,
692 424 1050 487 Danaumque
1078 421 1297 487 insignia
1320 425 1476 474 nobis

142 496 413 559 AptemUS.

142 632 301 679 Arma
324 629 527 678 dabunt
552 629 662 695 ipsi.

491 490 684 555 Dolus,
746 507 811 540 an
867 492 1054 555 virtUS,
1112 493 1229 559 quis
1277 494 1330 542 in
1379 494 1537 546 hoste
1575 514 1659 547 re-

927 561 1099 628 quirat
1110 567 1133 612 ?
1558 574 1660 620 390

739 630 824 679 Sic
845 627 1008 694 ilum,
1045 631 1244 682 deinde
1268 644 1575 685 comantem

142 699 413 764 Androgei
434 699 640 764 galeam
667 699 933 767 clipeique
953 701 1155 766 insigne
1181 702 1443 753 decorum

140 768 409 831 Induitur,
449 769 707 836 laterique
735 771 989 834 Argivum
1012 772 1396 822 adcommodat
1421 791 1619 828 ensem.

141 841 255 888 Hoc
276 839 541 905 Rhipeus,
579 839 684 889 hoc
705 840 817 905 ipse
843 844 1060 904 Dymas,
1102 844 1385 909 omnisque
1412 846 1657 896 iuventus

211 938 324 984 388.
361 946 658 991 sEQuAMUR.

232 1083 302 1118 388
326 1095 399 1128 qua
425 1096 464 1116 se
498 1084 659 1117 ostendit
686 1095 754 1116 sec.
784 1085 907 1117 Hamb.
961 1097 999 1117 se
1029 1086 1131 1119 abest
1163 1098 1182 1118 a
1209 1087 1342 1120 Zulich.
1368 1094 1405 1120 et
1437 1089 1546 1122 Goth.
1575 1098 1655 1125 tert.

142 1129 205 1162 sed
231 1130 333 1162 alter.
383 1131 547 1163 extendit
576 1143 615 1163 Se
640 1131 773 1163 dextra
804 1132 926 1174 fragm.
952 1131 1081 1165 Moret.
1117 1140 1152 1165 et
1180 1133 1335 1166 eiusdem
1362 1135 1475 1167 codex
1503 1145 1656 1180 quartus.

140 1177 208 1212 389
235 1185 419 1210 mutamus·
438 1178 527 1209 Gud.
550 1190 569 1210 a
593 1190 645 1222 pr.
666 1189 710 1209 m.
736 1179 920 1211 mittemus
937 1179 1023 1222 Deg.
1061 1180 1220 1226 ciclopes
1241 1181 1350 1214 Goth.
1376 1194 1430 1225 pr.
1487 1184 1558 1218 390
1577 1187 1658 1229 quis

143 1222 187 1255 ab
207 1224 314 1256 hoste
331 1224 463 1268 aliquot
486 1224 577 1256 Pier.
630 1226 792 1268 requiret
819 1226 976 1257 nonnulli
1004 1227 1097 1270 apud
1127 1228 1229 1260 eund.
1280 1230 1433 1274 requirit
1460 1231 1595 1274 Hugen.
1623 1240 1657 1264 et

141 1271 249 1302 Goth.
282 1270 342 1303 alt.
374 1278 406 1303 et
431 1272 524 1314 apud
550 1271 703 1303 Mam-ob.
734 1272 787 1311 V,
816 1273 868 1305 16.

928 1273 1069 1306 revisat
1094 1273 1186 1306 alter
1206 1275 1330 1307 Hamb.
1426 1277 1492 1311 391
1520 1280 1657 1311 Arma?

141 1315 284 1349 dabunt
311 1318 391 1362 ipsi.
440 1319 492 1350 Ita
523 1318 662 1350 Servius
692 1317 898 1360 distinguit3
933 1319 1043 1351 minus
1077 1320 1178 1354 bene.
1225 1322 1367 1354 dabunt
1397 1322 1522 1355 hostes
1538 1325 1654 1368 Bigot.

141 1364 282 1396 dabunt
308 1363 371 1396 int.
402 1364 532 1397 dietum
555 1376 620 1408 pro
653 1365 761 1405 dent,
803 1365 1014 1399 ministrent.
1064 1368 1170 1400 clade
1199 1380 1265 1412 pro
1296 1369 1427 1401 deinde
1448 1371 1556 1404 Goth.
1586 1384 1653 1405 sec.

140 1411 210 1445 392
242 1411 441 1455 Androgeo
470 1411 627 1443 nonnulli
656 1411 748 1456 apud
781 1411 931 1445 Pierium
961 1419 997 1445 et
1022 1413 1182 1455 Dorvill.,
1227 1427 1270 1448 ex
1296 1414 1585 1460 interpolatione,
1617 1426 1655 1451 ut

141 1456 200 1488 inf.
232 1456 302 1492 425
335 1458 506 1491 Peneleo.
536 1459 579 1491 cf.
608 1460 666 1499 VI,
698 1460 755 1493 20.
782 1459 863 1503 (vid.
895 1461 935 1492 V.
957 1460 996 1493 L.
1027 1461 1072 1493 ad
1096 1473 1145 1494 VS.
1175 1462 1255 1497 371.
1286 1463 1380 1506 IVr.)

141 1503 267 1536 decori
295 1510 375 1535 sunt
402 1504 460 1548 qui
491 1504 611 1548 legant
640 1505 733 1550 apud
762 1505 932 1547 Pieriam,
970 1513 1005 1539 et
1039 1508 1088 1541 sic
1119 1508 1226 1541 Goth.
1247 1515 1326 1542 tert.

136 1550 282 1595 pluteus
305 1562 324 1582 a
353 1563 396 1583 m.
427 1563 493 1596 pr„
518 1552 685 1598 Riphea-9
709 1564 727 1585 a
751 1564 818 1585 sec.
848 1552 988 1596 Medic„
1016 1562 1052 1586 ut
1070 1554 1162 1587 idem
1194 1567 1298 1600 supra
1324 1568 1372 1589 vs.
1389 1557 1482 1597 339„
1507 1558 1565 1591 ubi
1586 1559 1653 1592 vid.

140 1597 183 1629 v.
196 1597 234 1629 L.
258 1597 354 1639 Wr.)

139 1727 282 1764 lentem
302 1727 351 1765 cf.
372 1727 463 1765 Not.
486 1727 537 1765 ad
563 1728 651 1777 XII,
682 1728 720 1769 4.
739 1730 864 1768 chlz.

140 1806 192 1812 -
225 1784 334 1822 Idem
365 1785 575 1823 Wunderl.
602 1786 650 1825 de
675 1799 734 1824 vs.
768 1789 864 1829 386.

139 1842 299 1880 scribit:
341 1845 512 1891 „Animi
538 1845 793 1883 referendum
814 1845 865 1883 ad

137 1899 419 1938 fortitudinem
470 1901 681 1939 sociorum.
761 1904 864 1941 Suc-

138 1970 249 1995 cessu
279 1965 319 1996 et
340 1959 493 1996 virtute
521 1960 719 1998 sociorum
745 1960 862 1998 effer-

136 2021 206 2053 tur
227 2016 467 2054 Coroebus.“
525 2017 580 2056 At
609 2019 757 2055 animis
788 2019 864 2056 al·-

137 2075 301 2111 terias
352 2075 548 2112 exsullare
587 2075 657 2114 vix
702 2075 864 2114 videtur

136 2130 335 2169 Latinum.
394 2134 609 2170 Exsultare
631 2147 710 2170 non
734 2134 863 2172 solum

139 2188 188 2225 de
210 2188 362 2227 laetitia
385 2189 543 2239 dicitur,
574 2191 644 2228 sed
671 2191 789 2228 etiam
813 2192 863 2230 de

136 2245 282 2283 fiducia
328 2247 417 2296 illa,
469 2261 570 2298 quae
609 2248 788 2287 cernitur
822 2249 864 2287 in

137 2303 304 2342 audacia
341 2311 381 2342 et
416 2305 678 2355 fortitudine3
731 2312 774 2344 ut
815 2307 863 2357 V,

136 2364 252 2402 398.:
283 2362 517 2412 „iuvent-as,
551 2377 630 2414 qua
649 2363 777 2402 fidens
798 2364 864 2403 ille

135 2419 350 2458 exsultat.“
410 2422 461 2469 X,
493 2424 610 2464 813:
650 2422 758 2471 „Nec
786 2423 864 2461 mi-

135 2490 210 2514 nus
231 2477 296 2515 ille
317 2478 506 2517 Exsultat
526 2479 727 2530 demens,“
756 2481 863 2519 Lau-

137 2547 214 2572 sus.
273 2535 411 2586 Itaque
443 2537 646 2576 Coroebus
677 2544 715 2576 et
736 2539 862 2576 laeta—

136 2595 203 2628 tur
240 2605 422 2632 successu
471 2601 508 2632 et
546 2596 715 2634 maiores
755 2597 863 2649 capit

138 2649 297 2688 animos.
335 2650 446 2705 W'r.)

193 2709 287 2748 388.
324 2710 417 2760 Qua
437 2712 607 2749 ostendit
635 2726 674 2748 se
691 2712 857 2750 dextra:

139 2761 299 2802 fortuna
333 2781 374 2803 se
407 2769 610 2817 dextram,
655 2769 860 2808 faventem

139 2831 185 2856 ac
220 2823 453 2876 propitiam,
505 2826 698 2876 ostendit,
749 2827 860 2878 quod

137 2875 200 2925 VI,
232 2881 296 2920 96.
331 2896 412 2932 qua
434 2892 504 2921 tua
537 2892 573 2921 te
592 2885 770 2935 fortuna
802 2887 861 2923 si-

136 2942 208 2971 nel.
277 2940 370 2979 389.
402 2942 591 2991 Insignia
620 2942 684 2980 vel
718 2942 766 2980 de
789 2943 861 2981 cli——

1429 1464 1606 1509 clipeique
1631 1468 1653 1499 i.

1385 1510 1452 1553 (—
1477 1512 1559 1546 394.
1582 1514 1654 1545 1³1·-

924 1743 1093 1781 peorum
1124 1730 1344 1782 insignibus
1370 1745 1415 1769 ac
1436 1732 1652 1784 sculpturis

925 1789 985 1826 vel
1017 1789 1065 1826 de
1095 1788 1213 1839 galeis
1242 1795 1282 1826 et
1315 1790 1455 1839 crista3
1495 1791 1652 1829 Poetica

923 1852 1060 1884 tamen
1072 1846 1228 1884 ratione
1247 1847 1320 1898 ipsi
1339 1848 1459 1898 clipei
1475 1855 1569 1886 sunt
1588 1852 1651 1887 iiz-

920 1906 1080 1955 signia,
1112 1911 1311 1954 quatenus
1332 1905 1457 1942 Danai
1478 1905 1538 1944 his
1557 1908 1652 1959 ipsis

924 1962 1216 2013 insigniuntur,
1247 1968 1296 2000 ut
1324 1976 1420 2000 mox
1446 1965 1568 2014 clipei
1585 1968 1651 2002 in„—

923 2022 1065 2070 signe;
1110 2021 1199 2069 vel,
1227 2026 1274 2058 ut.
1302 2021 1454 2069 malini,
1487 2023 1650 2061 omnino

923 2090 1057 2127 arma,
1099 2078 1244 2128 quibus
1270 2078 1431 2116 Troiani
1470 2093 1490 2116 a
1523 2081 1649 2117 Grae-

924 2136 978 2172 cis
1017 2135 1195 2186 dignosci
1221 2142 1422 2187 poterant.
1472 2135 1544 2189 (De
1574 2138 1648 2175 in—

922 2193 1172 2244 signibus,
1231 2206 1311 2243 quo
1342 2193 1538 2233 vocabulo
1568 2210 1648 2246 ga-

919 2251 1029 2288 leae
1058 2250 1269 2303 praecipue
1295 2257 1513 2301 notantur,
1555 2253 1649 2291 vide

920 2308 1158 2360 interpretes
1181 2308 1232 2346 ad
1254 2309 1361 2346 Caes,
1382 2309 1426 2347 B.
1451 2310 1496 2348 G.
1512 2310 1538 2359 Ι,
1560 2314 1647 2352 22.;

921 2367 976 2404 ld
996 2381 1037 2403 se
1055 2381 1081 2404 α
1103 2367 1277 2404 Gallicis
1299 2370 1423 2404 armis
1443 2375 1562 2419 atque
1582 2370 1646 2405 in-

922 2423 1104 2474 signibus
1123 2425 1367 2474 cogn01¹isse.
1416 2425 1531 2463 Adde
1553 2426 1645 2464 infr.

921 2483 1038 2523 412:
1101 2483 1322 2520 Graiarum
1366 2497 1490 2520 errore
1527 2483 1647 2521 iuba-

920 2553 1019 2577 mm.
1072 2540 1231 2578 Tacitus
1261 2539 1363 2577 Hist.
1392 2540 1430 2589 I,
1462 2542 1530 2582 38.
1571 2541 1646 2579 in·-

919 2597 1085 2648 signia
1115 2598 1288 2636 militum
1313 2609 1548 2647 memorans,
1578 2599 1646 2637 illa

918 2655 1093 2705 galeas
1138 2661 1180 2693 et
1218 2661 1365 2692 scuta
1404 2668 1486 2692 esse
1516 2663 1644 2695 notat.

925 2714 994 2752 IV
989 2711 1068 2766 cli.)
1128 2712 1233 2751 Illud
1259 2719 1393 2750 tamen
1411 2726 1552 2751 verum
1572 2721 1643 2764 est,

917 2769 960 2806 in
984 2768 1167 2821 tragicis,
1209 2771 1313 2808 forte
1341 2776 1381 2807 et
1410 2770 1452 2808 in
1473 2772 1642 2823 cyclicis,

918 2826 1166 2866 Achivorum
1196 2834 1237 2866 et
1263 2828 1530 2866 Troianorum
1567 2830 1641 2867 cli-

920 2898 1014 2935 peos
1040 2885 1207 2937 insignia
1223 2884 1387 2924 habere:
1419 2891 1459 2924 et
1486 2899 1535 2923 ex
1551 2893 1639 2923 tra-

920 2943 1100 2992 gicorum
1130 2957 1206 2982 usu
1247 2942 1401 2980 dictum
1437 2956 1518 2980 esse
1557 2946 1638 2984 392

1247 3012 1363 3055 21*
