1779 3420
103 278 205 327 364

445 274 499 322 P.
538 267 893 321 VIRGILII
926 259 1297 314 MARONIS

173 402 270 453 Vix
298 416 358 449 ea
382 397 520 447 fatus
557 404 668 446 erat
691 393 893 443 senior:
938 388 1229 454 subitoque
1259 385 1474 451 fragore

104 470 350 522 Intonuit
380 469 618 529 laevum,
661 474 714 514 et
739 463 807 512 de
830 460 983 511 coelo
1006 458 1149 523 lapsa
1175 474 1273 523 per
1292 456 1512 505 umbras

109 540 277 592 Stella
302 539 475 588 facem
506 537 707 586 ducens
732 532 898 582 multa
922 546 1045 579 cum
1074 527 1193 577 luce
1222 527 1466 577 cucurrit.

103 611 279 671 Illam,
317 625 528 659 summa
555 621 718 671 super
740 603 1013 651 labentem
1037 598 1272 647 culmina
1293 597 1435 661 tecti,

1532 599 1633 648 695

107 682 390 734 Cernimus
416 677 575 728 Idaea
597 675 790 724 claram
817 689 873 721 se
901 668 1138 720 condere
1160 667 1303 731 silva,

108 753 530 816 Signantemque
559 747 689 805 vias;
721 752 838 791 tum
865 741 1028 804 longo
1062 739 1233 787 limite
1260 736 1437 786 sulcus

105 826 208 873 Dat
234 821 436 881 lucem,
477 826 528 867 et
561 816 665 865 late
693 814 890 863 circum
919 810 1036 860 loca
1063 806 1269 858 sulfure
1296 805 1521 857 sumant.

184 998 254 1033 693
277 997 419 1030 laevom
444 995 559 1027 Burm.
584 1003 626 1025 ex
651 991 742 1024 Gud.
793 988 954 1023 umbram
978 988 1114 1028 Franc.,
1139 992 1177 1018 ut
1203 984 1299 1019 alibi.

445 1049 478 1074 et
515 1040 564 1073 ita
599 1038 706 1072 scribi
751 1037 849 1070 malit
883 1036 1028 1070 Wakef.
1065 1034 1109 1067 ad
1145 1034 1283 1066 Lucret.
1320 1033 1375 1072 V,
1416 1032 1496 1066 682.
1537 1029 1633 1071 Wr.)

108 1057 186 1078 cum
218 1043 367 1077 Dorviil.
421 1042 432 1086 (

106 1093 176 1127 695
202 1090 417 1125 lambentem
443 1087 590 1120 Dorvill.

686 1086 755 1120 696
788 1085 921 1118 Silvam
946 1083 1071 1127 fragm.
1098 1081 1214 1115 Vatic.

1395 984 1465 1019 694
1500 993 1636 1028 magna

1323 1080 1392 1114 697
1419 1079 1532 1123 longo
1558 1085 1634 1109 tum

107 1139 250 1183 Cuuing.
279 1150 320 1170 ex
344 1137 445 1170 Huls.
493 1135 606 1168 limite
630 1133 780 1166 firmavit
803 1137 887 1177 post
921 1130 1012 1163 Pier.
1039 1128 1160 1161 Heius.
1201 1140 1218 1159 e
1253 1126 1357 1159 codd.
1414 1125 1544 1169 Vulgg.
1571 1124 1633 1156 lu-

107 1188 200 1219 mine
227 1186 283 1218 vel
309 1183 634 1217 limina—sulcos
657 1193 711 1225 pr.
736 1178 906 1213 Rottend.
943 1177 1070 1219 (sulcis
1096 1176 1176 1209 Alb.
1206 1175 1304 1217 afr.)
1342 1186 1422 1206 cum
1448 1175 1472 1206 l.
1497 1173 1520 1204 l.
1551 1171 1633 1203 sul-

106 1246 197 1266 cans
220 1232 331 1266 Wall.
367 1232 405 1264 F.
419 1229 579 1263 mollius:
606 1229 893 1274 Signantemque
918 1226 999 1258 vias
1023 1233 1100 1257 tum
1126 1224 1150 1256 l.
1176 1223 1200 1255 l.
1228 1234 1255 1255 s.
1283 1225 1358 1254 Dat
1384 1221 1510 1253 lucem.
1545 1219 1633 1262 (Re—

107 1286 162 1313 cte
183 1281 250 1313 hoc
275 1279 390 1312 reiicit
414 1275 572 1315 Iahnius;
596 1275 738 1307 videtur
763 1272 919 1317 Heynius
945 1284 1043 1304 usum
1064 1271 1201 1315 vimque
1228 1267 1419 1314 particulae
1455 1275 1531 1300 tum
1563 1276 1631 1297 non

106 1327 350 1372 perspexisse,
376 1325 420 1358 de
445 1335 514 1370 quo
541 1322 612 1356 vid.
639 1323 682 1364 Q.
708 1322 752 1355 V.
780 1321 902 1362 XXV,
929 1320 962 1361 6,
989 1331 1018 1352 e.
1050 1317 1145 1362 Wr.)

106 1497 161 1520 ηα
177 1481 330 1531 firma,
362 1479 585 1519 seeundum
607 1476 839 1530 auguralem

107 1540 370 1592 disciplinam.
402 1539 452 1577 cf.
471 1537 512 1576 h.
533 1538 558 1576 l.
577 1539 690 1575 Serv.
718 1536 839 1573 Pom—

106 1612 200 1650 pon.
260 1598 349 1636 Hoc
377 1597 511 1635 statim
532 1596 602 1644 fit,
635 1595 734 1632 dum
753 1593 840 1630 lae-

106 1670 204 1694 vum
226 1662 353 1695 tonat.
386 1656 435 1693 cf.
458 1654 602 1705 OdySS.
621 1669 658 1701 υ,
679 1655 734 1693 97
755 1664 838 1701 sqq.

106 1714 223 1751 Dicta
250 1720 384 1753 autem
406 1712 506 1750 haec
527 1711 578 1748 ad
609 1710 839 1762 opinionem

107 1781 306 1820 veterum,
327 1778 366 1809 et
380 1784 530 1809 morem
547 1768 708 1820 petendi
722 1780 839 1805 omen

109 1849 130 1871 a
153 1834 245 1871 diis:
277 1830 409 1882 quod,
446 1829 476 1866 si
508 1826 730 1879 propitium
759 1839 840 1862 nu-

109 1905 200 1931 men
223 1895 344 1937 esset,
376 1886 577 1937 extemplo
610 1885 658 1922 ab
685 1897 730 1920 eo
762 1883 840 1920 im—

108 1954 356 2003 petrau-etum
396 1944 522 1997 quid‘?
564 1941 676 1993 quod
695 1947 735 1978 et
756 1940 842 1992 cogi

110 2021 257 2047 numen
278 2018 392 2058 posse
422 2007 642 2055 putarunt,
673 2005 720 2037 ut
743 1998 841 2037 ede-

108 2073 173 2104 ret
204 2078 339 2113 omen5
381 2068 440 2109 et,
478 2059 589 2111 quod
619 2059 738 2095 etiam
766 2057 840 2094 ab—

109 2124 293 2170 surdius,
336 2122 429 2158 elt'ei
457 2131 570 2170 posse
599 2117 734 2154 Iovem
770 2128 841 2167 per

110 2188 239 2220 certos
267 2181 390 2227 ritus,
434 2183 482 2214 ut
502 2177 543 2214 in
579 2180 839 2226 conspectum

109 2240 245 2279 veniat
267 2248 307 2275 et
328 2250 397 2274 seu
420 2233 665 2286 impetrandi
697 2232 840 2270 ominis

108 2298 276 2335 modum
301 2296 442 2333 doceat
465 2306 534 2331 seu
555 2304 692 2329 rerum
714 2303 839 2328 even—

109 2362 196 2393 tum
220 2359 393 2392 moneat.
439 2350 520 2403 (-
539 2352 635 2391 692.
666 2362 714 2386 ne
733 2348 839 2386 inter

110 2427 148 2450 se
177 2419 318 2450 mutuo
349 2409 488 2448 referri
519 2422 594 2459 (sue
700 2414 736 2442 el
764 2420 837 2444 ex-

109 2472 278 2518 istimes,
327 2468 410 2506 vid.
443 2467 493 2514 Q.
515 2466 562 2503 V.
592 2464 770 2512 XXXV,
803 2467 841 2506 6.

110 2529 329 2580 „fi-agore:
370 2526 394 2562 i.
419 2537 450 2562 e.
473 2523 572 2561 coeli
595 2521 843 2559 confractio-

110 2600 158 2624 ne
181 2586 244 2623 vel
275 2584 417 2621 fissura
444 2581 651 2619 nubiumf·
685 2579 842 2617 Wakes.

110 2644 160 2682 ad
179 2645 337 2681 Lucret.
358 2641 405 2689 V,
436 2640 532 2681 318.
569 2635 678 2688 lVr.)

168 2756 427 2802 693-698,
449 2752 569 2790 Stella
588 2750 733 2787 cadens
755 2763 840 2800 sup.

110 2819 215 2856 inter
239 2811 492 2867 prognostica
520 2810 662 2857 Georg.
695 2808 724 2855 1,
758 2807 839 2847 365

108 2890 192 2927 sqq.
226 2872 388 2920 habita3
429 2870 477 2907 cs.
498 2866 647 2919 Spanh.
672 2865 722 2902 ad
747 2864 838 2901 (Ial-

109 2935 188 2972 lim.
223 2932 264 2969 in
297 2930 381 2967 Del.
411 2929 479 2968 38.
525 2931 566 2962 at
598 2937 707 2962 nunc
733 2921 840 2959 inter

109 2990 284 3043 auspicia
317 2993 358 3026 et
397 2984 437 3024 h.
468 2984 492 3021 l.
538 2981 700 3034 quidem
731 2979 838 3018 inter

897 1475 1026 1525 laeta,
1077 1473 1226 1525 quippe
1265 1472 1380 1523 fugae
1411 1468 1634 1520 suscipien-

899 1533 992 1583 dae3
1023 1533 1078 1570 sie
1098 1534 1252 1570 faustae
1282 1527 1547 1580 navigationis
1571 1540 1632 1577 ap.

900 1591 1086 1643 Apollon.
1112 1590 1177 1638 1V,
1195 1588 1279 1629 294
1301 1601 1358 1638 sq.
1381 1593 1422 1624 et
1444 1585 1559 1624 venti
1571 1598 1634 1621 se-

899 1649 1021 1688 cundi
1045 1648 1153 1700 apud
1174 1647 1346 1684 Theocr.
1366 1644 1470 1691 XIII,
1502 1645 1558 1685 50
1575 1656 1631 1693 sq.

896 1709 997 1746 bene
1037 1707 1088 1744 ad
1135 1706 1348 1743 Dioscuros
1395 1701 1633 1740 traductum

899 1765 1009 1817 apud
1040 1765 1126 1803 Val.
1162 1763 1220 1802 Fl.
1254 1762 1291 1810 I,
1324 1762 1421 1803 568.
1482 1760 1633 1810 Respe-

897 1824 1003 1862 xisse
1044 1822 1210 1861 videtur
1252 1825 1373 1872 poeta
1410 1817 1634 1855 Homerum

899 1881 1011 1920 Iliad.
1041 1881 1077 1930 δ,
1100 1880 1153 1921 75
1186 1892 1270 1929 sqq.
1303 1884 1343 1915 et
1361 1875 1548 1926 Apollon.
1568 1875 1632 1925 IV,

899 1938 983 1981 294
1006 1952 1089 1989 sqq.
1112 1951 1203 1975 cuni
1233 1936 1297 1987 ΙΙΙ,
1335 1937 1442 1976 1377
1461 1947 1517 1984 sq.
1549 1933 1633 1970 Ite-

899 2011 991 2035 rum
1015 1997 1085 2034 ins.
1107 1996 1153 2043 V,
1184 1995 1268 2036 527
1289 1994 1397 2031 coelo
1418 2007 1491 2029 cela
1513 2007 1632 2042 saepe

899 2070 937 2092 ΓΡ
956 2070 1022 2092 ί.ῑ“Ο
1077 2057 1369 2091 ΊγΓίῖΙΙιςίἿίΓΙῚίῘῙί
1407 2052 1632 2101 erl-Helllqlbe

900 2114 1083 2151 volantia
1102 2112 1234 2149 sidera
1255 2112 1418 2147 ‹luc-unt.
1483 2107 1632 2146 Mirum

900 2177 1054 2219 tamen,
1087 2169 1197 2220 quod
1227 2167 1338 2206 stella
1369 2167 1436 2204 illa
1460 2167 1570 2204 fatua
1591 2165 1631 2204 h.

898 2229 924 2267 1.
963 2226 1053 2267 cum
1092 2227 1252 2265 tonitru
1299 2225 1514 2264 coniuncta
1560 2230 1632 2273 est,

898 2301 971 2325 nec
1003 2286 1124 2324 modo
1153 2299 1245 2324 cum
1281 2284 1458 2322 sulfureo
1488 2281 1631 2320 halitu.

897 2345 961 2383 Ad
984 2345 1233 2392 Luciferum,
1273 2341 1439 2381 Veneris
1464 2340 1632 2389 stellam,

901 2403 1056 2441 Aeneae
1090 2406 1365 2452 conspectam,
1420 2404 1634 2436 traxerant

903 2461 981 2498 alii.
1012 2475 1050 2499 v.
1073 2473 1159 2510 sup.
1181 2459 1231 2496 ad
1262 2458 1289 2506 I,
1321 2459 1417 2498 382.
1463 2455 1630 2505 Disquis.

902 2519 948 2556 II.
971 2532 999 2555 s.
1022 2522 1060 2560 7.
1121 2517 1201 2553 Ne'c
1237 2515 1286 2553 de
1315 2513 1481 2552 fulmine
1514 2514 1631 2550 stella

905 2575 1029 2626 accipi
1058 2580 1203 2626 potest.
1265 2573 1354 2609 Non
1396 2577 1530 2608 autem
1556 2586 1631 2607 σα-

902 2635 1021 2670 currit
1043 2633 1172 2669 mulla
1195 2645 1287 2668 cam
1303 2631 1402 2678 luce,
1422 2628 1490 2666 sed
1514 2629 1631 2666 slella

902 2691 1049 2728 ducens
1067 2690 1216 2739 sac-em,
1245 2689 1373 2724 multa
1402 2701 1493 2723 omn
1525 2687 1627 2734 luce,

900 2747 939 2785 h.
974 2747 1097 2784 habet
1131 2746 1301 2797 speciem
1343 2745 1438 2781 sacis
1479 2745 1629 2795 longae.

899 2805 1004 2843 llinc
1044 2807 1139 2847 697.
1176 2805 1297 2853 longo
1330 2803 1456 2840 limile
1496 2803 1632 2840 sulcus

900 2866 991 2901 Dal
1011 2863 1153 2899 luz-em.
1220 2862 1365 2899 Totam
1386 2860 1541 2912 augurii
1561 2874 1631 2898 ra—

900 2921 1051 2959 tionem
1079 2933 1151 2971 per
1173 2925 1307 2971 partes
1333 2919 1509 2971 explieat
1535 2920 1631 2956 Ser—

898 2992 988 3017 vius
1008 2990 1119 3016 more
1139 2991 1223 3016 suo.
