1779 3420
198 225 299 274 844
524 220 1428 270 EXCURSUSII.III

197 365 294 402 sqq„
327 351 472 403 quibus
502 349 678 388 Aeneam
710 363 827 388 suum
857 355 975 401 poeta
1007 355 1212 387 auctorem
1241 350 1380 401 templi
1411 349 1506 387 facit
1517 379 1528 398 ,
1559 348 1635 386 etsi
1666 349 1715 387 de

195 409 276 448 hoc
305 409 549 461 scriptorum
581 407 678 445 fides
720 408 898 446 omnium
930 421 1010 445 non
1048 408 1251 446 convenit.
1310 409 1447 445 Potest
1484 413 1617 444 tamen
1651 412 1715 444 te-

195 467 306 517 neri,
350 466 460 518 quod
501 473 541 504 et
571 466 772 504 Diodorus
801 465 868 503 lib.
901 466 953 503 IV
992 465 1065 503 sub
1096 466 1135 514 f.,
1182 466 1251 516 qui
1282 466 1467 503 classicus
1507 464 1556 502 de
1586 464 1714 516 Eryce

194 526 308 564 locus
346 531 426 573 est,
465 523 621 576 prodit,
673 524 787 561 novis
829 523 970 572 saltem
1009 523 1219 561 decoribus
1259 524 1452 575 templum
1493 523 1541 560 ab
1580 521 1714 560 Aenea

193 583 313 622 fuisse
344 588 552 632 ornatum3
593 588 631 618 et
660 581 766 618 inter
806 580 1120 618 manifestissima
1159 580 1313 619 Aeneae
1349 582 1391 619 in
1433 581 1607 619 Siciliam
1638 579 1714 618 ad-

193 647 341 680 ventus
372 639 519 678 indicia
550 654 569 676 a
602 639 762 690 Dionys.
794 639 823 686 I,
859 638 913 679 53
947 644 1193 676 memoratur
1224 641 1296 690 τῆς
1320 636 1538 686 Αἰνειάδος
1566 634 1711 691 Ἀφρο-

194 700 306 751 δίτης
337 697 361 739 0‘
398 695 555 751 βωμός,
595 697 758 735 Veneris
802 670 996 733 Aeneadis
1029 710 1096 733 ara
1134 696 1174 733 in
1215 696 1343 748 Elyce
1383 702 1529 734 monte.
1589 696 1711 760 Quod

193 770 292 795 vero
326 755 501 804 mireris,
554 768 637 792 non
677 754 859 802 defuere,
911 754 979 804 qui
1021 753 1193 791 Aeneam
1224 754 1390 792 Veneiis
1419 754 1615 805 Erycinae
1654 753 1711 791 si-

192 828 315 865 gnum
353 827 486 851 secum
531 818 754 865 asportasse
796 812 1214 861 comminiscerentur3
1263 813 1293 849 si
1323 825 1420 850 vera
1452 818 1568 861 sunt,
1609 824 1711 864 quae

192 873 352 910 Solinus
383 871 503 909 habet
541 885 573 908 0.
606 874 644 920 2,
682 884 767 922 pag.
803 873 853 911 13
880 871 921 908 Ε.
952 884 1054 920 agro
1087 871 1359 907 Lazcrenli—
1381 870 1472 918 ubi,
1515 870 1612 907 clam
1652 871 1707 907 .ςί-

191 931 436 981 mulacrum,
490 929 600 981 quod
634 943 767 966 ,sec-um
810 943 857 965 ex
901 929 1043 966 Sicilia
1083 929 1299 966 advexerat
1313 958 1322 976 ,
1368 928 1527 965 dedicat
1563 929 1712 967 Veneri

191 989 337 1035 matri,
381 1001 484 1039 quae
514 988 651 1024 Factis
681 986 837 1024 dic-itur.
898 986 1134 1035 Salmasius,
1166 1001 1270 1038 quae
1301 987 1442 1036 Erycis
1473 986 1620 1024 dicitur
1648 986 1708 1023 le—

189 1045 257 1097 git.
317 1044 430 1083 Male.
468 1058 506 1083 v.
537 1045 609 1083 Ios.
629 1045 800 1096 Scaliger
830 1043 881 1081 ad
910 1044 1073 1082 Festum
1103 1045 1144 1082 in
1166 1045 1368 1082 Frutinal.
1396 1045 1589 1095 templum
1622 1046 1668 1083 V
1663 1058 1707 1081 e-

189 1104 292 1141 neris
323 1104 473 1151 Frzilis,
515 1103 596 1141 scil.
629 1117 650 1139 a
685 1104 813 1151 Fms,
859 1102 964 1139 unde
987 1102 1117 1153 fruor.

306 1161 411 1198 Bene
454 1162 572 1198 etiam
610 1160 795 1209 Acestae,
836 1159 915 1197 hoc
947 1166 1029 1207 est,
1071 1162 1273 1211 Segestae,
1313 1158 1543 1211 primordiis
1585 1158 1706 1197 huius

188 1219 329 1270 templi
368 1218 478 1270 origo
518 1218 796 1270 subiungitur:
848 1232 941 1256 nam
974 1218 1119 1256 mansit
1147 1218 1189 1255 in
1220 1219 1522 1268 Segestanorum
1557 1216 1706 1254 ditione

187 1276 307 1314 etiam
340 1277 389 1314 ad
422 1278 572 1315 seriora
608 1283 792 1328 tempora
822 1276 900 1314 hoc
934 1276 1139 1328 templum,
1170 1281 1217 1314 ut
1246 1276 1342 1314 satis
1373 1289 1422 1313 ex
1449 1275 1572 1313 Cicer.
1604 1275 1705 1314 Ver-

185 1334 287 1373 rinis
318 1341 358 1373 et
392 1336 483 1373 Tac.
515 1335 617 1374 Ann.
651 1335 715 1384 IV,
747 1334 800 1376 43
830 1340 999 1372 constat.

303 1392 427 1442 Quod
459 1393 507 1431 de
540 1393 739 1431 Anchiseo
770 1393 813 1430 in
845 1394 971 1445 Eryce
1001 1391 1275 1443 subiungitur,
1303 1405 1343 1429 v.
1375 1393 1471 1433 760.
1501 1393 1598 1441 761,
1627 1390 1703 1428 ha—

186 1451 257 1490 bet
288 1458 326 1488 et
353 1451 484 1503 ipsum
515 1450 745 1489 historicam
777 1451 987 1489 rationem.
1047 1450 1191 1503 Hygin.
1223 1450 1247 1487 s.
1280 1451 1363 1490 260
1393 1451 1436 1486 in
1464 1448 1540 1486 hoc
1569 1457 1704 1486 autem

185 1517 317 1546 monte
353 1510 500 1547 clicilm·
539 1513 660 1547 etiam
700 1509 897 1546 Anchises
927 1509 1133 1559 sepullus;
1177 1507 1246 1545 etsi
1278 1507 1346 1545 Ge.
1374 1506 1579 1544 Fabricius
1620 1520 1702 1544 non

183 1567 287 1604 male
327 1567 553 1619 suspicatur
591 1568 643 1605 ad
684 1567 881 1619 templum
919 1573 959 1604 et
997 1566 1215 1605 Flaminem
1256 1565 1302 1602 D.
1335 1564 1512 1603 Caesaris
1541 1571 1701 1617 poetam

181 1625 389 1677 respicere.

299 1682 498 1730 Tandem,
540 1682 611 1720 etsi
653 1683 737 1720 ludi
782 1683 968 1721 funebres
1006 1687 1147 1733 poetae
1177 1680 1331 1732 ingenio
1362 1685 1400 1717 et
1431 1680 1594 1718 Homeri
1625 1693 1700 1718 ex-

184 1739 315 1791 emplo
348 1740 547 1778 debentur
580 1739 646 1793 (cf.
681 1741 730 1777 ad
763 1755 823 1792 pr.
854 1741 921 1779 lib.
953 1738 1018 1793 V),
1049 1740 1212 1776 inferiae
1243 1745 1376 1775 tamen
1408 1737 1627 1787 Anchisae,
1659 1740 1699 1776 in

183 1797 314 1835 Sicilia
345 1799 493 1847 factae,
537 1804 576 1835 et
617 1798 870 1836 novemdiale
910 1811 1067 1835 sacrum
1101 1796 1305 1847 antiquam
1338 1794 1514 1833 habuere
1545 1809 1698 1834 memo-

181 1855 296 1894 riam.
358 1856 476 1894 Ovid.
513 1856 618 1893 Fast.
658 1856 706 1903 ΙΙ,
739 1856 844 1905 543,
891 1856 958 1894 ubi
992 1855 1040 1893 de
1071 1854 1213 1891 annuis
1245 1853 1417 1891 inferiis:
1457 1855 1580 1891 Hunc
1609 1869 1697 1891 mo-

181 1927 265 1950 rem
294 1915 455 1951 Aeneas
477 1915 645 1964 pietatis
676 1915 840 1951 idoneus
870 1922 1010 1951 auc-lor
1037 1913 1185 1949 Allulit
1217 1914 1259 1948 in
1289 1921 1434 1959 lerrczS,
1478 1914 1578 1949 iuste
1604 1913 1696 1950 La-

179 1973 287 2019 tine,
323 1981 429 2009 luas.
493 1972 569 2009 Ille
594 1974 729 2022 patris
755 1973 882 2010 Genio
913 1972 1107 2008 sollennia
1138 1970 1245 2007 (lona
1271 1969 1455 2019 ferebat;
1486 1971 1599 2007 Hinc
1619 1985 1696 2020 po-

173 2030 270 2079 puli
297 2031 398 2067 ritas
430 2030 622 2067 edidicere
648 2031 755 2080 pios,
821 2031 877 2067 Eo
909 2034 1092 2081 spectant
1120 2026 1198 2065 hoc
1227 2028 1329 2065 libro
1361 2040 1520 2065 versus:
1552 2030 1618 2070 59.
1641 2031 1695 2070 60

179 2095 298 2138 atque
339 2087 440 2124 haec
478 2101 540 2124 me
581 2101 699 2124 sacra
737 2090 950 2138 quotannis
997 2086 1100 2124 Urbe
1138 2087 1233 2123 velit
1267 2087 1407 2136 posita
1434 2087 1591 2135 templis
1620 2086 1696 2124 sibi

172 2144 279 2194 ferre
310 2146 469 2183 dicatis.
534 2145 689 2183 Fanum
713 2144 864 2184 Aeneae
885 2148 1065 2198 Segestae
1096 2151 1293 2182 memorat
1320 2143 1480 2196 Dionys.
1507 2144 1536 2194 I,
1569 2145 1635 2186 53.

551 2449 1140 2509 EXCURSUS
1202 2450 1303 2506 III

257 2575 330 2618 De
361 2576 550 2633 Εζγνηο,
582 2577 768 2620 Entello
800 2577 992 2636 aliisque
1024 2593 1077 2620 ex
1107 2575 1378 2633 aliliquitate
1408 2576 1603 2618 Siciliae.

290 2691 337 2741 V,
382 2695 435 2732 73
476 2694 569 2729 Isoc·
606 2694 806 2737 Ilelimus·
834 2694 975 2743 jin-il,
1026 2693 1100 2729 hoc·
1150 2694 1242 2730 aevi
1285 2701 1465 2729 maturus·
1504 2692 1679 2730 Acestes.

170 2749 312 2799 Magna
343 2755 484 2801 poetae
516 2750 634 2787 ctiam
665 2750 705 2787 in
738 2749 813 2787 hoc
844 2750 945 2787 libro
976 2750 1062 2787 laus
1093 2755 1168 2798 est,
1210 2749 1319 2800 quod
1349 2749 1561 2788 historicae
1593 2750 1683 2789 fidei

170 2808 323 2846 fabulas
354 2820 444 2844 suas
475 2807 788 2859 superstruendo
821 2808 1018 2845 eruditam
1059 2808 1230 2858 aliquam
1270 2808 1517 2859 voluptatem
1556 2808 1682 2846 lecto—

168 2866 281 2904 ribus
313 2865 489 2917 apponit.
550 2866 719 2915 Heium
748 2865 851 2902 enini
883 2865 947 2902 vel
984 2866 1122 2916 Elymi
1151 2866 1301 2904 clarum
1334 2879 1478 2904 nomen
1510 2867 1551 2904 in
1579 2867 1681 2904 Sici-

167 2924 240 2961 liae
273 2923 490 2974 originibus
510 2922 701 2961 Troianis.
763 2923 881 2961 Troia
914 2922 977 2961 ille
1007 2923 1085 2961 iam
1118 2930 1210 2961 ante
1241 2924 1440 2963 excidium
1467 2925 1579 2963 urbis
1609 2938 1681 2962 ex-
