1827 3436
565 237 691 284 AD
766 237 1300 287 LIBRUMI
1587 251 1683 296 261

177 363 311 404 redux
333 376 356 401 a
375 363 516 413 Troia,
552 377 574 401 a
598 371 715 416 patre
735 365 948 403 Telamone
969 379 1105 418 aspere
1129 373 1334 419 acceptus,
1366 368 1448 407 sive
1475 371 1581 421 quod
1604 373 1686 410 sra-

177 429 282 461 trem
308 420 471 459 Aiacem
494 435 577 459 non
610 429 712 460 esset
736 423 871 472 ultus,
907 424 990 463 sive
1016 424 1092 461 alia
1121 424 1170 462 de
1194 439 1329 463 caussa
1359 424 1414 478 (v.
1445 427 1584 482 Sem),
1616 444 1689 467 ne—

177 493 254 531 que
282 479 325 517 in
352 479 522 518 insulam
553 481 793 519 Salaminem
823 481 1038 531 admissus,
1070 489 1178 520 sorte
1206 483 1355 521 Phoebi
1381 492 1562 536 accepta,
1592 500 1689 538 pro-

175 538 324 586 fectus,
356 551 505 576 novam
528 538 767 577 Salaminem
787 540 828 577 in
859 540 991 592 Cypro
1014 540 1206 579 condidit.
1265 541 1403 580 Plures
1430 542 1541 581 fuere
1569 543 1688 583 huius

176 595 401 646 argumenti
421 595 594 647 tragicae
616 597 784 636 fabulae.
846 598 962 636 Nunc
986 611 1029 635 ea
1055 598 1103 635 de
1128 612 1172 637 re
1193 598 1343 637 Helena
1360 600 1496 652 Eurip.
1522 603 1575 642 89
1607 616 1688 653 sqq.

177 651 260 693 144
281 666 365 704 sqq.
395 659 454 690 est
486 655 742 694 consulenda.
801 656 1042 694 Extiterunt
1066 657 1171 695 forte
1203 657 1323 695 etiam
1348 658 1473 709 lyrica
1502 659 1688 709 carmina,

173 709 284 748 unde
303 710 496 749 Horatius
516 712 533 750 I
553 713 682 752 Carm.
710 717 735 755 7
765 714 983 766 expressit,
1015 714 1090 752 nisi
1121 715 1152 752 is
1181 715 1400 754 Pacuvium
1433 721 1524 753 ante
1556 718 1689 755 oculos

173 767 329 807 habuit.
374 783 412 807 v.
434 769 513 808 Cic.
533 770 568 809 II
591 771 638 809 de
665 772 734 811 Or.
755 771 821 814 46.
881 773 965 810 Iam
986 773 1163 824 Cyprum
1194 786 1214 810 e
1234 773 1497 812 Phoenicibus
1528 774 1690 813 coloniis

172 826 296 864 fuisse
324 827 642 878 frequentatam,
675 836 794 880 atque
812 831 929 868 etiam
964 830 1116 868 ditione
1143 830 1344 880 habitam,
1376 831 1440 871 vel
1466 831 1550 884 ipse
1579 833 1689 871 insu—

172 884 234 922 lae
257 885 357 923 situs
385 885 594 936 probabile
614 888 723 926 facit.
784 888 905 926 Forte
924 895 1057 926 tamen
1086 895 1125 927 et
1153 889 1413 928 historiarum
1434 897 1690 929 monumenta

172 942 450 993 tradiderant,
483 958 505 981 a
525 945 655 997 Tyriis
682 946 746 984 vel
773 947 967 995 Sidoniis,
1008 953 1047 984 et
1077 947 1236 998 quidem
1262 962 1284 985 a
1308 948 1403 986 Belo
1424 949 1578 998 aliqu0,
1610 950 1689 1001 Cy—

170 1014 291 1052 prum
318 1001 439 1039 fuisse
471 1002 575 1041 bello
602 1004 781 1055 petitam.
856 1005 994 1042 Paullo
1023 1011 1155 1043 tamen
1195 1006 1377 1044 licentius
1410 1006 1451 1044 in
1476 1005 1564 1055 his,
1602 1007 1688 1044 iure

175 1059 339 1109 quidem
365 1073 462 1108 suo,
494 1069 681 1100 versatur
704 1068 834 1114 poeta.
894 1062 1007 1100 Facit
1035 1063 1140 1113 Beli,
1172 1064 1268 1115 Tyri
1295 1064 1419 1115 regis,
1460 1063 1592 1101 sedem
1622 1066 1688 1102 Si-

173 1117 341 1166 donem,
376 1131 477 1168 quae
494 1125 640 1169 tamen,
672 1120 853 1158 Troianis
882 1121 1020 1158 saltem
1040 1122 1311 1173 temporibus,
1352 1136 1443 1160 suos
1469 1134 1577 1173 reges
1605 1122 1689 1174 ipsa

172 1173 317 1213 habuit
348 1173 412 1228 (cs.
434 1176 484 1214 ad
510 1178 726 1215 Guthrium
746 1179 790 1217 T.
809 1179 838 1227 I,
869 1193 908 1230 p.
935 1178 1050 1232 439).
1109 1180 1291 1218 Paridem
1323 1180 1510 1217 Sidonem
1535 1180 1688 1217 venisse

175 1239 217 1270 et
251 1234 392 1272 urbem
429 1236 638 1285 evertisse,
673 1244 884 1275 narratum
916 1243 1003 1274 erat
1028 1238 1070 1275 in
1102 1237 1278 1289 Cypriis,
1308 1243 1353 1275 ut
1385 1251 1435 1275 ex
1465 1238 1686 1288 fragmento

170 1291 301 1329 Procli
321 1293 511 1332 Escurial.
534 1293 668 1333 didici.
728 1295 958 1333 Accesserat
978 1309 1074 1333 mox
1096 1295 1146 1332 ad
1174 1296 1362 1347 Cinyram
1392 1294 1616 1334 Palamedes
1645 1296 1687 1333 in

171 1349 350 1402 Cyprum
378 1350 520 1389 missus
542 1352 594 1390 ad
614 1354 840 1391 societatem
857 1352 951 1390 belli
981 1353 1216 1404 petendam:
1247 1353 1355 1404 quod
1377 1366 1428 1390 ex
1449 1353 1607 1402 eodem,
1639 1359 1686 1391 ut

169 1408 372 1459 suspicor,
407 1410 582 1447 carmine
609 1417 798 1449 narratur
818 1411 859 1448 in
880 1410 1165 1449 Alcidamantis
1189 1412 1257 1449 Or.
1280 1411 1320 1448 in
1342 1411 1536 1449 Palamed.
1558 1425 1596 1463 p.
1618 1413 1684 1453 73.

168 1465 338 1504 Fundus
387 1474 474 1505 erat
504 1468 615 1506 Iliad.
645 1473 688 1517 λ,
721 1471 920 1510 20—23.
981 1469 1107 1507 Porro
1147 1470 1244 1506 Beli
1272 1482 1437 1517 nomen,
1480 1475 1684 1519 tamquam

167 1525 349 1573 mollius,
393 1533 501 1563 recte
531 1527 724 1577 praetulit
751 1533 869 1578 poeta
891 1540 988 1565 vero
1012 1526 1185 1575 nomini,
1217 1526 1326 1577 quod
1355 1533 1469 1578 pater
1494 1527 1618 1564 Elisae
1646 1533 1685 1565 et

166 1583 455 1634 Pygmalionis,
486 1585 582 1636 Tyri
607 1598 704 1633 rex,
736 1584 877 1622 habuit
901 1587 1117 1636 Mlagonis
1145 1585 1210 1622 vel
1234 1587 1428 1635 Masgent
1448 1598 1508 1636 ap.
1532 1583 1683 1636 Ioseph.

166 1639 210 1677 in
227 1641 370 1692 Apion.
393 1641 419 1690 l,
451 1657 489 1693 p.
513 1645 609 1691 927,
641 1643 876 1689 Messanam,
911 1645 1108 1690 splenem,
1143 1642 1345 1680 Methrem
1375 1642 1577 1694 appellant
1607 1642 1683 1691 alii,

168 1711 206 1737 v.
230 1699 280 1736 ad
300 1699 440 1737 lustin.
462 1700 604 1750 XVIII,
635 1700 674 1749 4,
708 1703 745 1741 ὃ.
806 1700 921 1738 Adde
947 1702 1058 1738 Serv.
1082 1700 1131 1738 ad
1161 1700 1256 1737 Aen.
1276 1699 1303 1748 I,
1334 1699 1428 1741 343.

474 2021 1045 2082 EXCURSUS
1112 2022 1356 2080 XXlV

698 2139 796 2182 De
856 2140 1159 2182 Ilione.

284 2254 313 2303 l,
350 2256 448 2296 653.
500 2257 717 2293 Praeterea
759 2265 978 2306 sceptrum,
1033 2256 1160 2293 Ilione
1200 2252 1308 2304 quod
1345 2258 1523 2301 gessero(
1566 2248 1676 2312 olim.

162 2312 330 2350 Ilionem
360 2313 467 2350 inter
498 2313 641 2350 Priami
676 2314 776 2350 filias
809 2314 857 2351 ab
886 2313 1133 2364 Apollodoro
1165 2317 1204 2347 et
1235 2308 1425 2346 similibus
1454 2319 1679 2370 *memorarl

162 2384 245 2408 non
266 2370 426 2419 videas,
460 2371 508 2408 ab
532 2371 688 2423 Hygino
716 2377 846 2409 tamen
868 2372 943 2409 fab.
967 2373 1049 2413 243
1073 2376 1109 2406 et
1134 2370 1212 2409 109
1235 2380 1283 2403 ex
1301 2363 1679 2428 tragoediasmhcet

163 2428 410 2467 Graecorum
429 2429 582 2480 aliqua,
616 2442 716 2480 quae
744 2429 910 2467 interiit.
971 2429 1041 2464 Est
1068 2427 1120 2464 ibi
1147 2425 1212 2463 illa
1236 2420 1677 2485 PolymnestorrThra-

162 2500 254 2525 cum
283 2487 364 2538 regi
395 2494 545 2539 nupta,
592 2494 630 2525 et
651 2488 702 2525 ad
731 2501 815 2524 eam
842 2488 966 2525 frater
990 2484 1214 2536 Polydorus
1238 2480 1469 2519 educandus
1496 2484 1676 2517 mlttitur.

163 2545 289 2583 Etiam
324 2546 487 2583 Pacuvii
519 2546 722 2597 tragoedia
764 2544 842 2583 hoc
873 2544 1032 2583 nomine
1067 2542 1166 2591 fuit3
1231 2546 1267 2577 et
1296 2538 1403 2576 Accii
1436 2538 1591 2601 Jlf'onen
1625 2548 1673 2572 ex

160 2603 292 2641 Nonio
312 2603 472 2641 laudari
498 2603 656 2652 videas,
690 2603 790 2641 male
817 2603 865 2640 ab
894 2602 1000 2647 aliis,
1034 2600 1153 2637 etiam
1177 2612 1196 2634 a
1219 2597 1434 2642 Columna,
1466 2602 1572 2632 mter
1595 2594 1676 2630 En-

160 2661 300 2699 nianas
332 2662 488 2699 fabulas
527 2667 892 2700 commemoratam.
961 2659 1019 2696 Ex
1055 2671 1099 2694 ea
1128 2656 1279 2694 dictum
1307 2653 1427 2691 illud:
1467 2654 1607 2689 fllaler
1642 2658 1676 2687 te

160 2720 325 2770 appello
355 2734 374 2757 e
402 2720 479 2757 Cic.
513 2720 618 2758 Acad
666 2720 744 2767 Qu.
778 2719 838 2767 IV,
871 2721 925 2758 27
955 2723 992 2753 et
1011 2715 1149 2752 Horat.
1175 2714 1206 2750 II
1231 2715 1354 2749 Serm.
1377 2714 1415 2759 3,
1448 2713 1495 2750 61
1522 2714 1674 2745 notum.

161 2777 265 2815 adde
287 2779 398 2816 Serv.
423 2777 531 2816 adh.
555 2779 579 2816 l.
609 2785 647 2815 et
671 2778 736 2825 Ill,
772 2778 834 2818 15.
876 2774 1070 2812 Laodicen
1103 2773 1250 2809 frustra
1284 2769 1365 2807 huc
1388 2772 1508 2804 vocat
1536 2764 1673 2811 Corda,

161 2834 211 2873 de
241 2849 318 2886 qua
351 2851 389 2873 v.
421 2836 564 2884 Quint,
593 2837 671 2874 Cal.
703 2835 807 2883 XIII,
841 2832 922 2875 544
948 2845 1028 2881 sqq.
1070 2827 1290 2880 Tryphiod.
1319 2840 1356 2865 v.
1386 2825 1468 2866 648
1503 2830 1542 2861 et
1571 2823 1673 2859 Pau-

161 2907 243 2932 san.
264 2895 315 2942 X,
350 2897 416 2937 26.
