1811 3388
330 610 382 657 P.
443 609 865 658 VIRGILII
921 609 1354 659 MARONIS

91 711 154 780 A
308 714 365 781 E
517 714 584 784 N
736 715 794 783 E
945 715 973 782 Ι
1123 715 1186 783 D
1331 710 1405 783 O
1547 717 1592 786 S

470 836 752 894 LIBER
846 837 1212 895 SEXTUS

529 1009 1151 1049 ARGUMENTUM

94 1083 268 1154 Cumas
293 1112 484 1150 advectus
513 1111 685 1161 Aeneas,
717 1119 875 1152 antrum
908 1115 1080 1166 Sibyllae
1106 1114 1233 1166 petit,
1272 1122 1512 1167 peractoque
1545 1117 1593 1154 de

91 1181 201 1207 more
230 1170 444 1218 sacrificio,
485 1169 630 1208 Phoebi
661 1171 865 1209 oraculum
894 1173 1077 1212 consulit.
1137 1172 1197 1209 Ibi
1234 1178 1273 1209 et
1304 1173 1494 1211 instantia
1520 1187 1594 1224 pe-

90 1227 237 1274 ricula,
270 1233 309 1264 et
341 1227 467 1264 futuri
498 1227 589 1265 belli
625 1234 813 1266 eventum
849 1229 962 1267 discit
999 1233 1196 1271 1—160.
1255 1229 1393 1267 Miseni
1423 1231 1593 1269 cadaver

90 1285 131 1322 in
172 1284 308 1321 littore
338 1284 547 1322 inventum
586 1286 806 1333 comburit,
846 1287 1106 1337 reliquiasque
1144 1286 1216 1324 sub
1245 1287 1427 1338 proximo
1458 1295 1592 1326 monte

91 1341 250 1393 sepelit,
286 1342 354 1391 qui
372 1342 509 1379 Miseni
540 1355 684 1380 nomen
714 1343 762 1380 ab
793 1343 860 1381 illo
887 1344 1059 1381 obtinuit
1081 1367 1136 1372 —
1157 1345 1251 1385 235.
1309 1344 1404 1381 Inde
1439 1346 1592 1383 colum-

90 1399 233 1436 barum
272 1399 397 1437 ductu
423 1400 475 1436 ad
517 1413 680 1438 aureum
713 1414 868 1438 ramum
900 1402 1103 1452 pervenit:
1148 1415 1226 1450 quo
1257 1400 1464 1452 decerpto,
1504 1416 1592 1440 ma-

91 1456 285 1506 ctatisque
310 1455 447 1493 hostiis
477 1456 570 1494 deos
594 1458 740 1495 inferos
767 1464 1003 1507 veneratus,
1042 1458 1189 1509 Sibylla
1218 1458 1318 1496 duce
1343 1471 1414 1510 per
1444 1460 1593 1497 Averni

91 1515 222 1552 fauces
251 1513 302 1550 ad
326 1514 473 1551 inferos
505 1514 637 1552 tendit
660 1537 717 1543 --
735 1517 828 1556 336.
888 1516 1137 1565 Palinurum,
1179 1516 1286 1565 quod
1315 1517 1483 1567 sepulcri
1512 1516 1592 1554 lio—

91 1584 188 1608 nore
218 1577 392 1618 careret,
431 1571 533 1608 circa
563 1572 739 1623 Stygiam
766 1572 952 1623 paludem
985 1573 1236 1610 oberrantem
1264 1574 1437 1621 invenit,
1479 1587 1592 1611 eum—

91 1641 167 1679 que
189 1642 268 1665 una
290 1629 330 1665 in
349 1629 581 1666 ulteriorem
601 1631 727 1679 ripam
761 1630 941 1667 traiicere
968 1630 1189 1681 cupientem
1218 1630 1365 1681 Sibylla
1394 1631 1591 1681 prohibet,

91 1685 394 1736 cenotapliiique
425 1692 463 1723 et
493 1687 767 1736 exsequiarum
798 1700 865 1737 spe
895 1688 1125 1725 consolatur
1144 1709 1191 1715 —-
1217 1689 1312 1727 383.
1371 1688 1465 1724 Post
1494 1688 1593 1725 haec

91 1745 251 1794 Stygem
268 1745 456 1780 traiectus
481 1743 649 1792 Aeneas,
692 1744 940 1794 Cerberoque
970 1745 1175 1781 medicatis
1204 1744 1290 1781 offis
1329 1745 1481 1795 sopito,
1522 1759 1593 1797 per

90 1801 176 1837 loca
202 1801 415 1837 inlantium
442 1814 679 1851 eorumque,
710 1802 777 1851 qui
804 1802 900 1839 salso
929 1802 1092 1839 crimine
1127 1801 1303 1838 damnati
1336 1802 1463 1853 capite
1495 1817 1593 1854 sup-

90 1858 251 1909 plicium
291 1858 470 1906 lucrant,
517 1858 594 1896 iter
632 1859 796 1906 taciens,
847 1859 1031 1910 pervenit
1073 1859 1123 1895 ad
1161 1858 1291 1895 sedem
1324 1871 1481 1907 eorum,
1525 1860 1592 1909 qui

91 1916 236 1952 amoris
274 1915 521 1966 impatientia
552 1929 693 1953 manus
732 1916 802 1953 sibi
836 1917 1111 1954 consciverant
1132 1937 1188 1943 —
1210 1914 1304 1956 449.
1363 1916 1419 1952 lbi
1448 1917 1592 1953 Elisam

92 1972 341 2023 conspicatus
363 1986 452 2010 cum
486 1973 518 2009 ei
549 1985 588 2010 se
617 1986 786 2023 purgare
813 1973 955 2021 vellet,
997 1973 1063 2010 illa
1091 1971 1390 2022 indignabunda
1424 1986 1591 2024 conspe-

92 2035 201 2067 ctum
229 2029 311 2066 eius
340 2030 474 2079 effugit
495 2054 546 2058 —
573 2029 674 2072 476:
708 2030 800 2067 inde
829 2043 1059 2081 progressus
1094 2028 1337 2079 Deiphobum
1364 2029 1406 2066 in
1434 2030 1591 2067 sedibus

92 2099 250 2133 eorum,
301 2086 367 2136 qui
395 2086 498 2123 bello
530 2086 744 2136 aliquando
777 2087 1021 2135 claruerant,
1061 2086 1196 2124 multis
1223 2086 1454 2123 vulneribus
1486 2087 1591 2124 lace-

91 2157 181 2181 rum
209 2144 415 2194 conspicit,
457 2144 639 2193 necisque
675 2144 756 2181 eius
785 2144 991 2194 indignum
1021 2143 1185 2180 modum
1212 2143 1260 2180 ab
1288 2143 1372 2193 ipso
1401 2143 1590 2182 edocetur

95 2222 144 2228 —-
170 2199 265 2241 534.
337 2200 489 2237 Relicto
524 2200 666 2237 deinde
707 2201 757 2238 ad
795 2202 947 2238 laevam
991 2202 1184 2247 Tartaro,
1232 2200 1590 2251 sceleratorumque

92 2269 237 2309 poenas
267 2270 287 2293 a
315 2257 461 2308 Sibylla
497 2257 662 2294 edoctus
688 2280 745 2286 —
765 2261 867 2306 627,
900 2258 949 2295 ad
970 2258 1068 2295 Ditis
1099 2257 1218 2308 ipsius
1239 2258 1392 2294 moenia
1422 2264 1589 2295 conten-

93 2314 180 2362 dit,
220 2327 463 2365 aureumque
503 2328 658 2352 ramum
696 2315 736 2351 in
776 2315 859 2366 ipso
902 2316 1027 2365 regiae
1068 2315 1200 2352 limine
1247 2314 1383 2365 defigit
1412 2338 1464 2342 —
1495 2317 1588 2356 636.

91 2372 185 2408 Post
215 2370 312 2409 haec
335 2372 386 2409 ad
412 2374 711 2409 fortunatorum
740 2373 850 2409 sedes
877 2372 954 2409 iter
983 2372 1178 2419 instituit,
1219 2377 1259 2408 et
1289 2385 1309 2408 a
1349 2372 1508 2409 Musaeo
1539 2371 1590 2409 ad

91 2435 246 2480 patrem
291 2442 406 2466 suum
439 2429 671 2480 perducitur
701 2453 752 2457 —
782 2432 876 2471 678.
945 2429 1003 2466 Ibi
1045 2428 1232 2466 Anchises
1260 2428 1431 2466 Aeneam
1465 2428 1589 2467 filium

92 2486 312 2523 animarum
351 2487 558 2536 originem,
603 2486 899 2537 purgationem,
942 2492 981 2524 et
1027 2487 1404 2524 consummationem
1440 2486 1589 2534 edocet,

92 2544 204 2593 eique
243 2543 487 2581 Albanorum
527 2545 875 2593 Romanorumque
911 2557 1047 2594 regum
1088 2556 1294 2580 recensum
1323 2544 1436 2592 facit,
1473 2543 1589 2580 nobi-

90 2600 266 2650 liumque
288 2601 438 2651 aliquot
460 2603 728 2639 Romanorum
750 2601 910 2638 nomina
935 2613 1191 2652 percurrens,
1224 2600 1274 2637 ad
1305 2600 1393 2637 Iulii
1417 2601 1589 2637 Caesaris

92 2663 132 2694 et
176 2658 342 2709 Augusti
386 2659 522 2696 laudes
569 2658 771 2695 descendit
802 2680 848 2685 —-
879 2660 984 2699 860:
1042 2657 1351 2707 Marcellumque
1401 2657 1588 2695 Octaviae

91 2713 238 2762 filium,
278 2715 491 2753 immatura
524 2722 653 2753 morte
689 2721 961 2766 praereptum,
1002 2716 1111 2752 miris
1144 2715 1184 2752 in
1219 2715 1369 2751 caelum
1405 2714 1588 2751 laudibus

93 2770 276 2807 ess'ert—
296 2774 389 2811 888.
451 2772 546 2809 Inde
585 2786 655 2823 per
692 2773 906 2810 eburneam
943 2779 1100 2823 portam
1130 2771 1181 2809 ad
1213 2784 1376 2822 superos
1402 2783 1585 2821 egressus,

93 2828 217 2864 socios
248 2828 405 2876 revisit,
436 2830 660 2879 relictisque
689 2830 820 2866 Cumis
849 2829 1022 2867 Caietam
1049 2829 1159 2880 petit.

1185 2924 1306 2970 54*
