1779 3420
119 256 221 302 390
522 245 1236 296 EXCURSUSI

120 393 204 419 sam
225 379 274 418 ab
297 377 421 416 Iliade
443 388 590 429 parva,
626 380 667 412 et
690 374 855 424 eandem
880 389 971 413 cum
992 375 1150 426 Cypriis
1181 376 1425 413 carminibus
1454 388 1537 413 esse
1566 389 1643 414 vo-

119 439 237 477 lebat.
297 437 390 474 Sine
423 433 600 472 auctoris
627 433 788 471 nomine
820 447 908 471 earn
933 433 1103 471 laudant
1134 434 1315 472 Clemens
1344 435 1457 472 Alex.
1486 440 1526 471 et
1553 434 1642 472 Vet.

121 496 256 535 Schol.
276 493 477 545 Euripidis
497 506 558 543 ap.
582 490 738 530 Fabric.
760 492 803 529 B.
828 492 896 530 Gr.
929 493 974 530 T.
1007 492 1045 540 Ι,
1077 505 1115 542 p.
1146 495 1242 533 279.
1275 494 1373 541 280,
1408 498 1448 530 et
1475 493 1642 530 Pausan.

120 555 176 593 Ill
196 559 297 591 extr.
321 558 359 590 et
378 552 429 599 X,
453 553 522 591 26.
583 552 636 587 At
655 550 906 588 communior
934 549 1133 587 sententia
1163 550 1214 587 ad
1244 549 1422 588 Lesehen
1455 563 1541 587 eam
1573 564 1643 588 re-

120 612 229 651 tulit.
249 610 329 650 vid.
357 608 511 647 Fabric.
532 607 630 648 ibid.
650 622 688 660 p.
713 610 805 657 180,
831 609 903 645 etsi
926 607 1053 660 Ryck.
1071 621 1110 658 p.
1133 606 1230 656 444,
1263 608 1332 658 qui
1361 622 1398 660 p.
1426 606 1510 650 446
1542 623 1642 647 con-

122 678 187 709 tra
208 674 293 707 eam
318 666 555 705 sententiam
585 666 790 718 disputat,
822 666 891 704 sed
921 665 1066 717 cupide
1090 666 1213 716 magis
1243 680 1363 716 quam
1390 666 1566 718 graviter
1598 681 1644 704 ac

122 741 228 767 vere.
288 725 462 764 Lesvhes
489 724 556 761 hic
577 739 612 761 s.
637 724 859 773 Leselzezcs,
893 723 1102 775 Λέσχεως,
1133 722 1370 774 Aesehyleni
1404 738 1432 762 s.
1457 723 1644 776 Aeschyli

121 787 146 824 s.
170 785 343 832 Lesbius,
373 781 529 834 Pyrrha
549 782 712 821 civitate
740 782 951 830 oriundus,
983 782 1031 818 ab
1054 781 1195 819 Euseb.
1219 781 1384 819 Hieron.
1406 781 1457 819 ad
1482 782 1642 835 Olymp.

121 843 297 882 XXXIH
313 847 580 879 memoratur:
612 840 786 878 Leselzes
806 840 974 877 Lesbius
988 870 998 888 ,
1035 839 1221 890 qzcb'fioec’t
1241 854 1420 889 parvam
1446 841 1639 888 llfiaclem,

122 908 170 940 ut
188 903 293 939 in1e1
312 898 606 949 antiquissimos
625 898 725 936 adeo
754 897 965 936 habendus
984 898 1047 935 sit.
1108 898 1292 935 Eundem
1322 898 1364 935 in
1394 899 1534 936 multis
1569 912 1644 937 ex-

121 959 265 1012 pressit
284 963 426 994 auctor
447 957 624 994 Tabulae
644 957 806 1005 iliacae,
840 957 933 994 olim
956 956 998 993 in
1027 955 1175 1006 palatio
1210 956 1337 1006 gentis
1369 956 1417 993 cle
1449 957 1558 1007 §pao
1544 971 1639 1005 071a,

122 1017 289 1056 nuncin
310 1015 504 1066 Capitolio
528 1022 730 1063 servatae,
763 1028 883 1065 quam
908 1028 929 1051 a
959 1013 1066 1051 Fabr
1071 1019 1151 1051 etto
1182 1014 1388 1064 vulgatam
1418 1014 1468 1051 ad
1497 1015 1645 1052 calcem

123 1077 335 1125 *Synlagtm
373 1074 421 1110 (le
455 1073 652 1110 Columna
690 1075 864 1111 Traiani
890 1072 1028 1110 videre
1056 1072 1147 1109 lieet
1180 1085 1217 1123 p.
1248 1072 1343 1113 315.
1385 1086 1572 1123 nuncque
1603 1074 1645 1111 in

121 1133 257 1171 Museo
285 1131 453 1183 Capitol.
484 1132 596 1169 Tom.
633 1131 696 1169 lV.
725 1137 755 1168 t.
788 1133 853 1172 (58.
916 1129 1177 1182 Adseriptum
1211 1143 1371 1180 quoque
1403 1130 1441 1168 in
1472 1131 1539 1168 illa
1568 1138 1645 1169 est:

119 1187 234 1238 Ἰλιοὲς
273 1186 395 1242 μικρά
439 1188 633 1242 λεγομένη
668 1185 769 1229 κατὰ
805 1187 968 1240 Λέσχην
1000 1188 1228 1240 Πυῤῥαῖον.
1289 1188 1415 1226 Etiam
1445 1188 1646 1236 Quintum

121 1250 386 1299 Smyrnaeum
404 1246 563 1285 Leschis
580 1247 752 1298 vestigiis
774 1246 964 1284 institisse
984 1259 1114 1297 nuper
1136 1245 1276 1283 docuit
1295 1246 1346 1295 is,
1379 1260 1495 1297 quem
1523 1261 1645 1299 supra

121 1306 306 1355 laudavi,
345 1305 523 1357 Zyelzsen
540 1311 676 1343 noster
696 1305 736 1342 in
770 1305 1031 1343 C'ommenlal.
1054 1317 1092 1356 p.
1123 1305 1178 1344 28
1206 1317 1261 1354 sq.

236 1421 318 1458 lam
344 1420 491 1471 Cypria
509 1422 717 1469 carmina,
757 1419 879 1457 modo
898 1424 1142 1465 memorata,
1172 1416 1221 1458 τοὶ
1252 1414 1420 1473 Κύπρια
1441 1419 1540 1472 ἔπη.
1581 1421 1647 1459 vel

122 1476 171 1518 τοὶ
198 1474 385 1532 Κύπρια,
420 1478 528 1530 apud
555 1478 723 1517 Aristot.
754 1478 803 1516 de
833 1478 942 1516 Poet.
973 1490 1006 1515 c.
1034 1480 1088 1518 23
1117 1476 1255 1515 videas
1286 1491 1365 1514 una
1398 1491 1487 1515 cum
1521 1492 1645 1530 parva

122 1537 244 1575 Iliade
267 1536 445 1584 laudata,
478 1551 558 1587 quo
576 1537 663 1588 ipso
686 1536 941 1574 manifestum
964 1535 1032 1582 fit,
1065 1535 1221 1572 diversa
1246 1547 1289 1571 ea
1312 1536 1488 1573 earmina
1509 1537 1647 1586 suisse3

122 1595 182 1634 uti
204 1608 254 1632 ex
279 1595 394 1633 Paus.
418 1596 469 1643 X,
493 1598 547 1637 26
568 1595 705 1632 saltem
727 1594 805 1632 hoe
820 1600 956 1645 patet,
998 1593 1046 1630 ab
1076 1592 1237 1631 Leschei
1262 1588 1380 1632 Ἰλίου
1415 1593 1551 1646 πέρσει
1581 1595 1647 1632 di-

124 1666 287 1690 versum
306 1666 404 1703 opus
427 1652 557 1690 fuisse.
614 1653 816 1690 Videntur
835 1665 878 1688 ea
905 1650 1252 1702 comprehendisse
1272 1652 1472 1689 anteriora
1502 1653 1645 1694 Iliadis,

125 1712 241 1748 Certe
261 1711 308 1748 ab
328 1711 479 1749 Herod.
502 1711 548 1760 ΙΙ,
577 1713 658 1752 117
680 1724 800 1761 super
822 1710 994 1747 Helenae
1015 1715 1137 1760 raptu
1158 1708 1400 1761 laudantur,
1433 1710 1645 1748 duodecim

124 1782 264 1806 versus
285 1769 333 1806 de
353 1768 503 1806 Helena
527 1782 546 1805 e
566 1768 719 1806 Nemesi
743 1774 836 1806 nata
856 1782 916 1819 ap.
940 1767 1084 1804 Athen.
1105 1766 1206 1814 V1[[‚
1233 1781 1270 1818 p.
1296 1767 1378 1808 334
1405 1768 1446 1806 C.
1481 1774 1519 1805 et
1548 1782 1646 1806 ver—-

126 1840 192 1864 sus
214 1840 263 1863 ex
283 1827 386 1864 libro
414 1827 471 1864 Xl
492 1827 541 1864 ab
574 1825 720 1864 Athen.
752 1826 840 1873 XV,
869 1840 905 1877 p.
945 1828 1028 1868 682
1058 1826 1099 1862 Ε.
1135 1825 1181 1866 F,
1211 1825 1433 1876 exscriptos
1461 1826 1509 1863 ad
1537 1827 1647 1864 iudi-

127 1885 232 1922 cium
256 1884 408 1922 Paridis
428 1885 689 1936 pertinuisse,
721 1884 834 1923 facile
865 1883 1005 1933 aliquis
1037 1883 1278 1934 suspicetur:
1319 1889 1405 1920 tum
1441 1898 1536 1922 vero
1572 1899 1647 1937 pro

127 1943 170 1982 ἐν
204 1946 258 1995 τῷ
292 1938 333 1982 ια’
363 1941 474 1980 haud
501 1943 620 1980 dubie
642 1943 840 1994 sciiptum
871 1942 945 1980 suit
971 1940 1013 1981 ἐν
1041 1943 1094 1980 τῶ
1126 1937 1162 1980 ά.
1222 1939 1388 2005 Aliquot
1416 1956 1555 1980 xeisus
1586 1957 1647 1994 ap.

126 1986 262 2040 Sehol.
283 2000 394 2038 [lind.
418 2018 454 2049 α,
481 2001 756 2043 §recitantur
769 2031 779 2049 ,
811 2000 877 2050 qui
902 2013 985 2037 non
1006 1999 1120 2047 longe
1142 2013 1161 2035 a
1184 1999 1379 2049 principio
1402 2000 1490 2037 libii
1515 2001 1646 2038 locum

125 2057 310 2096 habuisse
335 2058 550 2109 videntur,
588 2059 789 2096 emendati
823 2072 843 2095 a
875 2057 1034 2095 doctiss.
1065 2056 1339 2107 Wasssnbmg
1377 2072 1411 2108 p.
1443 2058 1535 2106 134,
1566 2059 1647 2096 duo

127 2130 266 2154 versus
290 2117 338 2154 de
357 2116 537 2154 Menelao
568 2117 618 2154 ad
646 2117 852 2154 Nestorem
889 2116 1119 2153 devertente
1148 2121 1242 2152 sunt
1277 2115 1381 2166 apud
1412 2116 1574 2153 Suidam
1607 2117 1647 2154 in

129 2171 260 2221 οἶνος,
292 2188 391 2224 quos
411 2175 493 2212 sine
514 2175 700 2212 carminis
724 2174 885 2212 nomine
906 2174 1070 2224 legimus
1090 2172 1198 2224 apud
1222 2172 1472 2211 Athenaeum
1505 2175 1569 2215 lib,
1599 2175 1646 2215 II.

127 2246 188 2284 pr.
213 2238 272 2279 et,
310 2231 419 2282 quod
440 2233 577 2270 triduo
602 2233 711 2270 Paris
731 2235 877 2283 Sparta
897 2231 1057 2269 Troiam
1080 2231 1263 2279 redierit,
1297 2245 1345 2268 ex
1374 2233 1528 2283 Cypriis
1558 2247 1647 2270 car-

131 2289 302 2327 minibus
327 2289 445 2327 docet
464 2290 649 2331 Eustath.
684 2305 721 2342 p.
747 2293 830 2331 663
859 2288 903 2327 A.
963 2290 1208 2340 Interspersa
1240 2303 1398 2339 quoque
1430 2297 1517 2327 erat
1552 2305 1648 2327 nar-

128 2347 233 2384 ratio
255 2347 304 2383 de
328 2348 529 2385 Dioscuris
547 2348 810 2400 Leucippidas
832 2347 1123 2385 abducentibus
1154 2354 1191 2384 et
1223 2361 1353 2398 pugna
1389 2362 1477 2385 cum
1508 2347 1647 2399 Apha-

130 2404 290 2450 relidis,
323 2411 369 2441 ut
391 2405 540 2442 ‹liseero
564 2406 655 2444 lieet
676 2420 695 2443 e
716 2405 847 2443 Schol.
872 2405 985 2443 Pind.
1021 2405 1127 2441 Nem.
1163 2408 1227 2453 10,
1263 2405 1341 2444 114-
1372 2405 1467 2455 (quo
1495 2412 1649 2455 spectat

131 2462 242 2499 locus
262 2462 460 2510 Paus.111,
482 2465 534 2503 16
553 2463 654 2517 pr.),
687 2463 792 2501 etde
812 2463 992 2500 Thetidis
1024 2462 1196 2513 nuptiis,
1229 2468 1276 2499 ut
1306 2462 1344 2499 in
1374 2462 1505 2500 Schol.
1539 2463 1647 2501 lliad.

132 2534 174 2566 π,
207 2518 286 2560 140
312 2517 495 2556 habetur.
554 2521 610 2557 De
633 2520 841 2558 Palamede
859 2521 1014 2557 subulas
1037 2533 1085 2556 ex
1110 2518 1187 2555 hoe
1206 2520 1314 2556 sonte
1335 2520 1497 2557 fluxisse
1527 2521 1648 2558 intel—

132 2577 210 2627 ligo
230 2589 249 2612 e
272 2576 385 2613 Paus.
406 2578 457 2623 X,
481 2579 549 2626 31,
573 2591 611 2629 p.
638 2577 734 2625 874,
759 2578 824 2628 qui
848 2578 1020 2628 scriptor
1045 2576 1291 2627 Neoptolemi
1321 2590 1479 2628 quoque
1504 2593 1647 2617 nomen

133 2640 173 2671 et
195 2634 346 2671 Aeneae
366 2634 571 2682 coniugem
593 2636 819 2685 Eurydicen
841 2635 933 2672 inde
958 2635 1047 2671 illus
1054 2641 1091 2671 t1
1095 2640 1134 2670 at
1163 2648 1194 2671 c.
1215 2637 1282 2674 20.
1344 2635 1385 2672 In
1422 2636 1559 2674 iisdem
1587 2638 1647 2674 ta-

133 2692 225 2730 bula
263 2691 311 2728 de
339 2691 429 2729 Anii
461 2691 617 2729 filiabus
649 2699 735 2729 (rat
766 2699 950 2738 narrata,
994 2698 1091 2728 t<ste
1129 2692 1272 2728 'intra
1306 2692 1355 2729 ad
1383 2694 1582 2746 l)‹··.opl11
1610 2709 1647 2733 i.

135 2750 240 2792 570:
273 2749 381 2798 atqui
407 2754 445 2785 et
470 2761 512 2785 ea
530 2750 569 2786 in
591 2750 682 2787 belli
706 2750 868 2787 Tioiani
898 2722 1011 2787 initia
1044 2749 1264 2798 incidebat,
1307 2758 1352 2787 ut
1388 2751 1487 2789 adeo
1518 2753 1648 2790 mani—

134 2809 280 2845 festum
307 2807 378 2854 sit,
409 2807 651 2859 C3131i01u111
677 2808 908 2845 Caiminum
932 2821 986 2856 arg
977 2821 1090 2854 ,ζ-υιιι(
1097 2813 1207 2844 ntum
1230 2808 1297 2845 vix
1319 2809 1469 2860 aliquid
1488 2809 1648 2860 habere,

135 2865 246 2917 quod
280 2865 322 2902 in
353 2864 612 2916 virgilianum
652 2878 812 2903 carmen
843 2865 1051 2904 transferri
1084 2865 1273 2917 potuerit.
1333 2867 1527 2906 Posthaee
1558 2882 1646 2906 cum

135 2922 427 2962 communicata
446 2936 601 2961 mecum
622 2929 762 2972 essent,
794 2938 890 2961 mox
910 2923 1084 2972 vulgata,
1116 2937 1137 2960 a
1158 2924 1389 2963 doctissimo
1421 2927 1521 2964 leo.
1552 2927 1644 2964 Chr.

142 2981 317 3032 Tychsen
349 2980 547 3032 Excerpta
582 2981 709 3019 Procli
737 2994 757 3018 e
787 2981 875 3019 eod.
898 2981 1155 3019 Escorialensi
1181 2981 1313 3020 Iliadis
1337 2983 1558 3035 descripta,
1590 2982 1647 3036 (in
