1811 3388
326 222 736 274 AENEIDOS
775 223 914 272 LIB.
958 225 1044 286 VI,
1083 228 1366 278 841—849
1507 235 1603 282 993

102 349 426 411 Fabricium,
463 348 548 397 vel
571 357 622 396 te
646 346 815 409 sulco,
853 348 1103 410 Serrane,
1136 359 1438 401 serentem?
1508 358 1605 406 845

105 420 225 479 Quo
245 415 447 466 sessum
468 417 646 482 rapitis
661 457 673 479 ,
710 415 892 466 Fabii?
927 425 985 465 tu
1004 417 1260 466 Maximus
1282 418 1367 468 ille
1393 436 1461 482 es,

102 489 251 536 Unus
269 487 359 551 qui
380 486 535 534 nobis
559 484 857 535 cunctando
884 486 1113 534 restituis
1134 502 1264 537 rem.

100 555 377 604 Excudent
396 555 478 604 alii
500 555 746 621 spirantia
763 554 978 603 mollius
1001 572 1134 617 aera,

105 624 282 674 Credo
308 625 587 691 equidem,
625 625 770 672 vivos
796 623 994 673 ducent
1016 623 1083 674 de
1116 640 1387 673 marmore
1412 624 1605 686 voltus;

195 741 264 777 845
289 749 325 773 et
347 749 383 773 te
406 741 539 775 Zulich.
587 753 654 774 nec
677 749 712 773 te
735 739 852 774 Schol.
879 741 974 773 Pers.
1022 739 1144 773 sulcos
1179 739 1382 773 emendabat
1414 741 1608 781 Turnebus,

104 787 165 819 sed
191 788 291 820 sulco
316 788 394 831 plus
419 788 579 832 poeticae
604 787 749 820 rationis
768 787 875 819 habet
895 798 970 829 pro,
995 786 1116 819 sulcis.
1163 788 1304 819 Serane
1323 787 1467 820 Mentel.
1484 787 1608 820 Franc.

103 834 209 867 Witt.
259 835 329 867 Sed
354 834 447 866 numi
485 841 520 867 et
557 846 727 867 marmora
764 835 960 866 Sarannus
993 831 1048 864 vel
1082 834 1278 865 Serranus.
1316 833 1384 865 vid.
1422 833 1539 866 Heius.
1575 841 1610 865 et

102 880 261 913 Perizon.
286 880 465 914 Animadv.
499 893 534 925 p.
570 883 627 915 ⁹24.
720 881 789 914 846
824 882 902 923 Quo
935 890 1102 924 gressum
1138 891 1167 911 r.
1200 879 1301 911 Rom.
1339 880 1448 923 (quod
1482 881 1610 924 probat

104 927 200 959 Cort.
247 927 291 959 ad
330 928 460 960 Lucan.
503 929 561 968 ΙΙΙ,
602 927 678 961 116.
727 926 822 968 Wr.)
870 926 1001 970 capitis
1035 925 1178 957 Vratisl.
1226 937 1266 957 es
1296 925 1396 957 abest
1429 938 1448 959 a
1486 927 1608 959 Franc.

103 974 172 1007 847
197 973 325 1017 duplex
349 974 459 1009 Codd.
484 974 629 1006 familia:
657 974 822 1005 restituis
844 971 970 1004 Medic.
997 983 1072 1003 cum
1102 971 1145 1003 al.
1179 971 1228 1014 (in
1254 971 1376 1015 quibus
1404 974 1433 1006 1.
1459 972 1491 1006 5.
1516 973 1548 1007 6.
1574 975 1607 1007 7.

109 1020 203 1063 Wr.)
251 1021 423 1053 restitues
447 1022 545 1053 Rom.
571 1032 646 1053 cum
673 1019 822 1060 ceteris3
856 1030 926 1050 non
958 1017 1060 1049 video
1086 1029 1145 1049 cur
1171 1017 1238 1050 hoc
1262 1018 1468 1061 praeferam.
1514 1019 1608 1051 Poe—-

103 1072 175 1098 tam
202 1066 325 1109 decet,
347 1066 464 1099 sutura
492 1073 531 1099 ut
554 1065 753 1109 praesentia
786 1071 867 1097 ante
903 1063 1022 1096 oculos
1054 1074 1197 1106 ponere.
1246 1065 1406 1096 restituit
1437 1064 1536 1097 Leid.
1573 1072 1608 1097 et

106 1113 161 1145 ed.
197 1114 286 1145 Ven.
381 1115 449 1147 848
483 1112 636 1146 molibus
667 1112 772 1146 Witt.
867 1112 934 1145 849
977 1110 1063 1142 cedo
1105 1110 1302 1142 emendavit
1334 1110 1527 1143 Markland.
1564 1112 1608 1143 ad

104 1162 194 1192 Stat.
218 1172 252 1204 p.
278 1161 300 1195 5
326 1159 401 1192 sine
426 1160 554 1193 idonea
578 1171 707 1192 caussa.
734 1158 777 1190 cf.
803 1159 984 1190 Burmann.
1031 1164 1067 1188 et
1090 1158 1195 1189 vivos
1218 1156 1351 1200 aliquot
1375 1158 1467 1200 apud
1481 1158 1606 1199 Burm.‚

104 1205 198 1238 haud
222 1206 328 1239 dubie
352 1206 502 1240 mollius.
551 1208 657 1239 vivos
680 1205 814 1237 alicenc
838 1205 976 1248 Menag.
1000 1214 1055 1247 pr.
1070 1227 1080 1243 ,
1104 1202 1239 1235 librarii
1262 1210 1416 1248 stupore.

106 1311 157 1349 do
188 1311 340 1349 dictum
372 1311 513 1360 fuisse,
545 1325 594 1349 ex
627 1312 722 1349 locis
756 1324 829 1362 ap-

104 1376 219 1420 paret
247 1383 268 1406 a
299 1370 425 1407 Cerda
455 1369 616 1420 aliisque
646 1368 829 1407 laudatis.

103 1427 277 1465 Praeivit
308 1427 464 1465 Lucret.
501 1427 565 1475 ΙΙΙ,
597 1426 704 1468 1047
739 1427 829 1462 Sei-

96 1485 245 1535 pz'ades
275 1484 570 1536 bellisulmelz,
610 1483 828 1533 Carthagi-

103 1543 166 1579 nis
197 1541 361 1590 horror,
414 1542 517 1579 Ossa
552 1542 661 1578 dedit
703 1549 826 1577 terrae

96 1599 266 1649 proinde
285 1614 335 1636 ac·
351 1598 501 1648 fatnzcl'
526 1599 688 1646 infimus·
710 1606 822 1634 esset.

105 1656 304 1708 Spencius.
322 1656 422 1693 bene
460 1662 666 1707 comparat
696 1655 827 1692 locum

105 1714 154 1752 de
174 1714 337 1751 Caesare
367 1714 475 1764 apud
506 1715 651 1751 Lucan.
684 1713 712 1761 I,
748 1712 827 1752 157

103 1785 187 1822 sqq.
245 1770 308 1808 Ad
348 1784 509 1809 versum
546 1771 656 1809 hunc
690 1768 830 1807 referri

105 1829 223 1867 debet
245 1828 327 1866 Silii
348 1828 459 1866 locus
479 1828 584 1877 XIII,
603 1828 699 1869 499.
729 1826 828 1863 Fu]-

104 1886 201 1924 mini
231 1886 478 1924 assimulavit
499 1886 731 1923 bellatorem
749 1884 828 1921 iam

103 1944 302 1982 Homerus
319 1943 430 1980 Iliad.
451 1960 487 1992 ν,
508 1942 603 1984 242.
626 1939 830 1996 α’στεροπῇ

104 2002 244 2048 ἴκελος.
278 1999 364 2052 (sed
385 2000 583 2038 Homerus
600 2000 712 2037 illum
730 2012 827 2049 pro-

103 2066 194 2111 pter
214 2058 406 2108 fulgorem
428 2070 631 2094 armorum
667 2057 721 2093 ita
753 2069 827 2105 ap-

103 2116 236 2168 pellat.
275 2116 391 2167 lVr.)
425 2121 543 2165 atque
562 2113 656 2151 inde
679 2112 827 2150 Pinda-

104 2188 173 2211 rus
203 2178 242 2210 et
271 2172 348 2210 alii.
407 2172 461 2209 At
494 2171 594 2209 illud
621 2170 827 2221 tragicum,

105 2230 215 2281 quod
237 2229 318 2281 ipse
348 2228 466 2266 heros
492 2225 693 2280 οἷστεροπή
715 2225 828 2266 πολέ-

105 2304 183 2340 μου
202 2287 343 2324 dietus.
376 2301 508 2337 parvo
526 2294 724 2336 polentem
741 2286 829 2321 Fa*

104 2345 293 2392 bricium,
327 2344 367 2381 in
389 2357 512 2395 parva
540 2356 583 2380 re
615 2342 829 2379 domestica

106 2403 294 2449 divitem3
316 2401 374 2438 uti
389 2409 590 2438 contentus
605 2414 734 2449 parvo
752 2399 827 2435 ali-

105 2460 193 2509 quis
215 2458 374 2496 dicitur.
428 2456 614 2510 („l’arvo
629 2465 827 2506 polentem

104 2516 338 2554 Fabricium
366 2521 485 2553 vocat
514 2520 653 2565 poeta,
684 2514 827 2564 quippe

105 2574 172 2624 qui
191 2586 315 2624 parva
336 2585 378 2609 re
405 2572 586 2609 familiari
616 2577 828 2608 contentus

106 2631 156 2668 ob
178 2631 302 2682 ipsam
319 2629 601 2681 parsimoniam
631 2634 670 2665 et
696 2628 827 2665 conti-

103 2689 282 2726 nentiam
303 2701 393 2725 cum
412 2687 623 2738 prudentia
644 2692 683 2722 et
705 2684 825 2722 sorti-

105 2745 246 2782 tudine
268 2744 519 2782 coniunctam
542 2744 583 2781 in
606 2743 723 2781 rebus
750 2755 827 2793 pu-

104 2802 216 2839 blicis
244 2802 426 2852 gerendis
460 2801 677 2853 plurimum
710 2799 827 2837 valu-

105 2858 221 2896 erit.“
249 2858 497 2896 Muenscher.
516 2859 629 2896 obss.
653 2860 694 2894 ιἰι
711 2858 828 2905 Vtrg.

107 2917 208 2953 Aen.
239 2929 276 2966 p.
304 2918 370 2956 27.
406 2914 523 2966 lVr.)
582 2915 638 2951 De
666 2915 705 2952 C.
739 2914 827 2950 Ati-

173 2984 379 3031 Vnum.
428 2983 567 3028 Tou.
604 2982 665 3028 ΙΙ.

886 1309 939 1347 lio
961 1309 1126 1345 Serrano
1151 1320 1188 1346 v.
1215 1307 1313 1345 Plin.
1338 1307 1478 1356 XVIII,
1510 1310 1547 1357 3,
1576 1323 1605 1347 s.

886 1367 924 1409 4.
950 1366 1127 1403 Perizon.
1152 1364 1362 1402 Animadv.
1386 1365 1485 1402 Hist.
1514 1379 1546 1402 c.
1570 1371 1604 1407 1.

944 1423 1039 1464 846.
1058 1421 1152 1463 847.
1174 1423 1361 1473 sessum,
1396 1435 1457 1459 me
1489 1422 1603 1473 longa

887 1480 1088 1528 oratione,
1121 1493 1211 1517 cum
1235 1478 1282 1516 de
1310 1478 1439 1516 Fabiis
1461 1485 1521 1517 tot
1543 1480 1605 1516 di-

886 1537 1011 1575 cenda
1027 1542 1187 1575 restent.
1246 1537 1301 1572 De
1321 1536 1440 1574 Fabio
1458 1538 1605 1573 Allari-

883 1609 947 1632 mo
980 1595 1220 1632 Cunctatore
1261 1606 1398 1632 versus
1438 1593 1605 1631 debetur

884 1652 1025 1690 Ennio.

942 1708 1197 1751 848—854.
1227 1707 1353 1745 Locus
1383 1705 1494 1744 haud
1527 1706 1605 1744 du-

885 1766 948 1804 bie
966 1779 985 1803 e
1006 1765 1276 1812 nobilissimis,
1303 1777 1381 1814 quo
1402 1765 1605 1801 Romano-

886 1837 978 1861 rum
997 1823 1151 1874 ingenia
1168 1829 1207 1859 et
1226 1821 1362 1859 laudes
1378 1834 1466 1858 cum
1480 1821 1601 1858 Grae-

886 1881 961 1929 cis,
993 1894 1084 1918 nam
1103 1879 1155 1916 ad
1175 1879 1248 1916 hos
1272 1878 1519 1930 potissimum
1539 1891 1605 1915 re—

885 1939 1034 1990 spicere
1054 1937 1182 1975 videri
1203 1936 1339 1984 debet,
1371 1949 1605 1986 comparan-

884 2001 963 2032 tur.
1023 1994 1163 2032 Graeci
1182 1993 1439 2044 praestabant
1459 1992 1604 2029 artium

884 2052 1098 2103 elegantia,
1126 2063 1173 2087 ex
1192 2051 1237 2087 iis
1256 2057 1373 2101 poeta
1392 2049 1489 2085 aeris
1510 2049 1602 2086 sun-

885 2109 1006 2146 dendi
1062 2109 1346 2157 marmorisque
1400 2105 1602 2157 sculpendi

885 2173 1012 2204 artem
1042 2171 1254 2212 memorat,
1283 2165 1377 2201 felix
1413 2163 1516 2200 idem
1546 2169 1603 2199 est

885 2225 927 2261 in
951 2223 1166 2261 verborum
1199 2221 1362 2259 dilectu:
1394 2234 1489 2256 aera
1518 2222 1602 2269 spi-

885 2283 1018 2318 rantia
1041 2286 1215 2328 statuae,
1239 2291 1338 2328 quae
1364 2277 1478 2315 vivos
1495 2277 1603 2314 viros

885 2337 1053 2375 reddere
1085 2337 1275 2375 videntur
1294 2350 1304 2385 3
1349 2340 1387 2371 et
1426 2334 1598 2381 mollius,

885 2409 977 2432 nam
1002 2395 1209 2446 proprium
1238 2394 1277 2431 in
1305 2392 1420 2442 signis
1444 2390 1532 2428 hoc.
1565 2404 1600 2428 v.

886 2453 1076 2500 Quinctil.
1115 2451 1200 2498 XII,
1241 2452 1303 2497 10,
1351 2452 1387 2489 7.
1448 2448 1602 2485 Scilicet

884 2510 1031 2562 partim
1075 2509 1126 2545 ad
1168 2507 1378 2545 veritatem
1425 2511 1600 2551 naturae,

885 2580 1051 2618 corpore
1088 2572 1127 2603 et
1165 2577 1282 2602 carne
1321 2571 1521 2613 tamquam
1552 2566 1602 2598 ad

883 2631 1037 2662 tactum
1073 2622 1246 2660 molliter
1280 2633 1368 2658 aere
1401 2620 1462 2658 vel
1494 2633 1601 2656 mar—

884 2695 994 2719 more
1022 2680 1206 2729 reddita,
1238 2678 1381 2730 partim
1412 2675 1598 2714 extremi-

884 2745 968 2777 tate
987 2739 1137 2776 formae
1157 2743 1260 2775 caste
1283 2742 1321 2772 et
1339 2734 1505 2772 molliter
1520 2732 1599 2767 cir-

887 2797 1101 2834 cumducta
1141 2801 1179 2832 et
1216 2792 1444 2830 circumlita.
1514 2789 1598 2824 Non

886 2854 986 2892 male
1011 2859 1141 2891 autem
1165 2851 1327 2888 Ursinus
1355 2845 1598 2898 praeclarum

886 2911 1048 2949 Pindari
1065 2910 1112 2948 de
1138 2906 1300 2946 Rhodiis
1331 2905 1459 2940 locum
1491 2916 1591 2938 com-

1262 2973 1325 3016 {53
