1811 3388
407 200 822 250 AENEIDOS
863 201 1006 251 LIB.
1045 203 1133 265 VI,
1173 207 1465 261 529—539

152 326 261 372 Hac
285 324 396 373 vice
419 341 735 374 sermonum
757 326 926 375 roseis
948 330 1153 376 Aurora
1177 329 1443 394 quadrigis

1570 218 1672 265 929

1570 339 1670 391 535

149 396 262 442 Iam
284 393 528 443 medium
553 394 791 445 aetherio
818 413 973 445 cursu
994 399 1270 447 traiecerat
1294 416 1468 451 axem:

149 465 216 511 Et
241 461 352 511 fors
375 479 538 512 omne
565 464 749 514 datum
774 466 1048 515 traherent
1069 484 1168 533 per
1187 468 1308 517 talia
1332 478 1571 536 tempus3

153 531 260 581 Sed
298 549 480 582 comes
521 534 826 599 admonuit,
876 537 1219 604 breviterque
1262 537 1436 588 adfata
1478 542 1670 606 Sibylla

938 615 1042 657 est:

148 674 264 721 Nox
293 673 424 737 ruit,
463 676 669 737 Ae11ea3
707 691 806 724 nos
832 673 1018 725 flendo
1049 677 1293 727 ducimus
1315 677 1488 731 horaS.

242 812 311 849 535
337 817 390 847 Ac
418 815 507 858 Reg.

147 860 250 892 heret
274 862 396 894 Franc.

149 909 181 940 1.
211 908 308 951 Wr.)

146 1014 273 1051 infera
318 1015 457 1053 referri
500 1016 683 1055 solitum:
734 1024 774 1056 et
813 1033 884 1057 aer

147 1072 327 1109 turbidas
348 1087 424 1124 pro
450 1074 634 1112 obscuro.

205 1130 465 1173 535—539.
505 1134 599 1170 Hac·
624 1134 710 1170 rice
729 1148 880 1171 sermo—

145 1202 242 1224 num
267 1189 445 1227 Guellius
477 1190 654 1228 illustrat
685 1204 757 1243 per
792 1192 880 1230 Ho—

146 1246 338 1284 mericum
376 1250 474 1287 Νῶϊ
506 1246 580 1300 μὲν
609 1246 665 1296 ὥς
695 1249 879 1290 ἐπέεσσιν

147 1298 416 1356 α’μειβόμεθα.
466 1306 559 1344 add.
608 1307 793 1358 Apollon.
831 1308 878 1357 Il,

145 1360 242 1402 450.
285 1359 340 1410 ὥς
374 1359 471 1416 τώγ’
510 1360 719 1416 α’λλήλοισι
746 1382 879 1417 παρα-

145 1415 305 1471 βλήδην
360 1415 569 1473 οὲγόρευον.
649 1423 710 1460 Ex
751 1424 877 1461 altero

144 1489 266 1515 versu
297 1491 336 1514 se
370 1492 450 1516 non
482 1480 646 1531 expedit
675 1481 878 1519 Burman-

144 1548 233 1582 nuS,
265 1549 393 1586 neque
416 1549 484 1587 ego
504 1551 579 1585 me,
613 1551 741 1589 neque
763 1539 875 1588 alius,

143 1606 261 1642 quem
307 1593 467 1644 quidem
515 1597 658 1634 norim.
726 1597 877 1635 Verum

143 1650 458 1702 disputationem
473 1652 578 1691 hane
593 1655 633 1692 in
647 1655 875 1693 Excursum

144 1708 195 1745 ad
216 1708 254 1746 h.
278 1723 316 1747 v.
339 1724 449 1748 nunc
476 1712 604 1750 reieci.
666 1712 721 1750 De
741 1714 876 1752 verbis

142 1767 304 1817 singulis
340 1774 501 1806 tantum
528 1770 711 1809 monebo.
770 1774 877 1809 Axis

140 1823 252 1862 haud
302 1825 422 1863 dubie
470 1828 599 1879 poetis
647 1842 722 1880 pro
765 1830 873 1867 caelo

141 1884 306 1921 omnino
328 1884 472 1931 dictus,
506 1892 552 1924 ut
571 1892 609 1923 et
629 1887 732 1925 alibi.
792 1888 874 1924 Fa-

141 1940 197 1977 cit
231 1948 365 1978 autem
387 1943 544 1981 Aurora
567 1944 767 1996 quadrigis
794 1946 873 1983 suis

141 1998 190 2035 ab
211 1999 361 2036 oriente
391 2007 526 2038 evecta
558 2002 771 2040 decursum
801 2016 873 2054 per

141 2057 238 2093 caeli
261 2070 488 2095 convexum
514 2072 654 2097 versus
681 2060 872 2098 occiden—

140 2120 221 2151 tem
245 2115 384 2151 eodem
413 2116 534 2154 modo
565 2124 684 2167 atque
716 2119 771 2165 is,
804 2118 872 2168 qui

139 2172 398 2221 subsequitur
429 2174 554 2222 illam,
596 2175 675 2212 Sol.
736 2175 869 2213 Auro-

139 2242 208 2266 rae
246 2229 460 2268 decursum
500 2231 609 2269 hunc
655 2239 754 2283 puta
783 2233 869 2271 fieri

137 2287 246 2325 intra
269 2294 427 2339 tempus
450 2289 615 2327 diluculi
637 2296 676 2332 et
696 2291 773 2334 orti
793 2293 870 2329 So-

137 2344 199 2383 lis.
239 2345 372 2383 Noctu
395 2347 498 2384 enim
520 2348 668 2385 factum
689 2354 774 2386 erat
802 2363 869 2385 sa-

138 2416 272 2452 crum3
310 2404 388 2441 iter
409 2411 543 2442 autem
573 2405 734 2456 ingressi
754 2412 869 2444 erant

137 2460 189 2497 ad
221 2461 346 2499 infera
370 2462 456 2499 loca
480 2463 558 2501 iam
593 2463 665 2500 sub
699 2464 867 2502 diluculi

136 2524 309 2570 tempus,
333 2522 461 2569 primi
479 2521 550 2558 sub
583 2522 741 2558 lumina
763 2523 867 2559 Solis

137 2584 173 2613 et
201 2585 306 2613 ortus
337 2591 373 2615 V.
406 2579 501 2618 255.
562 2578 687 2625 Igitur
708 2579 867 2617 Aurora

136 2634 215 2672 iani
242 2634 339 2671 caeli
361 2641 512 2686 partem
532 2636 703 2686 aliquam
720 2666 729 2684 ‚
761 2651 866 2687 nam,

136 2704 186 2728 ex
212 2693 367 2742 vulgari
407 2700 617 2744 poetarum
648 2708 745 2742 usu,
786 2709 866 2745 quo

134 2749 242 2786 intra
279 2750 377 2787 fines
420 2752 552 2788 onmia
591 2758 686 2789 sunt
713 2753 863 2802 media,

134 2806 179 2843 id
202 2820 361 2856 quoque
383 2810 559 2846 medium
579 2811 737 2846 caelum
763 2823 864 2861 poe-

132 2870 196 2901 tae
222 2864 298 2901 dici
334 2871 486 2915 potest,
519 2880 639 2904 cursu
667 2874 863 2918 exegerat,

130 2928 179 2959 ut
215 2935 299 2959 nox
337 2936 447 2960 nunc
484 2937 649 2975 prorsus
697 2925 863 2977 depulsa

200 2992 410 3041 VIRGIL.
448 2992 591 3040 ΤΟΜ.
617 2991 677 3041 ΙΙ.

580 815 649 852 536
673 824 911 863 transegerat
930 829 995 863 pro
1015 817 1084 850 div.
1106 817 1187 851 lect.
1204 831 1256 863 pr.
1280 820 1403 852 Hamb.

445 863 601 906 (—538.
631 872 687 896 est
711 864 745 896 in
773 865 934 898 Mediceo
951 872 1005 898 est
1025 866 1161 899 alienae
1185 878 1324 908 manus;
1354 867 1425 901 vid.
1447 868 1489 909 Q.
1512 870 1555 903 V.
1584 871 1667 911 XV,

391 909 459 944 539
485 922 559 942 non
571 912 620 954 fl.
645 911 698 944 ed.
716 912 758 943 D.
780 912 902 946 Heius.

1491 821 1561 857 537
1585 829 1667 856 tra-

941 1025 1058 1069 esset,
1105 1020 1243 1072 itaque
1285 1027 1401 1074 poeta
1442 1022 1517 1061 ait:
1566 1025 1666 1062 Nox

938 1081 1040 1125 ruit,
1084 1080 1238 1116 Aenea.
1313 1079 1499 1131 Argutias
1529 1089 1667 1134 captat

938 1136 1102 1173 Servius
1123 1150 1213 1174 cun]
1232 1136 1327 1175 aliis.
1365 1139 1532 1176 Saniora
1552 1140 1666 1179 affert

939 1194 1079 1232 Cerda.
1147 1194 1203 1231 De
1229 1195 1385 1233 reditus
1419 1197 1471 1234 ad
1500 1211 1665 1250 superos

938 1257 1119 1302 tempore
1140 1252 1196 1290 nil
1210 1260 1407 1292 memorat
1419 1261 1548 1305 poeta.
1581 1256 1664 1293 lta—

938 1323 1014 1360 que
1034 1323 1106 1347 nec
1127 1309 1175 1347 de
1195 1323 1241 1348 eo
1261 1310 1540 1351 laborandum.
1571 1313 1662 1363 Sed,

938 1380 988 1405 ex
1012 1381 1219 1406 sacrorum
1244 1368 1429 1407 Manibus
1460 1371 1663 1410 factorum

936 1438 1069 1475 more,
1111 1433 1201 1463 orto
1234 1426 1318 1475 die,
1360 1428 1443 1466 sive
1473 1427 1551 1466 hoc
1579 1429 1662 1467 sive

937 1483 1038 1533 alio,
1080 1482 1231 1521 Aeneas
1261 1485 1388 1523 infera
1421 1486 1508 1523 loca
1536 1486 1662 1524 relin-

935 1554 1058 1591 quere
1090 1542 1247 1591 debuit3
1294 1549 1341 1580 ut
1370 1543 1541 1582 vicissim
1569 1558 1661 1583 cum

935 1605 1030 1636 ortu
1046 1600 1148 1638 Solis
1178 1599 1314 1637 Manes
1344 1601 1395 1638 ad
1420 1601 1550 1640 infera
1573 1601 1661 1640 loca

932 1657 1066 1695 redire
1083 1658 1224 1696 solent.
1283 1658 1339 1695 De
1357 1659 1499 1697 ceteris
1517 1673 1556 1699 v.
1574 1660 1660 1698 Ex-

934 1728 1095 1753 cursum
1117 1714 1236 1753 X[**.
1278 1714 1421 1768 (Miror
1443 1716 1541 1755 haec
1560 1717 1660 1756 adeo

933 1772 1111 1811 difficilia
1135 1773 1266 1811 videri
1292 1774 1469 1825 potuisse
1488 1775 1658 1827 Heynio.

932 1831 1032 1869 Rem
1054 1831 1208 1869 dudum
1230 1832 1436 1883 expedivit
1455 1833 1481 1870 I.
1495 1833 1544 1872 H.
1557 1834 1660 1872 Vos-

933 1889 1013 1926 sius
1034 1890 1182 1940 Epistt.
1200 1889 1432 1940 Alky'tholog.
1460 1891 1502 1931 T.
1521 1891 1567 1930 II.
1588 1892 1657 1943 Ep.

932 1946 1033 1985 VIII.
1050 1961 1107 1997 sq.
1148 1949 1269 1984 Sacra
1287 1948 1447 1997 quidem
1474 1948 1557 2000 ipsa
1582 1963 1658 1987 no-

933 2009 1000 2041 ctu
1023 2004 1127 2042 facta
1152 2005 1325 2053 fuerant,
1359 2011 1406 2042 ut
1429 2004 1513 2043 fieri
1533 2006 1656 2044 debe-

931 2061 1053 2111 bant3
1100 2062 1169 2099 sed
1199 2074 1248 2098 ne
1281 2075 1353 2113 per
1377 2068 1508 2101 totum
1547 2064 1656 2101 inse-

932 2125 1122 2168 quentem
1152 2119 1256 2156 diem
1288 2119 1438 2157 Aeneas
1459 2121 1566 2172 apud
1588 2121 1654 2159 in-

929 2177 1033 2213 feros
1082 2183 1282 2225 maneret,
1339 2190 1440 2228 quae
1490 2179 1654 2217 tandem

930 2234 1065 2284 opinio
1109 2240 1312 2284 veterum,
1365 2248 1466 2286 quae
1504 2236 1653 2287 religio,

926 2292 1122 2330 vetabat?
1208 2292 1288 2329 Nec
1339 2299 1526 2344 poterant
1576 2294 1654 2332 ista

927 2351 1073 2398 onmia,
1103 2363 1201 2400 quae
1221 2350 1270 2387 de
1292 2349 1445 2388 Aeneae
1465 2351 1573 2402 apud
1588 2351 1653 2389 in—

924 2408 1032 2444 feros
1059 2408 1373 2445 commoratione
1394 2409 1520 2446 relata
1543 2416 1651 2459 sunt,

924 2464 1033 2502 intra
1052 2471 1132 2503 tam
1157 2466 1345 2516 exiguum
1364 2466 1536 2518 spatium
1556 2468 1652 2518 geri,

925 2529 974 2560 ut
1013 2530 1106 2560 ante
1162 2530 1297 2562 ortum
1340 2523 1444 2562 diem
1485 2525 1650 2564 rediret.

925 2582 1125 2619 Auroram
1148 2587 1281 2619 autem
1300 2594 1415 2618 mane
1447 2582 1495 2619 ab
1517 2582 1651 2621 orien-

924 2638 995 2675 tali
1019 2640 1134 2690 plaga
1159 2640 1382 2690 prosectam
1413 2645 1543 2677 totum
1570 2654 1649 2678 una

925 2710 1015 2734 cum
1037 2697 1126 2734 Sole
1147 2697 1225 2735 iter
1260 2710 1331 2748 per
1363 2697 1515 2735 coelum
1541 2710 1649 2734 eme—

921 2754 988 2792 tiri
1003 2762 1155 2792 veteres
1170 2755 1419 2804 statuebant3
1442 2755 1522 2792 vid.
1539 2754 1648 2792 Voss.

922 2812 950 2850 1.
973 2812 1019 2861 l.;
1051 2826 1151 2863 quae
1181 2826 1306 2863 quum
1338 2812 1511 2849 medium
1534 2824 1647 2849 axem

921 2870 1017 2907 iam
1058 2871 1367 2916 traiecisse,
1417 2883 1498 2906 non
1540 2874 1646 2906 tra-

919 2927 1083 2966 iicere
1112 2929 1287 2976 modo,
1326 2926 1504 2977 dicatur,
1541 2932 1648 2964 tem-

1299 2995 1368 3040 59
