1827 3436
493 262 1225 322 ADLIBRUMI
1522 264 1621 312 225

103 413 214 453 nium
244 404 488 462 respexerit,
530 407 578 440 ut
614 400 657 439 in
697 399 786 437 illo:
826 398 988 447 suisque
1027 392 1244 431 immanior
1281 387 1413 426 undis.
1474 386 1623 425 Hacte-

104 485 180 511 nus
221 468 272 506 ad
309 474 542 504 communes
579 459 760 498 rationes
791 470 813 494 a
844 467 907 492 me
940 452 1193 504 disputatum
1225 452 1323 485 erat.
1382 445 1498 483 Nunc
1524 445 1626 484 illud

103 527 295 569 monebo:
327 535 488 562 omnem
523 517 805 557 difficultatem
837 512 1037 551 sublatam
1071 521 1153 546 esse
1184 503 1508 557 interpunctione
1534 517 1625 540 mu-

104 593 202 627 tata.
241 582 325 624 vid.
356 581 449 620 var.
480 579 589 616 Lect.
622 575 673 614 ad
705 589 743 614 v.
780 575 872 616 126.

498 878 1085 946 EXCURSUS
1151 874 1248 930 VI

198 997 274 1040 De
304 996 400 1039 loco
431 993 602 1037 littoris
633 990 832 1048 Libyae,
883 984 947 1028 ad
981 996 1110 1042 quem
1140 978 1323 1021 Aeneas
1354 972 1550 1032 appulit.

231 1105 260 1154 Ι,
296 1103 437 1146 159—
457 1103 550 1142 169.
593 1099 668 1136 Est
708 1098 750 1134 in
781 1107 935 1132 secessu
965 1091 1087 1140 longo
1118 1087 1244 1124 locus.
1308 1081 1452 1119 Insula
1477 1086 1640 1130 portam

119 1164 267 1216 Efficit
299 1161 452 1200 obiectu
483 1159 682 1204 laterum,
718 1153 861 1206 quibus
893 1150 1022 1188 omnis
1053 1144 1105 1184 ab
1135 1144 1218 1180 alto
1250 1140 1487 1189 Frangitur,
1520 1137 1640 1187 inque

118 1225 233 1261 sinus
265 1220 415 1258 seim-lit
443 1231 526 1255 sese
557 1214 669 1253 unda
699 1213 894 1250 reductos.
957 1207 1073 1244 Hinc
1114 1210 1234 1253 alque-
1275 1197 1370 1235 hinc·
1400 1202 1541 1233 vastae
1570 1207 1642 1230 ru-

110 1296 188 1333 pes
216 1280 451 1331 geminique
482 1277 689 1312 minamur
730 1271 782 1308 In
820 1267 975 1306 coelum
1003 1261 1187 1312 scopuli:
1231 1268 1400 1308 quorum
1438 1250 1510 1290 sub
1552 1263 1642 1288 ver-

119 1342 194 1377 tice
224 1339 306 1376 lale
344 1337 535 1387 Aequora
577 1339 664 1368 [ula
703 1329 834 1366 silent.
906 1325 1010 1361 Tum
1052 1319 1165 1356 silvis
1195 1327 1314 1352 scena
1351 1312 1523 1349 coruscis
1552 1308 1643 1346 De-

120 1411 266 1448 super,
311 1394 562 1443 horrentique
602 1396 736 1425 alrwn
777 1397 917 1422 nemus
958 1379 1137 1417 imminet
1176 1371 1334 1411 umbra.
1397 1370 1542 1406 Fronte
1570 1364 1644 1403 sub

121 1456 294 1494 adversa
334 1451 511 1502 scopulis
536 1443 802 1499 pendentibus
832 1449 1016 1479 antrum:
1068 1436 1183 1473 Intus
1223 1442 1357 1481 aquae
1386 1426 1546 1473 dulces,
1579 1424 1646 1460 νί-

122 1526 251 1565 roqzce
281 1511 428 1548 sedilia
459 1520 560 1546 saxo
573 1520 589 1552 ;
633 1500 927 1555 ssffympliarztm
956 1496 1113 1533 domus.
1173 1490 1259 1527 Hic
1275 1485 1418 1537 fessas
1446 1497 1525 1521 non
1552 1481 1645 1517 vin—

123 1572 217 1613 cula
249 1571 367 1607 navis
408 1567 507 1605 Ulla
538 1570 692 1609 tenent;
726 1573 828 1597 unco
858 1570 937 1594 non
967 1553 1131 1602 adligat
1161 1558 1312 1584 cmc-‘ora
1342 1555 1486 1580 morsu.
1546 1538 1647 1576 Cum

126 1630 175 1667 de
206 1628 285 1666 hac
314 1626 415 1676 loci,
457 1623 509 1662 ad
539 1634 659 1672 quem
689 1618 844 1656 Aeneas
877 1609 1100 1666 appulerit,
1143 1601 1407 1653 descriptione
1437 1599 1479 1636 in
1510 1596 1649 1635 ‹liver-

126 1702 189 1725 sas
220 1686 391 1724 abierint
421 1679 637 1721 sententias
666 1677 928 1727 interpretes,
962 1675 1002 1707 et
1023 1666 1142 1706 facies
1162 1663 1344 1701 locorum
1376 1656 1540 1696 omnino
1568 1666 1649 1691 non

125 1746 253 1785 libero
293 1742 388 1781 satis
427 1743 645 1794 prospectu
682 1733 806 1772 menti
845 1744 885 1768 se
927 1728 1089 1766 offerat:
1120 1718 1346 1760 accuratius
1386 1715 1435 1753 de
1474 1727 1519 1751 ea
1553 1710 1649 1750 milii

128 1804 207 1843 erit
248 1801 459 1854 agendum.
527 1791 908 1846 Interpretationem
947 1782 1239 1823 sententiarum
1279 1774 1527 1826 singularum
1571 1769 1651 1807 iam

130 1876 253 1915 supra
292 1853 472 1912 apposui.
533 1856 697 1893 Summa
736 1855 824 1889 erat
861 1846 982 1884 haec:
1031 1843 1102 1880 Est
1141 1839 1183 1876 in
1222 1835 1300 1873 hac
1337 1830 1486 1870 littoris
1516 1826 1652 1879 Libyci

130 1927 245 1975 parte
278 1918 391 1957 locus
429 1916 473 1954 in
515 1913 647 1951 sinum
679 1912 896 1954 curvatus,
937 1901 1002 1941 cui
1031 1897 1161 1938 insula
1191 1890 1466 1947 praetexitur,
1507 1885 1653 1938 quique

132 1980 258 2027 adeo,
297 1989 390 2015 cum
429 1974 579 2012 fluctus
619 1969 668 2007 ab
707 1967 787 2005 alto
825 1962 986 2002 obiectu
1026 1956 1177 1996 insulae
1217 1952 1481 2000 franguntur,
1523 1950 1653 1983 tutam

133 2037 303 2077 navium
341 2032 557 2072 stationem
599 2026 733 2067 efficit.
803 2022 925 2061 Hunc
961 2018 1095 2056 sinum
1132 2011 1308 2051 subeunt
1337 2003 1514 2044 Troiani.
1573 2001 1656 2039 Iam

134 2097 177 2136 in
210 2093 375 2146 singulis
415 2087 612 2130 nonnulla
652 2089 766 2131 sunt,
806 2092 909 2132 quae
948 2072 1247 2126 ambiguitatem
1287 2064 1435 2104 habere
1475 2063 1655 2113 possunt.

136 2156 188 2194 In
216 2154 338 2204 longo
368 2162 538 2196 secessu,
573 2146 735 2184 sinuoso
764 2139 914 2191 Libyae
942 2135 1094 2181 littore,
1125 2137 1182 2167 est
1211 2128 1346 2164 loeus.-
1380 2120 1449 2172 qui
1478 2132 1552 2171 pro
1574 2122 1656 2153 sta-

136 2213 249 2252 tione
280 2209 446 2248 navium
477 2212 548 2243 est.
607 2201 770 2248 Insula,
812 2209 914 2249 quae
955 2186 1180 2231 continenti
1219 2189 1279 2222 est
1318 2179 1491 2226 obiecta,
1534 2174 1658 2225 efficit

133 2278 297 2323 portum
327 2266 481 2305 obiectu
510 2264 679 2302 laterum
712 2268 879 2296 suorum
911 2251 1006 2306 (hoc
1035 2249 1143 2301 ipso,
1174 2240 1285 2295 quod
1315 2238 1487 2284 obiecta,
1531 2245 1659 2284 oppo-

140 2329 218 2367 sita
247 2324 338 2379 est),
370 2322 538 2376 quibas,
574 2318 625 2358 ad
656 2329 779 2369 quae,
812 2314 941 2352 omnis
973 2307 1084 2347 unda
1115 2303 1166 2342 ab
1197 2302 1306 2346 alto,
1341 2294 1468 2334 omnis
1498 2291 1659 2336 ssuctus,

142 2387 368 2436 Frangitur
396 2389 433 2419 et
463 2383 505 2418 in
534 2380 646 2416 sinus
675 2375 855 2414 reductos
886 2382 968 2407 sese
998 2363 1169 2409 scindit,
1203 2360 1330 2397 fracta
1361 2350 1530 2392 recedit:
1560 2352 1658 2399 pot-

143 2451 204 2483 est
234 2441 361 2494 accipi
392 2439 442 2478 de
470 2434 731 2476 interioribus
762 2431 871 2469 sinus
901 2423 1140 2469 recessibus,
1170 2418 1212 2456 in
1243 2426 1343 2467 quos
1372 2411 1521 2449 fluctus
1544 2403 1661 2443 sracti

144 2516 242 2541 mox
271 2501 457 2547 irruunt;
487 2501 536 2534 ut
565 2495 646 2533 sere
670 2492 739 2530 Ge.
770 2488 835 2537 IV,
867 2486 950 2528 420
983 2479 1229 2532 accepimus3
1272 2478 1312 2510 et
1334 2476 1383 2508 ut
1413 2465 1541 2506 Cerda
1567 2462 1607 2500 h.
1636 2461 1661 2499 l.

147 2560 196 2600 de
223 2556 449 2598 intervallis
479 2554 586 2592 inter
613 2550 767 2590 ,insulae
795 2547 921 2585 latera
952 2548 992 2579 et
1022 2532 1265 2577 continentis
1295 2526 1480 2579 scopulos
1510 2519 1662 2575 promi-

148 2624 306 2658 nentes:
352 2614 423 2653 sed
452 2612 692 2651 tribuuntur
733 2612 774 2645 et
807 2603 900 2642 alibi
930 2603 1041 2638 sinus
1070 2594 1164 2647 ipsis
1193 2587 1384 2629 fluctibus
1415 2581 1555 2628 allisis,
1596 2576 1663 2628 qui

148 2676 299 2730 repulsi
329 2674 439 2712 sinus
471 2669 650 2717 saciunt3
691 2671 739 2704 ut
770 2664 841 2701 Ge.
870 2660 935 2708 Ill,
967 2657 1051 2698 238
1082 2654 1231 2691 fluctus
1271 2645 1432 2694 longius
1470 2654 1518 2676 ex
1558 2637 1663 2673 allo-

151 2750 226 2788 que
258 2734 392 2772 sinam
421 2729 560 2768 trahit.
622 2727 736 2763 Hinc·
774 2730 894 2772 alque
929 2716 1048 2761 hinc,
1102 2715 1173 2748 aut
1210 2707 1254 2745 in
1294 2704 1378 2754 ipsa
1420 2696 1570 2743 insula,
1617 2692 1664 2728 ab

150 2799 324 2843 utraque
355 2790 439 2827 eius
469 2784 741 2830 extremitate,
786 2784 857 2817 aut
885 2777 927 2814 in
959 2767 1202 2815 continenti,
1242 2763 1273 2801 si
1302 2767 1437 2798 tamen
1467 2754 1508 2792 in
1537 2750 1664 2790 insula

152 2851 322 2890 fuissent
353 2847 435 2886 duo
467 2842 642 2897 scopuli,
672 2841 823 2878 fluctus
845 2848 896 2873 ex
925 2832 1006 2870 alto
1034 2826 1133 2866 allisi
1154 2836 1235 2863 non
1259 2815 1533 2871 praebuissent
1553 2807 1664 2859 quie-

153 2915 236 2947 tam
266 2906 502 2951 stationem3
544 2912 703 2939 necesse
733 2896 855 2948 igitur
881 2897 962 2937 est,
1012 2888 1052 2924 in
1092 2885 1178 2936 ipso
1219 2878 1364 2928 Libyae
1404 2872 1539 2910 littore
1569 2878 1665 2929 Dm.-

154 2967 351 3004 minentes
381 2961 567 3013 scopulos
594 2956 835 3007 intelligere3
874 2950 917 2988 in
948 2946 1027 2984 hoc
1057 2956 1149 2993 ergo
1183 2944 1321 2976 raslae
1350 2944 1465 2981 rupes
1492 2935 1667 2976 gemna-

156 3039 231 3077 que
259 3022 416 3073 scopuli
442 3021 652 3057 minantur
682 3017 724 3051 in
753 3010 908 3050 coelum
948 3003 1048 3057 (duo
1079 2995 1231 3049 scopuli
1262 2985 1467 3037 eminent),
1505 2992 1667 3033 quoram

226 3092 438 3141 Vnum.
475 3087 619 3133 ΤοΜ.
644 3082 708 3131 ΙΙ.
1328 3055 1393 3101 15
