1779 3420
130 224 232 272 966
457 221 512 271 Ρ.
549 220 907 271 VIRGILII
943 221 1317 273 MARONIS

130 346 429 413 Dispiciunt
453 346 658 397 clausae
677 348 917 398 tenebris
945 356 998 398 et
1025 365 1236 399 carcere
1263 365 1435 400 caeco,

134 419 277 480 Quin
303 427 382 482 et,
419 434 675 484 supremo
703 435 873 485 quum
901 417 1107 468 lumine
1131 420 1233 469 vita
1255 419 1487 486 reliquit,

131 490 256 539 Non
296 497 480 538 tamen
529 504 694 539 omne
742 487 948 538 malum
989 489 1198 538 miseris
1218 530 1232 554 ,

926 573 1119 607 omnes

136 628 446 694 Corporeae
469 626 734 676 excedunt
753 635 958 693 pestes3
995 627 1321 694 penitusque
1341 643 1562 680 necesse
1588 636 1667 678 est

134 697 302 748 Multa
332 697 424 747 diu
445 706 694 747 concreta
718 696 898 747 modis
921 697 1220 748 inolescere
1243 698 1406 749 miriS.

1559 421 1662 471 735

1275 506 1377 540 nec
1422 487 1665 539 funditus

230 828 300 864 734
323 827 534 874 Dispiciunt
550 825 733 871 praeclare
749 825 872 860 Heins.
892 825 1052 859 restituit
1072 838 1091 860 e
1113 827 1206 860 Gud.
1227 838 1247 860 a
1275 839 1321 860 m.
1346 838 1401 871 pr.
1421 826 1526 860 Voss.
1553 825 1670 860 binis-

136 886 204 920 que
223 875 390 908 Rottend.
415 873 521 918 tidem
543 880 598 906 est
616 874 652 906 in
673 874 706 909 3.
729 874 762 909 6.
787 875 842 908 11.
865 874 918 909 12.
948 875 1046 918 lVr.)
1073 874 1157 917 (vid.
1187 885 1264 918 sup.
1292 873 1337 907 ad
1362 875 1393 906 11
1425 874 1557 916 Georg.
1590 875 1669 909 187.

134 922 234 956 Alius
252 922 416 962 dixisset,
440 921 704 966 Prospiciunt.)
755 921 890 954 Eodem
909 921 1038 954 ducunt
1059 921 1186 954 Medic.
1211 933 1288 954 cum
1310 920 1388 954 aliis
1417 920 1560 962 Heius„
1591 921 1671 954 Ro-

135 980 254 1003 manus
282 981 356 1001 eum
388 967 467 1001 aliis
495 968 608 1008 Pier.;
652 967 744 1001 adde
783 968 907 1012 fragm.
936 967 1052 1001 Vatic.
1087 976 1122 1002 et
1161 967 1264 1001 binos
1290 968 1398 1001 Goth.
1409 993 1418 1010 ,
1461 967 1520 1012 qui
1550 979 1671 1002 omnes

135 1017 352 1062 Despiciam
383 1015 560 1048 exhibent.
600 992 725 1060 ⁷(idque
757 1014 916 1048 defendit
941 1016 1086 1049 Wakef.
1115 1015 1161 1048 ad
1190 1016 1331 1049 Lucret.
1363 1016 1403 1056 11,
1431 1015 1511 1050 741.
1560 1015 1671 1048 Recte

136 1074 220 1096 sane
249 1062 365 1095 editur
395 1061 757 1108 d1spiciunt‚quod
781 1062 928 1106 proprie
957 1062 1085 1095 dicitur
1119 1063 1165 1096 de
1196 1062 1263 1104 iis,
1307 1061 1366 1107 qui
1400 1061 1495 1094 caeci
1517 1061 1672 1105 suerunt,

136 1116 195 1145 aut
212 1109 247 1142 in
268 1109 425 1142 tenebris
444 1115 623 1142 versantes
640 1109 795 1163 ‘primum
815 1109 939 1143 vident
960 1109 1091 1151 lucem,
1118 1109 1277 1154 exempla
1294 1109 1523 1153 suppeditant
1542 1108 1671 1143 Lexxae
1662 1133 1672 1151 ,

136 1157 233 1190 aliud
277 1163 329 1189 est
359 1168 597 1210 prospicere,
637 1155 661 1192 i.
695 1169 725 1190 e.
754 1156 878 1202 procul
910 1156 1041 1190 videre.
1078 1159 1177 1201 lVr.)
1225 1157 1443 1203 Ηεερίειαηε
1477 1156 1587 1188 ceteri
1622 1156 1671 1199 (in

136 1203 262 1249 quibus
291 1204 374 1237 libri
402 1203 514 1236 Cortii
547 1203 592 1236 ad
630 1204 761 1238 Lucan.
797 1205 891 1245 VJH,
931 1206 1033 1245 620„
1077 1210 1150 1237 tum
1183 1203 1316 1245 Palat.,
1360 1210 1395 1236 et
1423 1203 1458 1238 7
1491 1203 1582 1237 8.9.
1615 1205 1671 1238 10.

142 1251 238 1295 Wr.)
264 1263 340 1284 cum
360 1251 440 1284 edd.
462 1250 745 1295 antiquioribus,
771 1258 810 1284 ut
841 1230 946 1285 Al'dd.
975 1251 1141 1284 Commel.
1190 1251 1407 1304 Sic-spiciunt
1438 1248 1492 1282 ed.
1526 1250 1671 1284 Mediol.

136 1299 219 1331 Mox
266 1299 392 1331 clusae
430 1298 554 1342 fragm.
592 1298 731 1340 Vatic„
775 1299 870 1343 quod
916 1298 995 1332 aliis
1040 1298 1129 1332 locis
1175 1297 1339 1330 Heinsius
1390 1303 1558 1341 sequutus
1607 1305 1672 1331 est.

136 1346 206 1381 735
231 1357 439 1391 supremum
458 1358 538 1378 eum
558 1345 679 1379 lumen
702 1324 875 1380 Nlontalb.
900 1352 935 1378 et
961 1352 1044 1381 tert.
1073 1345 1261 1386 Rottend.,
1295 1355 1367 1377 non
1398 1343 1499 1376 male.
1535 1344 1587 1387 (et
1621 1344 1672 1378 ita

135 1392 324 1436 legendum
344 1393 393 1425 ait
413 1393 555 1426 Wakef.
575 1393 619 1426 ad
638 1394 777 1426 Lucret.
800 1394 844 1435 V,
868 1392 924 1428 64.
956 1392 1052 1436 lVr.)
1102 1393 1226 1426 limine
1254 1404 1308 1437 pr.
1334 1391 1458 1424 Hamb.
1486 1402 1551 1434 pro
1586 1393 1672 1426 Var.

136 1440 249 1481 Lect„
272 1439 356 1472 item
377 1440 528 1473 Servius.
578 1441 754 1486 relinquit
776 1440 915 1485 aliquot
940 1441 1125 1473 Burmann.
1146 1445 1183 1472 et
1202 1439 1326 1483 fragm.
1352 1437 1466 1472 Vatic.
1494 1450 1514 1470 a
1545 1450 1590 1472 m.
1618 1450 1673 1482 pr.

137 1488 207 1523 736
236 1487 314 1520 Nec
341 1495 462 1520 tamen
490 1489 631 1531 Menag.
663 1499 717 1532 pr.

139 1542 195 1567 est
226 1534 329 1566 deest
354 1537 475 1578 Sprot.

822 1488 891 1523 737
928 1488 1104 1520 eamdam
1129 1486 1208 1520 Ald.
1240 1498 1312 1530 pr.‚
1345 1491 1380 1518 at
1415 1496 1506 1518 corr.
1537 1484 1573 1517 in
1602 1497 1672 1520 sec.

570 1536 640 1570 733
676 1535 741 1567 duc
768 1543 966 1568 coniuncta
995 1534 1138 1567 Oudart.
1172 1533 1385 1567 molescere.
1433 1533 1505 1564 Fea
1533 1534 1673 1579 Saggzo

141 1581 181 1613 di
201 1593 322 1613 nuove
340 1581 532 1615 Illustraz.
552 1594 588 1625 p.
610 1583 689 1618 127.
710 1593 775 1614 em.
796 1581 1024 1615 abolescere.
1052 1593 1126 1614 cum
1145 1592 1210 1613 nec
1229 1580 1306 1624 ipse
1326 1579 1523 1612 doctrinam
1543 1587 1673 1623 poetae

139 1627 224 1661 satis
244 1634 501 1673 assequeretur.
550 1629 646 1662 Idem
668 1641 686 1662 e
707 1629 793 1662 cod.
809 1629 977 1663 biblioth.
994 1627 1231 1661 Casinatensis
1249 1627 1391 1670 laudat,
1415 1626 1637 1660 mollescere.

139 1735 207 1773 ris.
267 1735 505 1773 moribunda
528 1765 539 1784 ,
588 1749 663 1787 pro
705 1735 877 1787 vulgari,

140 1793 342 1831 mortalia.
411 1795 524 1830 Hinc
572 1803 752 1831 metuunt
802 1809 877 1831 ezc-

133 1852 360 1902 pimzstqae,
406 1864 427 1887 a
468 1851 651 1902 corporis
694 1851 876 1902 contagio

142 1908 367 1946 animorum
387 1908 715 1960 perturbationes
738 1915 778 1947 et
801 1923 877 1947 cu-

141 1966 333 2019 piditates
356 1966 694 2017 proficiscuntur,
726 1980 776 2005 ex
800 1967 877 2005 bo-

142 2025 204 2062 nis
223 2025 416 2075 malisque
438 2025 623 2076 opinatis.
643 2026 745 2064 cons.
766 2027 879 2064 Serv.

143 2083 270 2121 Porro
311 2084 491 2135 corporis
526 2089 736 2134 tamquam
786 2098 879 2122 car—

145 2154 234 2178 cere
264 2142 445 2179 inclusae
475 2142 606 2179 lacem
634 2157 714 2180 non
745 2143 879 2193 clispi-

144 2201 278 2247 ciunt,
313 2199 587 2251 prospiciunt,
620 2198 707 2252 (sed
727 2200 811 2239 vid.
831 2200 876 2238 V.

144 2257 187 2295 L.
224 2259 294 2296 IsV
288 2256 342 2310 r.)
384 2263 527 2296 ornate
564 2272 638 2310 pro
659 2288 669 2307 ,
722 2270 883 2297 carcere

146 2315 427 2354 includuntur.
487 2316 589 2354 Nam
611 2330 758 2369 corpus
786 2317 883 2356 vin-

148 2373 246 2410 culis
276 2373 396 2411 animi
426 2374 680 2424 tenebrisque
712 2375 884 2413 assimu-

148 2431 280 2480 latur,
313 2432 458 2481 quibus
479 2433 544 2470 ille
567 2433 811 2482 offuscatur,
843 2439 883 2471 et

150 2502 172 2525 a
211 2488 335 2526 libera
367 2503 505 2528 rerum
543 2491 883 2543 contemplatione

150 2545 387 2585 retrahitur.
418 2548 496 2586 Cic.
524 2550 589 2586 So.
618 2549 720 2600 Scip.
752 2550 825 2587 sub
857 2550 882 2587 s.

153 2604 253 2641 tS'unt
295 2607 472 2654 optimae
511 2621 630 2644 curae
668 2609 716 2644 cle
753 2609 883 2645 salute

147 2664 311 2712 palriae
330 2676 347 2708 ;
409 2663 550 2713 quibus
605 2669 790 2714 agitalzcs
847 2673 883 2702 et

152 2722 386 2756 exerc-italus
425 2722 586 2758 animus·
627 2724 801 2759 velocius
842 2725 884 2760 in

155 2777 264 2814 llsllLC
304 2780 436 2814 Sedent
487 2786 523 2814 Pl
563 2781 728 2816 (lOHLHIIb
765 2794 882 2816 Sllam

146 2834 396 2885 pervolabit,
437 2835 557 2886 idque
595 2839 704 2873 ocius
729 2836 881 2887 societ,

154 2896 189 2929 si
219 2895 305 2930 iam
331 2902 440 2942 tum,
475 2908 566 2930 eum
607 2897 678 2931 erit
708 2895 884 2931 inclusus

156 2953 198 2987 m
227 2965 412 3002 empore,
448 2951 632 2989 enzineln'l
659 2952 780 3003 foras
795 2982 804 3000 ,
850 2961 885 2989 et

936 1749 985 1773 ea
1001 1765 1011 1785 ,
1046 1749 1151 1787 qnae
1179 1743 1292 1773 extra
1320 1743 1455 1784 erunt,
1493 1742 1673 1772 contem-

933 1794 1082 1844 plans,
1114 1807 1239 1845 quam
1260 1794 1438 1830 maxime
1457 1807 1498 1830 se
1526 1807 1553 1830 a
1582 1807 1672 1831 eor-

931 1865 1031 1901 pore
1067 1850 1284 1889 abstrahet.
1349 1850 1531 1889 Observa
1561 1850 1672 1901 quod

937 1908 990 1946 ad
1008 1908 1174 1946 clausae
1191 1909 1275 1950 734
1297 1908 1520 1946 subiectum
1537 1909 1674 1960 paullo

934 1966 1092 2017 longius
1118 1965 1382 2018 repetendum
1414 1973 1474 2004 est
1508 1979 1558 2004 ex
1590 1969 1673 2008 720

938 2027 1102 2062 animae
1116 2041 1127 2062 :
1153 2038 1245 2062 cum
1264 2024 1578 2064 intervenissent
1597 2025 1674 2062 iam

936 2084 1094 2120 semina
1120 2085 1217 2124 730.
1245 2085 1281 2123 1.

994 2139 1079 2182 735
1098 2163 1154 2169 -
1173 2143 1269 2182 739.
1316 2140 1428 2179 Adeo
1471 2140 1674 2190 materiae,

940 2199 1144 2237 terrestris
1175 2199 1377 2250 corporis,
1416 2198 1554 2236 sordes
1583 2198 1674 2238 ino—

941 2257 1099 2295 lescunt
1121 2257 1353 2307 animabus,
1383 2263 1430 2294 ut
1450 2256 1499 2294 iis
1522 2269 1571 2294 ne
1591 2256 1674 2295 dis-

942 2315 1082 2353 solutis
1119 2315 1281 2366 quidem
1325 2329 1347 2352 a
1389 2327 1560 2366 corpore
1597 2315 1675 2353 elui

940 2373 1033 2411 illae
1051 2374 1164 2411 facile
1183 2374 1349 2424 possint.
1409 2373 1550 2424 Itaque
1574 2386 1675 2425 pur-

941 2431 1123 2483 gationes
1169 2432 1276 2470 fiunt
1324 2444 1513 2483 operosae
1561 2445 1675 2482 aqua,

942 2503 1056 2539 aere,
1088 2489 1188 2541 igni,
1218 2491 1259 2528 in
1280 2490 1379 2527 locis
1397 2489 1545 2528 inferis.
1594 2489 1676 2527 Or-

941 2555 1035 2586 nate
1066 2554 1201 2586 autem
1231 2549 1377 2586 omnia.
1438 2548 1676 2598 Contagium

942 2607 1122 2658 corporis
1152 2606 1327 2655 dictum,
1368 2607 1550 2653 malum,
1584 2620 1675 2643 eor-

936 2679 1084 2714 poreae
1128 2673 1262 2714 pestes
1287 2693 1297 2712 ,
1352 2672 1482 2700 velera
1542 2664 1671 2712 mala,

941 2723 1068 2759 scelus
1081 2737 1094 2767 ;
1126 2719 1404 2771 intelligendae
1427 2726 1561 2758 autem
1579 2734 1675 2773 per-

942 2779 1196 2816 turbationes
1244 2784 1284 2816 et
1333 2778 1575 2830 cupiditates
1618 2778 1674 2831 (v.

943 2835 1067 2887 733),
1098 2837 1206 2888 irae,
1236 2843 1391 2885 metus,
1422 2836 1612 2874 tristitiae
1638 2843 1677 2875 et

944 2894 1000 2931 sic
1022 2908 1156 2945 porro.
1218 2895 1449 2933 Secundum
1471 2896 1591 2932 semel
1613 2896 1677 2933 in-

946 2952 1129 2990 stitutam
1157 2953 1213 2990 rei
1250 2953 1599 2992 adumbrationem
1627 2953 1678 2990 ii-
