1779 3420
127 220 229 268 672

450 214 504 260 Ρ.
542 209 881 263 VIRGILII
916 205 1284 255 MARONIS

129 338 266 388 Hinc
291 337 424 386 mihi
443 336 695 400 Massylae
727 331 894 396 gentis
913 338 1203 378 monstrata
1224 330 1486 393 sacerdos,

127 407 485 473 Hesperidum
514 403 699 470 templi
732 409 926 461 custOS,
965 398 1253 466 epulasque
1280 399 1498 449 draconi

131 480 279 540 Quae
334 476 514 538 dabat,

585 483 635 523 et
682 486 855 520 sacros
899 468 1136 518 servabat
1193 470 1246 518 in
1300 470 1492 520 arbore
1553 486 1637 518 ra-

912 554 1047 602 mOS,
1535 542 1638 591 485

224 661 294 698 483
319 661 389 694 Ilc'c
414 657 581 692 Montalb.
607 662 643 690 ct
668 655 722 690 ed.
740 657 829 689 ven.
878 656 961 689 Mox
987 654 1203 698 Massyliae,
1229 656 1411 697 Massilia,
1436 655 1638 696 Massiliae,

135 709 358 747 fllassaliae,
384 705 592 744 Massillae,
627 703 782 736 Blassile
807 703 971 735 aberrant
995 701 1131 734 librarii
1159 701 1251 745 apud
1278 703 1459 736 Burmann.
1487 709 1522 735 et
1549 702 1639 735 Pier.

133 756 202 789 485
226 756 263 787 ιή
290 765 414 786 sacros
438 752 527 784 alter
551 752 690 791 Menag.
739 761 847 782 sacra
881 761 909 782 s.
945 750 982 781 in
1008 747 1139 781 arbore
1162 754 1244 780 tert.
1275 749 1444 781 l'tottend.
1471 761 1491 781 a
1515 761 1560 782 m.
1586 761 1640 792 pr.

135 801 301 845 Requires
326 801 418 832 sorte
444 799 508 830 dat
534 803 569 830 et
593 804 736 834 servam
765 796 826 828 sed
850 795 971 829 retulit
997 801 1104 838 poeta
1135 794 1179 826 ad
1205 803 1408 827 monstrata
1434 803 1507 836 esc,
1553 807 1641 839 quae

135 847 246 880 dabat
258 873 266 886 ‚

292 857 353 890 pro
379 845 490 877 altero
517 844 633 876 daret.
682 844 770 874 Nam
797 842 1104 886 consequutionem
1129 847 1323 885 temporum
1349 849 1457 885 poeta
1482 841 1640 885 negligit,

136 900 171 926 ut
197 893 359 925 monitum
385 891 428 923 ad
461 892 487 930 I,
522 891 602 925 706.
654 891 721 932 (Ne
756 896 840 932 puta
876 889 1011 933 quidvis
1047 893 1174 932 poetae
1213 888 1332 920 licere.

1392 889 1512 920 Fuisse
1551 889 1643 920 lianc

136 952 234 972 auum
259 938 366 972 olim
392 937 622 981 Hesperidum
647 937 886 975 sacerdotem,
911 942 984 967 tum
1009 941 1123 966 autem
1149 940 1207 966 aut
1233 934 1462 977 Carthagine,
1487 941 1546 968 aut
1572 946 1643 967 non

137 985 257 1031 procul
283 986 325 1017 ab
354 985 438 1016 urbe
464 982 596 1016 versari
622 982 749 1022 cogita.
796 983 925 1015 Eadem
949 989 999 1014 est
1019 980 1130 1013 Iahuii
1156 981 1341 1013 sententia.
1390 982 1466 1014 Nec
1490 980 1557 1013 sibi
1582 994 1642 1013 re·-

137 1032 310 1075 spondent
335 1039 521 1077 que—ec5
562 1029 695 1075 vulgari
719 1028 855 1063 ratione
881 1029 1034 1062 diceres:
1064 1040 1086 1073 q
1098 1039 1177 1060 uae
1203 1033 1319 1060 eustos
1346 1034 1445 1061 erat
1470 1034 1505 1061 et
1524 1028 1641 1061 dabat.

140 1079 236 1123 Ην.)

137 1196 225 1236 gere
262 1196 301 1221 se
340 1183 510 1222 invicem
548 1182 688 1222 solent.
755 1180 862 1220 Nihil

139 1247 270 1279 autem
296 1241 418 1292 magis
446 1241 558 1279 nobis
589 1241 860 1288 coniunctum,

140 1313 259 1350 quam
301 1299 410 1349 quod
447 1299 520 1350 ipsi
553 1298 767 1347 habemus3
822 1303 862 1335 et

144 1369 267 1408 aeque
303 1366 421 1407 aptas
451 1357 500 1395 de
531 1370 598 1405 eo,
632 1357 699 1406 qui
727 1355 861 1403 habet,

142 1420 181 1452 et
217 1414 266 1452 de
297 1427 365 1462 eo,
409 1414 518 1464 quod
547 1413 742 1462 habetur,
786 1411 863 1450 dici

141 1477 288 1524 potest,
318 1471 413 1509 hinc
433 1482 566 1522 aptus,
600 1472 623 1510 i.
637 1484 668 1509 e.
691 1471 862 1508 coniun—

143 1535 228 1567 ctus
249 1543 340 1567 cuni
364 1530 496 1580 aliqua
518 1542 581 1578 re,
611 1529 717 1566 idem
742 1528 862 1576 valet,

143 1588 251 1638 quod
272 1589 498 1625 instruc-lus.
551 1587 611 1636 „O
633 1586 728 1624 fides
747 1585 862 1632 alma,

145 1652 262 1696 apta
294 1645 535 1696 penni5,“
577 1644 727 1681 Ennius
757 1643 864 1694 apud

146 1703 223 1740 Cic.
246 1702 320 1740 Off.
352 1703 417 1751 III,
449 1705 515 1743 29.
556 1701 658 1738 adde
685 1700 863 1752 Appulei.

145 1760 309 1812 Apolog.
345 1774 384 1811 p.
415 1760 511 1802 568.
552 1759 647 1797 edit.
681 1757 867 1796 Oudend.

146 1819 243 1856 Inde
260 1826 400 1867 aptare
415 1817 438 1854 i.
458 1831 494 1867 q.
515 1818 726 1863 in.s·lme1·e;
761 1816 866 1865 Virg.

147 1876 244 1914 Aen.
270 1875 336 1924 III,
367 1876 482 1916 472:
513 1874 701 1924 „classem
731 1873 868 1911 velis

148 1940 262 1985 apta
279 1934 385 1982 re;‘⁴
417 1931 516 1979 VIII,
548 1934 634 1972 80.:
674 1930 868 1981 „biremes

148 1990 382 2041 Remigio
426 1991 638 2040 aptat,“
689 1994 728 2025 et
762 1986 870 2039 apud

151 2051 313 2086 Sueten.
337 2046 468 2085 Tiber.
501 2060 533 2084 e.
561 2046 626 2088 65.
659 2052 872 2097 aptatae

150 2120 175 2143 n
188 2120 243 2144 av
257 2119 276 2143 e
289 2119 305 2142 s
327 2110 422 2142 sunt
441 2110 616 2141 armatae
635 2103 875 2141 instructae-

153 2176 242 2213 que.
283 2162 380 2200 Aen.
403 2162 472 2209 IX,
504 2162 618 2203 305:
650 2173 874 2209 „ensem—

151 2220 338 2270 vagina
378 2224 591 2270 aptarat
630 2219 874 2256 eburna.“

155 2278 233 2314 Iam
261 2278 419 2325 melius,
459 2282 579 2328 puto,
621 2276 876 2326 intelligetur,

155 2334 251 2383 quid
283 2335 333 2370 sit
367 2335 547 2382 „coelum
585 2334 758 2371 stellis
798 2347 875 2370 ar—

157 2391 402 2428 dentibus
449 2393 671 2441 aptum.“
740 2391 875 2440 Neque

159 2461 252 2483 vero
288 2447 363 2484 lioc
394 2448 593 2499 Forbigcr.
637 2448 684 2485 ad
719 2449 873 2485 Lucret.

158 2504 329 2550 V1‚357.
353 2519 581 2556 comparare
603 2506 874 2543 debebatcum

160 2561 312 2601 Lucrct,
348 2562 397 2608 V,
437 2565 573 2604 1204:
614 2563 761 2612 „stellis
798 2563 873 2599 nii-

160 2617 336 2653 cantibus
355 2618 513 2656 aethera
544 2621 767 2669 sixum,“
798 2620 820 2658 i.
842 2632 873 2656 e.

161 2675 269 2723 quasi
307 2676 564 2725 transfixum,
605 2678 685 2715 sive
732 2676 876 2713 distin-

161 2738 268 2767 ctum
286 2731 424 2778 stellis,
447 2734 494 2769 rs.
509 2733 601 2770 Aen.
616 2736 665 2782 X,
681 2737 773 2776 582.
789 2733 875 2781 XII,

162 2788 255 2829 537.
275 2790 315 2824 ll
329 2787 384 2838 t)
429 2790 546 2834 Quod
576 2804 670 2827 vero
692 2804 739 2827 ex
761 2790 877 2827 Mau-

160 2851 312 2882 retania
347 2852 559 2883 excitatam
599 2861 717 2884 anum
747 2854 876 2884 tamen

163 2901 256 2943 483.
272 2902 479 2952 ⁴Massylae
497 2906 625 2952 gentis
647 2905 748 2955 facil,
767 2918 878 2942 eam-

919 1194 995 1233 que
1020 1180 1293 1231 Hesperidum
1313 1180 1434 1218 lzorlt's
1460 1180 1642 1232 praeficit

921 1239 1150 1287 custodem,
1182 1251 1231 1276 ne
1252 1239 1294 1276 in
1317 1251 1362 1276 eo
1382 1244 1498 1290 poeta
1517 1238 1643 1275 licen-

919 1303 980 1335 ter
1009 1297 1050 1334 in
1082 1296 1213 1333 minus
1243 1296 1330 1333 noti
1359 1297 1458 1333 situs
1487 1295 1645 1347 populis

920 1359 1103 1394 versatus
1128 1353 1321 1391 dicendus
1342 1354 1404 1402 sit,
1433 1353 1489 1391 ita
1510 1353 1644 1405 potius

920 1412 1083 1451 videtur
1118 1411 1411 1462 accipiendum,
1441 1417 1489 1449 ut
1519 1413 1645 1448 Mas-

920 1471 1052 1521 sylam
1084 1482 1204 1507 anum
1233 1469 1350 1506 solito
1389 1481 1500 1506 more
1528 1474 1646 1520 poeta

922 1527 1083 1565 omnino
1105 1540 1177 1578 pro
1197 1527 1344 1578 Libyca
1368 1525 1527 1575 dixerit,
1558 1538 1647 1563 cer-

920 1591 963 1622 to
995 1584 1154 1622 nomine
1177 1598 1251 1635 pro
1275 1583 1485 1621 indefinito
1504 1585 1645 1634 posito.

923 1642 1156 1692 fllassylam
1187 1643 1386 1678 Evanlem
1415 1654 1465 1678 ex
1504 1646 1642 1678 nostro

923 1699 1039 1751 petiit
1063 1698 1179 1736 Silius
1203 1698 1229 1745 I,
1254 1702 1346 1739 101.
1377 1698 1647 1748 llespcriclzzm

926 1762 1056 1794 autem
1078 1756 1207 1792 homos
1225 1756 1424 1793 communi
1438 1761 1646 1806 poetarum

926 1814 1111 1865 opinione
1140 1813 1245 1851 intra
1281 1813 1518 1864 Cyrenaicae
1548 1813 1646 1850 lines

925 1871 1074 1922 positos
1086 1871 1128 1908 in
1144 1870 1430 1908 Mauretaniam
1443 1871 1493 1908 ad
1506 1870 1648 1908 Atlan-

926 1929 977 1966 tis
1016 1928 1169 1966 radices
1208 1928 1410 1976 removit,
1460 1928 1648 1978 quando-

928 1985 1089 2037 quidem
1132 1985 1374 2035 antiquiores
1408 1985 1562 2024 diverse
1599 1985 1647 2022 de

930 2056 1069 2081 eorum
1092 2042 1173 2080 situ
1198 2043 1462 2081 tradiderant.
1505 2042 1649 2080 Hesio-

930 2101 1004 2139 dus
1019 2100 1176 2151 quidem
1199 2099 1326 2152 πέρην
1346 2103 1493 2140 κλυτοῦ
1515 2096 1648 2139 Ὠκεα-

929 2163 1018 2199 νοῖο
1033 2172 1097 2196 eos
1111 2158 1376 2196 collocaverat
1397 2157 1541 2207 Theog.
1553 2158 1647 2199 215.

931 2216 1007 2253 Alii
1029 2216 1154 2254 aliter.
1185 2229 1223 2254 v.
1243 2230 1303 2266 ap.
1334 2215 1429 2252 Plin.
1456 2215 1519 2263 VI,
1543 2217 1592 2255 31
1621 2227 1649 2250 s„

933 2276 1000 2321 36,
1033 2278 1100 2323 qui
1130 2273 1205 2310 alio
1232 2273 1319 2310 loco
1359 2273 1425 2310 lib.
1459 2273 1490 2311 V
1519 2286 1579 2322 pr.
1612 2277 1652 2308 et

932 2329 1135 2380 XIX,4.s.
1159 2333 1224 2378 22,
1239 2330 1346 2381 apud
1362 2330 1514 2378 Lixum,
1536 2328 1652 2366 Mau—

932 2389 1109 2426 retaniae
1148 2401 1191 2424 ea
1226 2389 1267 2425 in
1310 2387 1495 2424 Atlantici
1533 2386 1652 2422 maris

934 2460 1001 2483 ora
1024 2446 1119 2483 urbs
1138 2451 1208 2492 est,
1231 2444 1492 2495 Hesperidum
1513 2442 1652 2480 hortos

933 2503 1118 2552 colloca13
1161 2502 1211 2539 ad
1250 2510 1418 2538 ηιωηίιίιι
1447 2501 1652 2537 Allcmlem

932 2559 1049 2596 etiam
1068 2559 1211 2610 llygin.
1232 2559 1257 2596 s.
1280 2559 1398 2595 XXX
1422 2559 1458 2605 s.‚
1486 2558 1553 2595 ubi
1572 2557 1653 2595 vid.

933 2617 1062 2667 Intpp.
1085 2616 1261 2667 inprimis
1290 2615 1449 2652 Salmas.
1472 2615 1511 2651 in
1532 2615 1653 2651 Solin.

939 2688 975 2724 p.
999 2674 1081 2714 264
1109 2687 1191 2723 sqq.
1219 2678 1257 2708 et
1287 2686 1413 2722 nuper
1443 2678 1576 2709 actum
1606 2671 1655 2708 de

934 2730 994 2767 liis
1030 2730 1079 2766 ad
1111 2729 1292 2781 Apollod.
1325 2730 1368 2775 II,
1411 2729 1449 2777 5,
1482 2733 1528 2769 11
1566 2729 1654 2766 Not.

933 2801 971 2838 p.
999 2788 1080 2829 406
1098 2801 1179 2837 sqq.
1239 2786 1334 2828 485.
1365 2800 1498 2823 saeros
1528 2789 1566 2822 iu
1588 2801 1656 2822 ar-

935 2843 1023 2881 bore
1048 2859 1195 2892 uanos,
1230 2857 1281 2880 se.
1304 2857 1394 2881 cum
1425 2843 1551 2894 pomis
1583 2856 1657 2879 au—

935 2902 1012 2939 reis
1036 2916 1188 2950 ramos,
1229 2914 1327 2951 quos
1350 2900 1493 2939 Veneri
1528 2913 1659 2938 sacros
