1779 3420
70 178 172 229 580
339 174 942 228 EXCURSUS
1020 174 1298 225 V111.1X

71 306 251 357 trahere,
282 305 492 346 serendum
523 311 582 343 est
611 304 673 354 id,
705 304 815 356 quod
840 303 972 342 minus
996 301 1298 341 incommodum
1335 307 1416 351 est,
1451 306 1500 339 ut
1527 300 1594 339 in—

72 365 234 405 terdum
256 365 297 403 in
326 365 399 403 tali
423 365 557 402 fabula
584 363 678 401 insit
708 362 883 414 aliquid,
915 361 1025 413 quod
1050 361 1190 399 iudicii
1218 360 1479 398 subtilitatem
1512 372 1594 397 non

71 425 193 474 ferat3
221 423 404 476 inprimis
425 437 517 460 cum
539 421 667 460 multa
690 421 765 459 alia
791 421 1026 473 plerumque
1056 419 1212 468 adsint,
1245 431 1346 470 quae
1372 417 1450 456 1100
1476 417 1595 456 sabu—

70 482 203 521 larum
220 482 366 521 vitium
386 481 556 520 elevent.
610 479 710 517 Nam
731 478 943 517 vetustatis
977 477 1194 516 sanctitate
1226 483 1457 515 consecrata
1491 489 1595 526 quo·

72 539 288 579 dammodo
319 553 456 578 earum
478 544 538 576 est
574 538 813 586 auctoritas,
851 536 1035 587 inprimis
1066 536 1097 573 si
1125 549 1216 573 cum
1247 535 1435 587 religione
1462 534 1594 584 aliqua

71 598 308 637 coniunctae
330 603 444 647 sunt,
476 596 605 635 multo
625 595 747 646 magis
764 595 808 632 in
831 594 1003 632 oraculis
1026 607 1070 630 ac
1092 593 1311 642 vaticiniis,
1343 599 1391 631 ut
1414 593 1462 631 de
1490 592 1594 630 levi-

70 662 155 695 tate
184 669 323 694 earum
353 656 418 694 vel
449 660 676 692 monstrosa
708 658 854 690 natura
883 651 1057 702 cogitare
1088 664 1139 688 ne
1175 651 1395 689 audeamus
1419 649 1593 701 quidem.

70 716 170 754 Cum
192 728 316 767 porro
336 714 454 751 etiam
474 711 673 750 doctiores
693 711 821 749 multa
847 710 1018 747 lectione
1049 722 1071 746 a
1100 709 1228 760 prima
1254 715 1383 747 aetate
1414 709 1500 746 istis
1529 708 1593 745 fa-

68 772 174 811 bulis
193 771 471 819 adsueverint,
504 769 746 807 narrationis
769 768 969 806 suavitate
995 766 1106 805 ducti
1125 781 1171 804 ac
1194 767 1348 805 deliniti
1371 781 1451 804 non
1480 766 1594 804 facile

68 830 110 868 in
130 830 309 869 animum
330 829 551 877 inducunt,
584 833 632 866 ut
657 827 795 865 subtili
816 825 964 864 iudicio
996 825 1055 863 uti
1089 825 1228 863 velint.
1289 825 1399 863 Haec
1429 830 1469 862 et
1498 823 1594 862 talia

69 889 281 928 obversata
312 887 505 926 videntur
543 891 685 938 poetae
722 885 881 932 animo,
925 897 1016 922 cum
1048 882 1194 921 similes
1222 884 1376 921 fabulas
1405 883 1445 920 in
1480 895 1593 920 suam

68 946 286 984 Aeneidem
304 945 524 997 reciperet,
557 944 675 981 etiam
693 943 763 982 ins.
785 944 855 992 IX,
873 945 926 984 79
950 956 1034 993 sqq.
1057 941 1106 979 de
1132 942 1302 980 navibus
1326 942 1365 979 in
1386 939 1593 992 Nymphas

68 1003 282 1043 conversis.
342 1004 490 1041 Saltem
514 1015 556 1039 ea
578 1002 772 1040 iudicium
794 1007 979 1039 nostrum
1003 1014 1025 1036 a
1049 1000 1271 1038 temeritate
1303 1012 1495 1038 revocare
1518 999 1591 1036 de-

65 1062 183 1112 bent,
216 1061 290 1099 etsi
312 1061 355 1099 id
372 1061 579 1100 interdum
599 1066 708 1098 recte
731 1073 771 1097 se
800 1059 949 1097 habere
978 1064 1133 1110 potest,
1176 1059 1207 1096 si
1236 1058 1286 1096 ad
1321 1064 1459 1096 nostra
1488 1063 1592 1094 tem-

66 1134 164 1172 pora
184 1126 425 1171 nostrosque
445 1132 581 1157 sensus
615 1131 701 1156 rem
732 1118 963 1163 referimus,
996 1122 1066 1153 aut
1098 1117 1128 1154 si
1156 1117 1243 1154 illas
1273 1116 1447 1166 fabulas,
1481 1114 1591 1166 quod

66 1191 210 1217 verum
238 1183 370 1215 tamen
401 1192 483 1215 non
512 1183 590 1225 est,
623 1191 644 1213 a
676 1182 795 1229 poeta
827 1176 1013 1214 inventas
1042 1180 1080 1211 et
1112 1175 1357 1227 excogitatas
1390 1175 1590 1226 ponimus,

65 1235 99 1274 A
122 1236 347 1274 fabularum
366 1236 622 1287 antiquarum
644 1234 885 1273 auctoritate
907 1233 1207 1271 excusationem
1227 1239 1368 1285 poetae
1389 1233 1469 1271 iam
1491 1231 1591 1272 Vol-

64 1295 192 1333 tarius
228 1294 343 1345 petiit
380 1295 428 1332 de
474 1295 600 1332 Poesi
635 1295 754 1344 epica
790 1292 984 1331 adversus
1024 1304 1113 1341 e05,
1159 1291 1229 1342 qui
1257 1298 1419 1343 poetam
1447 1303 1589 1343 repre-

64 1352 301 1392 henderant.

446 1598 1020 1658 EXCURSUS
1106 1601 1208 1656 IX

352 1703 455 1748 De
543 1703 828 1761 clipeo
915 1702 1302 1746 Abantis.

178 1809 244 1860 III,
275 1811 359 1852 286
389 1811 589 1861 clipeum,
623 1810 771 1861 magni
788 1817 999 1860 gestamen
1016 1809 1203 1848 Abanlis.
1270 1807 1371 1857 Quis
1392 1807 1496 1844 Abas
1518 1807 1584 1844 ille

63 1868 135 1918 sit,
167 1869 280 1907 cuius
300 1874 524 1920 gestamen,
556 1865 746 1922 φόρημα,
782 1867 929 1918 clipeus
955 1874 1062 1917 erat,
1094 1869 1200 1906 inter
1229 1867 1469 1918 interpretes
1502 1879 1584 1903 non

63 1932 246 1976 constat,
280 1932 320 1964 et
344 1940 416 1979 per
436 1940 476 1964 se
495 1940 639 1978 parum
659 1927 785 1964 refert
802 1926 923 1975 scire,
954 1926 1028 1963 nisi
1047 1926 1096 1964 de
1123 1927 1292 1964 invento
1323 1938 1368 1962 ac
1397 1923 1584 1962 doctrina

62 1990 203 2036 poetae
222 1984 345 2022 etiam
370 1984 414 2022 in
444 1983 524 2023 1100
555 1997 744 2036 quaeras,
784 1996 885 2034 quae
914 1984 1057 2035 utique
1091 1983 1261 2021 honesta
1296 1989 1356 2020 est
1389 1982 1582 2033 quaestio.

62 2042 255 2081 Serviana
277 2049 502 2081 commenta
524 2056 667 2094 parum
688 2055 728 2080 se
745 2042 930 2094 probant.
990 2042 1096 2080 Abas
1112 2042 1199 2091 ille,
1232 2042 1300 2092 qui
1323 2054 1429 2079 unus
1463 2053 1484 2078 e
1515 2054 1582 2078 5ο-

63 2100 132 2138 ciis
154 2101 230 2139 fuit
250 2099 353 2153 (sup.
387 2100 418 2150 I,
453 2100 564 2155 121),
595 2100 676 2139 huc
708 2099 846 2139 vocari
873 2100 1035 2152 nequit,
1076 2114 1170 2138 nam
1204 2099 1252 2137 de
1281 2098 1439 2152 spoliiS,
1481 2111 1583 2149 quae

61 2159 135 2196 uni
152 2173 200 2196 ex
219 2158 391 2196 Achivis
407 2161 536 2197 eaesis
556 2159 783 2197 detraxerat
799 2157 970 2209 Aeneas,
1002 2173 1112 2197 nunc
1146 2159 1290 2210 agitur.
1350 2156 1471 2208 Apud
1492 2156 1582 2194 Ho-

62 2229 218 2255 merum
235 2222 371 2255 tamen
390 2217 525 2256 nullus
551 2216 631 2255 1100
660 2217 821 2255 nomine
847 2216 952 2255 inter
982 2216 1158 2255 Achivos
1193 2215 1383 2254 occurrit.
1443 2215 1582 2265 Itaque

63 2286 84 2312 e
111 2274 241 2326 poetis
269 2274 428 2327 cyclicis
463 2274 625 2313 duxisse
654 2275 783 2314 videri
813 2281 945 2326 potest
976 2281 1106 2327 poeta.
1165 2274 1362 2325 Equidem
1396 2273 1490 2310 olim
1526 2273 1581 2310 sic

62 2332 310 2371 statuebam:
340 2333 668 2384 quandoquidem
690 2333 739 2371 ab
757 2333 936 2372 Homero
955 2334 1159 2371 Abantum
1184 2345 1234 2370 ex
1261 2332 1422 2370 Euboea
1448 2331 1581 2370 virtus

64 2389 313 2440 celebratur,
343 2390 455 2429 Iliad.
477 2392 514 2443 β,
535 2390 618 2433 536
637 2405 735 2442 sqq.,
767 2405 940 2442 quorum
960 2391 1064 2429 Abas
1082 2421 1092 2440 ,
1122 2389 1300 2442 Neptuni
1319 2389 1423 2427 filius
1437 2418 1447 2437 ,
1480 2402 1580 2426 con-

65 2446 174 2484 ditor
212 2447 310 2497 suit,
350 2448 602 2486 reconditam
640 2450 813 2499 aliquam
857 2450 1127 2487 narrationem
1153 2449 1196 2486 in
1229 2447 1362 2484 animo
1394 2445 1580 2483 habuisse

63 2503 194 2543 videri
217 2505 438 2556 Virgilium.
496 2506 596 2544 Nam
617 2507 673 2544 illi
695 2507 773 2558 ipsi
792 2506 968 2545 Abantes
988 2521 1010 2544 a
1038 2507 1156 2544 Troia
1186 2505 1354 2544 reduces
1385 2504 1436 2541 ad
1468 2503 1580 2555 Epiri

63 2561 200 2600 littora
218 2568 452 2614 tempestate
478 2563 599 2601 delati
625 2564 730 2602 eirca
760 2565 976 2603 Ceraunios
1005 2570 1159 2602 montes
1189 2562 1465 2601 consederant.
1495 2561 1578 2600 vid.

65 2619 229 2658 Pausan.
252 2619 299 2669 V,
321 2623 388 2669 22,
407 2621 516 2659 unde
537 2620 722 2672 Apollon.
743 2622 808 2673 IV,
831 2621 940 2663 1214
973 2618 1180 2673 Κεραύνια
1197 2617 1402 2672 Ἀβάντων
1431 2616 1577 2672 Οὔρεα.

65 2677 169 2715 Satis
191 2677 327 2728 itaque
347 2678 520 2716 animose
535 2679 608 2716 sub
640 2679 801 2717 illorum
833 2680 943 2730 quasi
972 2680 1095 2717 oculis
1125 2685 1336 2729 tropaeum
1364 2677 1413 2715 de
1440 2677 1579 2715 Aban-

64 2734 173 2773 tibus
191 2735 355 2785 statujt,
386 2736 468 2774 fixo
489 2736 636 2788 clipeo,
666 2737 770 2774 forte
790 2736 978 2785 Abantis,
1009 2737 1051 2774 in
1078 2750 1209 2788 pugna
1228 2735 1344 2773 alicui
1369 2748 1419 2773 ex
1440 2735 1579 2773 Aban-

65 2798 154 2831 tum
177 2792 345 2831 ducibus
374 2794 495 2831 caesis
527 2794 633 2831 inter
659 2794 813 2845 reliqua
842 2794 967 2846 spolia
997 2800 1147 2846 erepto.
1207 2793 1328 2845 Apud
1360 2793 1491 2831 Valer.
1519 2793 1578 2832 Fl.

65 2849 149 2893 453
168 2850 275 2889 inter
297 2849 453 2902 Argona
468 2851 742 2890 Cutasan-thus
761 2865 811 2890 ex
829 2852 989 2891 Euboea
1017 2851 1185 2890 Abantis
1218 2852 1283 2890 avi
1317 2851 1377 2889 sui
1407 2852 1580 2902 elipeum

65 2913 204 2960 gestat.
263 2909 453 2961 Suppetit
475 2909 572 2961 alia,
608 2910 738 2949 neseio
760 2924 811 2949 an
840 2910 1108 2963 probabilior,
1139 2910 1263 2949 ratio:
1295 2907 1399 2948 Abas
1429 2909 1506 2948 suit
1530 2921 1580 2947 ex
