1811 3388
454 209 881 259 AENEIDos
921 213 1062 263 LIB.
1108 215 1197 277 lv,
1240 222 1279 266 1.
1318 225 1362 269 2.

1565 227 1666 277 593

145 367 245 450 At
269 401 448 464 regina
473 400 617 463 gravi
644 400 750 449 iam
777 401 984 453 dudum
1009 407 1180 456 saucia
1206 424 1329 458 cura

145 468 352 521 Volnus
381 469 469 518 alit
492 471 663 535 veniS,
705 480 756 520 et
779 489 936 523 caeco
963 476 1194 542 carpitur
1214 478 1333 543 igni.

240 594 256 627 1
283 594 344 627 Ad
360 595 483 639 multi,
508 603 547 630 ut
565 598 640 631 fere
661 598 747 632 alias
765 599 928 634 variatur.
962 614 994 635 v.
1012 602 1103 637 Pier.
1123 603 1158 636 h.
1178 603 1203 637 1.
1236 611 1272 638 et
1290 607 1473 640 Burmann.

1522 609 1660 643 iauda—

143 640 228 672 dum
248 641 375 676 Medic.
425 644 493 687 (—-
515 647 549 680 2.
574 646 655 691 igni
673 658 717 679 an
737 649 824 694 igne
855 648 892 682 in
917 649 1041 693 fragm.
1066 652 1146 686 Vat.
1167 650 1329 697 legatur,
1362 654 1499 688 dubitat
1523 656 1658 691 Bottar.

145 687 242 730 tm.)

141 780 323 820 Subsidit
343 788 479 822 tamen
512 785 596 836 ira,
633 787 665 825 si
691 788 868 827 satorum

140 841 439 892 necessitatem,
480 844 680 882 vaticiniis
713 853 753 884 et
777 861 871 885 ora—

140 897 239 935 culis
276 897 432 936 Aeneae
473 901 569 939 satis
611 903 869 955 declaratam,

140 955 300 1006 cogitas.
345 958 423 995 Sed
448 960 610 998 omnino
638 974 701 999 res
721 963 870 1001 nostris

138 1013 316 1051 moribus
340 1029 385 1052 ac
403 1017 581 1054 sensibus
608 1032 690 1056 non
724 1027 782 1058 est
801 1021 868 1059 iu—

140 1070 330 1121 dicanda,
372 1079 412 1111 et
441 1087 494 1112 ex
526 1077 728 1115 veteribus
762 1078 868 1117 vitae

140 1128 336 1168 institutis
355 1131 501 1170 multas
514 1136 792 1173 excusationes
803 1150 867 1174 res

137 1185 333 1238 habebat,
382 1190 413 1226 si
454 1191 620 1228 amicam
655 1193 865 1233 desereres,

139 1244 278 1291 Quid?
324 1246 435 1296 quod
471 1248 662 1287 maiorem
693 1264 743 1288 ex
780 1252 866 1303 ipsa

138 1301 292 1340 Aeneae
312 1304 556 1343 truculentia
585 1313 624 1344 et
654 1310 865 1360 asperitate

139 1359 376 1411 dignitatem
414 1376 572 1401 carmen
615 1365 763 1416 duxit3
824 1374 864 1406 et

137 1417 306 1456 deorum
325 1420 557 1471 voluntate,
589 1422 765 1462 fatorum
792 1439 863 1463 or-

136 1475 241 1524 dine,
273 1477 359 1528 ipsa
381 1479 421 1514 in
445 1479 598 1517 Didone
620 1482 764 1519 amoris
783 1483 863 1521 im-

134 1535 334 1584 potentia,
367 1542 406 1572 et
425 1537 531 1574 sacta
551 1537 592 1575 in
623 1551 714 1576 eum
740 1540 860 1579 finem

134 1591 289 1628 Aeneae
313 1593 493 1631 oratione
510 1609 546 1633 v.
566 1597 650 1639 332
664 1610 746 1647 sqq.
771 1599 860 1636 cul-

132 1662 184 1700 pa
209 1650 291 1687 eius
315 1651 508 1690 elevatur.
567 1653 757 1704 Dignitati
784 1655 859 1694 he-

131 1706 213 1744 rois
234 1707 294 1745 sui
317 1715 432 1759 poeta
452 1710 633 1761 providit
663 1712 783 1750 etiam
814 1715 858 1752 in

132 1763 229 1811 hoc,
269 1766 398 1816 quod,
438 1781 518 1818 quo
558 1770 703 1807 amoris
745 1778 858 1810 aestu

130 1822 195 1859 ille
222 1824 386 1873 arserit,
425 1838 626 1876 nusquam
646 1836 856 1879 memorat,

130 1880 205 1917 etsi
234 1880 266 1918 is
296 1888 435 1919 tantus
469 1895 551 1920 esse
589 1884 750 1935 debuit,
810 1894 858 1926 ut

130 1938 281 1975 Aeneas
310 1953 467 1977 omnem
502 1941 551 1978 de
577 1950 801 1981 monstrata
836 1959 858 1982 a

129 1995 220 2033 satis
243 1996 285 2033 in
309 1997 420 2034 Italia
453 1998 545 2036 sede
577 2000 857 2051 cogitationem

130 2053 263 2090 animo
289 2054 518 2094 dimitteret.
549 2057 736 2096 Dolorem
758 2073 856 2099 vero

131 2123 176 2147 ac
197 2111 499 2151 sollicitudinem
532 2128 652 2166 super
683 2116 857 2157 discessu

130 2181 201 2206 suo
243 2182 288 2205 ac
319 2169 484 2208 discidio
524 2173 659 2222 paullo
691 2174 855 2213 liberius

128 2225 366 2265 manifestat.
436 2228 536 2265 Vide
578 2243 617 2267 v.
650 2232 732 2272 279
769 2246 852 2283 sqq.

129 2285 211 2324 393
233 2297 316 2334 sqq.
344 2283 427 2326 448
447 2299 533 2336 sqq.
592 2287 642 2324 Et
661 2287 745 2339 ipse
769 2290 852 2327 dis-

128 2353 258 2378 cessus
273 2355 353 2379 non
375 2342 491 2380 nimis
512 2344 765 2396 acceleratus,
780 2361 854 2386 nec

126 2398 201 2436 nisi
220 2412 325 2436 novo
337 2399 523 2438 Mercurii
543 2402 700 2440 monitu
723 2405 851 2443 sactus

126 2469 166 2495 v.
193 2456 275 2498 554
303 2470 398 2507 sqq„
431 2458 594 2496 tacitam
619 2460 851 2501 reluctantis

126 2513 287 2554 affectus
300 2514 420 2552 habet
434 2515 771 2567 significationem.
802 2521 849 2559 In

126 2584 205 2621 quo
227 2585 322 2610 vero
344 2586 539 2611 summam
563 2582 690 2614 artem
713 2576 848 2615 decla—

124 2629 233 2667 ravit
265 2637 403 2681 poeta,
443 2638 523 2681 est,
565 2633 674 2683 quod
714 2635 847 2687 episo-

127 2685 237 2723 dium
254 2686 351 2736 hoe,
382 2701 454 2739 per
481 2703 520 2727 se
552 2691 725 2730 alienum
747 2707 768 2730 a
788 2707 845 2743 re,

124 2748 172 2779 ut
215 2745 329 2782 multi
368 2746 465 2784 adeo
505 2750 712 2799 conquesti
752 2751 845 2801 sint,

123 2798 226 2836 illud
247 2801 296 2838 ad
314 2803 490 2841 animum
511 2805 559 2842 ab
578 2807 731 2844 Aeneae
750 2822 847 2860 per-

123 2869 221 2893 sona
239 2871 284 2894 ac
314 2859 432 2896 rebus
460 2863 641 2912 gerendis
671 2879 847 2904 avocan-

125 2912 220 2951 dum
245 2915 388 2966 valere,
420 2931 510 2956 cum
532 2921 694 2959 consilio
711 2936 784 2962 suo
806 2930 848 2961 et

194 2981 404 3032 VIRGIL.
440 2986 579 3035 ΤΟΜ.
617 2988 678 3037 ΙΙ.

931 804 1022 829 cum
1046 791 1132 843 ipso
1161 801 1400 845 argumento
1434 802 1518 835 tam
1550 805 1658 838 arcte

929 851 1244 901 coagmentavit,
1273 859 1320 891 ut
1347 854 1512 893 Iunonis
1543 857 1657 895 frau-

929 906 998 944 des
1031 921 1077 945 ac
1114 910 1277 947 consilia
1316 912 1482 950 actionis
1510 914 1655 966 epicae,

928 964 1037 1015 quod
1061 965 1196 1015 aiunt,
1227 981 1381 1007 novum
1412 970 1566 1009 nodum
1592 974 1654 1011 fa-

928 1022 1044 1071 ciant,
1075 1029 1214 1074 utque,
1253 1038 1303 1062 ne
1332 1027 1585 1080 interruptus
1614 1037 1654 1070 et

927 1081 1090 1119 omnino
1128 1081 1374 1134 interceptus
1415 1085 1571 1125 Aeneae
1611 1088 1653 1127 in

924 1138 1079 1176 ltaliam
1111 1139 1310 1179 adventus
1345 1142 1413 1191 sit,
1457 1144 1537 1182 iam
1563 1158 1652 1183 me-

923 1201 1037 1233 tuere
1056 1196 1232 1248 incipias.
1290 1198 1387 1237 Mox
1403 1213 1520 1250 vero,
1551 1203 1651 1242 sub-

922 1253 1006 1291 lato
1043 1254 1205 1304 quidem
1236 1267 1281 1293 eo
1314 1263 1447 1307 metu,
1483 1260 1650 1300 Didonis

924 1310 1045 1360 dirae,
1067 1325 1168 1362 quae
1186 1313 1364 1352 vaticinii
1384 1317 1553 1367 speciem
1572 1317 1648 1356 ha—

919 1368 1018 1407 bent
1039 1382 1158 1420 super
1181 1370 1282 1409 odiis
1302 1375 1518 1424 perpetuis,
1547 1389 1648 1426 quae

917 1426 1024 1465 inter
1048 1427 1251 1466 Romanos
1282 1435 1321 1466 et
1342 1431 1647 1484 Carthaginien-

918 1497 978 1522 ses
1011 1485 1277 1524 intercessura
1317 1494 1451 1537 erant,
1498 1504 1646 1530 novam

917 1548 957 1579 et
990 1542 1254 1595 inspectatam
1286 1546 1529 1586 suavitatem
1569 1548 1644 1587 ha·-

916 1599 1024 1638 bent.

977 1656 1117 1699 1—5.
1149 1659 1367 1710 Splendida
1398 1661 1490 1700 libri
1518 1664 1642 1714 frons,

917 1720 957 1751 et
980 1715 1125 1752 eximia
1151 1717 1372 1767 gravissimi
1394 1721 1539 1758 amoris
1569 1723 1642 1760 de—

916 1772 1099 1811 claratio:
1145 1774 1203 1811 Ac
1229 1776 1392 1827 respicit
1423 1778 1496 1816 ult.
1535 1792 1639 1819 vers.

915 1843 1001 1881 sup.
1024 1830 1132 1869 libri:
1163 1831 1314 1870 Aeneas
1334 1834 1454 1872 finem
1483 1835 1642 1876 dicendi

917 1886 983 1925 hie
1012 1888 1104 1926 fecit
1131 1890 1239 1939 (nam
1271 1893 1446 1942 quievit,
1485 1894 1641 1933 dormi-

915 1951 1001 1983 tum
1021 1946 1106 1995 ivit,
1137 1946 1308 1986 ieiunius
1325 1949 1478 1988 dictum
1500 1952 1639 2006 esset),

914 2003 1048 2054 regina
1069 2017 1167 2041 vero
1196 2018 1245 2043 ex
1273 2008 1503 2046 narratione
1530 2012 1639 2048 mul-

912 2067 956 2098 to
975 2061 1097 2113 magis
1116 2062 1193 2100 suit
1214 2063 1374 2101 incensa
1393 2079 1527 2104 amore
1547 2068 1637 2118 viri,

911 2133 1022 2156 cura.
1047 2118 1367 2171 (Wunderlichio
1389 2129 1523 2161 tamen
1537 2139 1637 2176 pro-

909 2182 1000 2226 pter
1020 2178 1100 2214 vim
1131 2178 1350 2228 particulae
1369 2181 1427 2218 At
1445 2180 1544 2218 haec
1572 2183 1636 2222 vi—

912 2233 1059 2271 dentur
1104 2234 1161 2272 ita
1202 2237 1405 2287 opposita:
1449 2268 1472 2287 ‚,
1485 2240 1636 2278 Aeneas

910 2304 1049 2329 somno
1085 2292 1261 2343 quievit3
1302 2300 1344 2332 at
1369 2295 1471 2334 Dido
1500 2310 1634 2336 amore

910 2349 1111 2386 concitata
1141 2350 1297 2401 placide
1320 2353 1520 2403 quiescere
1552 2369 1634 2394 non

907 2406 1082 2457 potuit.“
1140 2406 1196 2445 At
1218 2422 1298 2447 non
1320 2411 1449 2449 solum
1471 2419 1634 2451 contra-

907 2463 968 2501 ria
999 2464 1150 2503 indicat
1178 2464 1276 2504 haec
1303 2469 1524 2520 particula,
1563 2471 1633 2509 sed

905 2535 1021 2573 saepe
1040 2522 1158 2560 etiam
1178 2523 1310 2563 locum
1331 2524 1464 2576 habet,
1497 2528 1568 2567 ubi
1583 2530 1631 2567 ab

906 2579 982 2617 alio
1027 2588 1261 2631 argumento
1315 2585 1532 2624 transimus
1580 2587 1631 2626 ad

905 2636 1025 2686 aliud,
1058 2640 1229 2677 maxime
1249 2640 1289 2677 in
1312 2641 1506 2681 ordienda
1524 2658 1628 2683 nova

905 2695 1157 2746 narratione5
1187 2697 1269 2736 vid.
1288 2698 1338 2746 Q.
1357 2699 1403 2738 V.
1423 2702 1628 2751 XXXVII,

904 2755 970 2793 2α
992 2759 1030 2790 et
1049 2753 1100 2800 h;
1133 2760 1219 2792 tum
1231 2756 1386 2794 Not.ad
1403 2758 1429 2797 l.
1448 2759 1512 2807 III,
1524 2766 1627 2797 extr.

909 2812 979 2849 IV
972 2809 1026 2863 r.)
1083 2813 1269 2861 Vulnus,
1304 2815 1434 2864 quod,
1465 2822 1511 2854 ut
1532 2817 1627 2854 alias

904 2874 1088 2919 pectore,
1137 2869 1309 2919 ossibus,
1357 2886 1466 2910 nunc
1506 2874 1626 2911 alitur

905 2927 1037 2975 venis,
1071 2933 1240 2978 propter
1258 2929 1490 2980 sanguinem
1512 2944 1625 2968 amo-

1279 2996 1347 3042 38
