1731 3420
106 223 170 267 40
343 203 566 264 DISQU.
605 201 658 248 Il
700 197 789 245 DE
829 190 1075 241 RERUM
1112 188 1181 235 IN
1219 185 1368 234 AEN.

105 343 351 401 Regnum
386 330 466 378 his
493 324 732 375 versibus
765 322 976 369 Aeneae
1008 321 1462 380 posterorumque
1504 309 1614 358 eius

108 402 358 456 declarari
379 393 724 448 manifestum
753 397 854 447 est3
893 385 985 434 sed
1015 399 1122 449 quo
1152 382 1204 430 in
1228 381 1349 429 loco
1378 380 1507 430 illud
1531 378 1617 427 fu-

108 488 285 526 turum
313 472 376 519 sit
406 483 517 516 non
543 461 835 527 eloquitur,
873 471 973 504 nec
1008 469 1067 501 ea
1107 451 1174 500 de
1210 467 1268 499 re
1303 459 1442 499 certa
1476 447 1618 514 apud

106 554 314 595 veteres
340 538 479 588 sama
500 533 625 592 suit3
664 522 1107 596 quandoquidem
1140 520 1208 570 de
1228 524 1441 569 Aeneae
1472 535 1620 568 erro-

109 615 253 664 ribus
296 626 352 659 ac
412 604 626 655 sedibus
680 597 903 647 omnino
951 602 1060 641 tam
1115 591 1320 640 diverse
1367 588 1621 637 traditum

114 688 306 745 erat*)‚
354 693 474 726 cum
513 672 595 722 alii
635 685 759 718 eum
793 666 847 714 in
878 661 1135 713 Thraciae
1180 659 1387 719 littore,
1435 659 1488 707 in
1526 660 1624 706 Ar-

117 751 257 802 cadia
299 748 405 808 alii,
456 743 537 793 alii
568 742 621 789 in
655 736 852 796 Sicilia,
898 733 981 782 alii
1013 732 1066 780 in
1100 728 1266 788 Italia,
1316 744 1451 795 quae
1484 726 1626 775 fama

116 820 333 872 tandem
366 831 491 882 prae
529 809 714 860 ceteris
747 803 944 854 credita
977 819 1033 849 ac
1069 800 1333 849 celebrata
1366 806 1457 859 est,
1497 813 1626 845 con-

123 891 315 940 sedisse
355 895 406 935 et
441 883 600 932 vitam
635 876 833 926 finiisse
877 879 1201 929 narrassent3
1250 866 1463 917 fuerant
1494 882 1629 932 quo-

124 977 225 1027 que
262 957 350 1023 qui
382 956 433 1003 in
465 953 572 1018 ipsa
612 944 825 997 Troade
857 958 1085 1006 regnum
1122 939 1250 988 illud
1284 937 1630 986 constitutum

126 1046 235 1077 esse
269 1025 475 1075 vellent.
545 1024 667 1070 Non
712 1014 866 1064 nobis
901 1013 1005 1060 iam
1045 1010 1097 1059 id
1145 1008 1441 1075 quaeritur,
1498 1021 1631 1070 quae

125 1101 313 1148 harum
352 1092 714 1142 narrationum
757 1083 945 1132 ceteris
987 1089 1073 1129 aut
1117 1080 1294 1127 verior
1332 1086 1420 1125 aut
1453 1076 1633 1124 verisi-

126 1169 302 1217 milior
333 1165 423 1221 sit;
459 1176 646 1210 verum
678 1163 857 1203 nostra
896 1167 960 1201 eo
993 1158 1195 1216 spectat
1228 1146 1538 1211 disputatio,
1576 1153 1635 1192 ut

132 1256 190 1287 ex
233 1237 329 1284 hac
366 1235 473 1299 ipsa
516 1224 826 1277 narrationis
865 1221 1115 1270 varietate
1159 1216 1501 1266 manifestum
1545 1213 1638 1262 fiat

133 1308 207 1367 id,
248 1304 393 1370 quod
427 1300 697 1356 volumus,
736 1310 846 1342 non
876 1291 1164 1339 obscurum
1201 1288 1434 1353 aliquem
1467 1286 1638 1332 inve-

135 1388 243 1425 tere
268 1372 480 1422 historia
508 1377 594 1418 aut
627 1367 766 1415 inter
786 1370 972 1428 poetas
1000 1360 1171 1408 virum
1199 1357 1360 1406 fuisse
1385 1360 1640 1416 Aeneam,

138 1462 233 1494 nec
268 1446 375 1491 eius
414 1440 513 1488 sata
545 1447 595 1485 et
627 1452 711 1483 res
750 1452 776 1482 a
798 1430 1016 1494 Virgilio
1050 1430 1287 1478 inventas
1323 1442 1435 1475 esse
1472 1433 1523 1473 et
1557 1441 1641 1472 ex-

140 1514 398 1576 ‹t‹·›gitatas.
471 1508 560 1557 llla
593 1506 736 1555 enim
771 1504 881 1568 ipsa
908 1499 1219 1548 narrationis
1257 1495 1526 1546 diversitas
1563 1511 1643 1541 ar-

140 1586 246 1647 guit
284 1579 636 1629 diversitatem
678 1582 981 1629 auctorum,
1031 1570 1121 1635 qui
1160 1568 1227 1616 de
1268 1570 1442 1616 Aenea
1482 1564 1644 1612 tradi-

145 1654 353 1709 derant„
392 1658 442 1697 et
474 1655 775 1713 poetarum„
816 1641 905 1707 qui
945 1639 1092 1688 idem
1135 1644 1509 1701 argumentum
1544 1644 1647 1682 tra-

147 1728 419 1770 ctaverant.
503 1719 570 1766 Ut
612 1715 753 1763 enim
796 1720 954 1777 poeta
1004 1709 1228 1775 quisque
1276 1708 1329 1755 in
1370 1705 1647 1753 materiam

149 1792 209 1840 al)
251 1790 354 1838 aliis
394 1796 509 1835 ante
540 1802 592 1833 se
624 1791 893 1832 tractatam
926 1778 1136 1841 incidit,
1174 1778 1268 1840 ita,
1303 1785 1363 1825 ut
1394 1791 1489 1823 suo
1528 1790 1650 1822 con-

149 1861 260 1908 silio
304 1857 386 1906 vel
427 1865 589 1904 totam
624 1852 855 1901 fabulam
900 1848 983 1898 vel
1027 1847 1152 1897 inde
1196 1856 1403 1912 partem
1442 1860 1660 1893 accom--

151 1929 363 1980 modet,
402 1924 662 1985 relingere
694 1920 949 1970 nonnulla
985 1927 1036 1967 et
1067 1926 1301 1975 mutare„
1342 1915 1540 1964 addere
1569 1912 1653 1961 vel

154 1998 455 2057 detrahere,
502 1993 645 2042 solet.
719 1991 942 2041 Diversis
982 1989 1158 2053 itaque
1198 1985 1375 2034 modis
1425 1983 1654 2033 eandem

154 2086 268 2115 rem
306 2065 492 2129 exponi
536 2078 746 2109 necesse
789 2070 877 2110 est.
960 2057 1205 2106 Historici
1251 2065 1428 2104 autem
1470 2053 1655 2102 Graeci

158 2138 284 2184 dum
319 2151 438 2182 suae
473 2131 684 2179 civitatis
717 2148 807 2178 seu
842 2128 1024 2195 populi
1056 2128 1284 2191 origines
1324 2123 1657 2190 repetebant,

164 2204 471 2271 popularem
529 2200 717 2248 samam
766 2199 1141 2264 sequebantur.
1227 2195 1463 2244 Solenne
1515 2193 1659 2241 enirn

163 2277 263 2323 hoc
309 2272 552 2320 Graeciae
588 2270 896 2323 civitatibus,
934 2277 990 2315 ut
1030 2267 1200 2332 stirpis
1236 2264 1319 2312 vel
1360 2264 1506 2312 urhis
1540 2278 1661 2310 con-

165 2345 394 2393 ditorem
442 2349 527 2387 aut
569 2339 824 2386 haberent
864 2348 949 2385 aut
996 2336 1179 2384 haberi
1223 2334 1422 2383 vellent
1463 2332 1662 2381 clarum

164 2414 393 2477 aliquem
427 2426 485 2455 ex
522 2408 703 2455 ultima
737 2407 1040 2472 antiquitate
1073 2406 1314 2455 heroem.
1385 2400 1664 2452 Eiusmodi

168 2483 360 2531 samam
402 2477 709 2543 popularem
742 2494 836 2541 per
870 2476 1061 2524 multas
1098 2485 1290 2523 aetates
1321 2480 1665 2539 propagatam

167 2553 282 2617 quis
314 2549 448 2598 adeo
484 2555 719 2594 constare
752 2546 846 2593 sibi
877 2546 1191 2610 expectabit„
1230 2553 1288 2593 ut
1315 2542 1459 2592 nulla
1492 2542 1666 2589 diver-

168 2623 285 2668 sitas
335 2616 641 2665 narrationis
694 2616 829 2662 inter
878 2615 1054 2679 plnres
1100 2615 1266 2663 tribus
1308 2622 1396 2662 aut
1438 2612 1668 2660 civitates

171 2689 393 2738 incidat?
455 2684 914 2751 quemadmodum
957 2684 1112 2734 altera
1152 2701 1211 2733 ex
1252 2692 1399 2749 parte
1441 2680 1668 2731 eandem

290 2907 319 2950 ²)
355 2900 438 2935 Vidi
473 2898 518 2933 ad
558 2897 647 2932 Aru.
684 2895 729 2932 ΙΙΙ
767 2895 924 2931 lim-urs.
960 2895 982 2929 Ι.
