1811 3388
377 189 789 240 AENEIDOS
827 192 969 240 LIB.
1010 194 1068 250 V,
1108 195 1400 246 543—557
1549 204 1648 250 795

136 315 380 365 Infusum
412 315 707 381 populum,
757 325 810 365 et
843 333 1060 382 campos
1092 317 1240 366 iubet
1269 335 1381 368 esse
1413 325 1651 385 patentis.

135 384 402 435 Incedunt
423 385 601 450 pueri,
638 385 945 452 pariterque
972 396 1092 436 ante
1117 403 1207 435 ora
1230 398 1515 453 parentum

136 455 375 505 Frenatis
399 453 581 504 lucent
599 456 651 503 in
678 457 848 522 equis:
898 473 1033 522 quos
1061 458 1235 506 omnis
1261 468 1448 507 euntes

139 524 440 574 Trinacriae
466 526 652 574 mirata
675 524 856 575 fremit
884 528 1187 593 Troiaeque
1215 528 1472 579 iuventus

140 594 409 644 Omnibus
431 595 484 643 in
506 612 720 644 morem
745 605 897 644 tonsa
919 613 1071 645 coma
1091 614 1270 662 pressa
1306 614 1517 650 corona.

141 666 352 714 Cornea
378 664 503 714 bina
527 664 710 714 serunt
731 665 961 732 praefixa
982 666 1187 716 hastilia
1212 666 1385 729 ferr03

209 760 325 809 557.
359 773 615 808 PRAEFIXO

1554 534 1655 584 555

234 875 304 910 552
340 884 375 907 et
409 876 507 909 abest
540 890 559 910 a
595 878 715 910 Franc.
764 876 960 923 (patentes
992 877 1119 912 Medic.
1163 879 1257 920 IVr.)
1353 879 1423 914 553
1456 892 1525 924 que
1558 879 1659 912 deest

140 921 301 954 Parrhas.
351 923 510 966 (—554.
536 925 659 957 euntis
675 924 802 956 Medic.
833 924 931 966 Wr.)
1028 925 1096 959 555
1136 926 1330 958 Trinacria
1364 927 1519 958 emirata
1552 927 1658 958 Mon-

142 967 251 1008 talb.‚
277 980 342 1013 qua
367 968 540 1011 lectione,
568 983 629 1002 seu
656 970 741 1003 vitio
768 970 904 1015 potius,
930 972 1143 1004 Burmannus
1169 971 1335 1004 adversus
1361 972 1512 1004 Bentleii
1538 985 1658 1005 emen-

143 1014 322 1047 dationem
364 1016 474 1049 utitur
515 1019 529 1048 I
570 1018 681 1051 Carm.
726 1019 760 1058 5,
795 1018 815 1051 8
849 1029 905 1060 ap.
942 1019 1066 1050 Horat.
1161 1018 1230 1052 557
1261 1028 1398 1064 gerunt
1431 1019 1499 1051 duo
1539 1020 1658 1052 Heins.

137 1062 311 1107 praefixa
334 1063 370 1095 h.
388 1062 496 1107 serto
521 1065 649 1098 Medic.
674 1066 774 1098 Rom.
802 1071 835 1096 et
861 1064 1027 1108 quicquid
1053 1064 1289 1109 antiquiorum
1325 1073 1379 1098 est
1409 1066 1566 1099 codicum
1601 1079 1659 1111 ap.

144 1107 232 1140 Pier.
261 1116 296 1141 et
321 1110 441 1143 Heius.
490 1110 546 1144 Sic
571 1123 708 1155 quoque
733 1113 804 1143 Erf.
832 1119 865 1143 et
890 1110 1003 1143 nostri
1029 1111 1157 1152 Goth.,
1193 1111 1259 1144 nisi
1293 1112 1386 1156 quod
1410 1119 1493 1148 tert.
1515 1125 1659 1158 pressa.

145 1155 276 1188 Tamen
302 1157 469 1201 praefixo
496 1170 536 1190 ex
561 1158 677 1202 vulgg.
704 1159 783 1191 edd.
810 1158 932 1191 Hamb.
958 1170 1012 1202 pr.
1037 1171 1056 1191 a
1081 1170 1126 1191 m.
1151 1171 1203 1201 pr.
1241 1166 1275 1192 et
1308 1160 1444 1202 Hugen.
1479 1167 1659 1192 servarunt

144 1202 265 1235 Heius.
292 1216 331 1235 ac
355 1204 588 1246 Burmannus,
615 1205 672 1249 qui
698 1212 879 1249 utramque
904 1204 1093 1238 lectionem
1118 1206 1166 1238 ait
1194 1206 1344 1246 habere,
1379 1218 1447 1250 quo
1482 1218 1518 1238 se
1554 1213 1658 1239 tuea-

145 1255 209 1281 tur.
259 1251 368 1282 Recte
392 1251 554 1294 quidem,
589 1252 651 1284 sed
674 1254 845 1298 praelixa
868 1253 905 1286 lt.
931 1251 966 1296 s.
1002 1259 1056 1284 est
1091 1252 1200 1295 magis
1232 1252 1427 1297 poeticum,
1464 1253 1538 1285 auri
1575 1264 1660 1285 vero

145 1295 254 1339 magis
281 1297 492 1339 consulitur,
517 1298 546 1331 si
567 1300 736 1344 praefixo
760 1298 861 1343 legis.
911 1299 1094 1345 (praefixa
1119 1299 1223 1332 etiam
1248 1299 1344 1344 Lips.
1369 1307 1441 1343 utq.
1471 1306 1517 1340 et,
1543 1306 1580 1331 ut
1605 1300 1661 1331 vi-

146 1343 270 1385 detur,
303 1344 453 1376 Potterii
478 1356 609 1378 omnes.
658 1346 746 1378 Mira
782 1352 836 1378 est
870 1345 1005 1378 Heinsii
1037 1346 1289 1386 inconstantia,
1328 1347 1404 1390 qui,
1440 1358 1543 1391 quum
1581 1347 1661 1387 XII,

145 1390 224 1424 489.
258 1391 332 1423 duo
373 1391 476 1424 lenta
510 1391 747 1438 praefixa
789 1393 942 1425 hastilia
974 1391 1083 1438 serto
1117 1393 1326 1432 servaverit,
1370 1405 1577 1438 quamquam
1611 1393 1662 1426 ibi

147 1448 284 1480 quoque
309 1437 345 1469 in
370 1449 438 1470 uno
466 1440 546 1472 cod.
573 1447 625 1472 est
645 1440 836 1485 praefixo,
874 1438 930 1472 hic
956 1447 1075 1471 contra
1100 1446 1234 1472 tantum
1261 1439 1420 1472 codicum
1456 1452 1661 1473 consensum

143 1484 312 1528 praefixo
339 1484 500 1519 ediderit.
547 1486 722 1519 Revocavi
743 1486 934 1532 praefixa3
962 1486 1048 1519 feeit
1072 1487 1141 1519 hoe
1167 1486 1272 1519 etiam
1297 1487 1448 1520 Iahnius.
1477 1487 1574 1530 lVr.)

150 1579 245 1616 bric.
277 1579 328 1617 ad
358 1578 398 1617 h.
428 1579 454 1617 l.
491 1586 531 1618 et
561 1580 670 1619 Iahn.
700 1581 750 1619 ad
779 1581 876 1619 Aen.

149 1635 326 1686 xl‚41.‚
367 1650 467 1687 quos
496 1638 638 1676 laudat
672 1639 791 1690 Sillig.
827 1639 879 1676 ad

150 1695 294 1732 catull.
323 1695 460 1743 LXIII,
487 1698 552 1737 77.
595 1698 711 1747 [Vr.)
782 1698 878 1739 551.

149 1754 251 1789 circ-0
279 1752 328 1789 de
357 1753 492 1804 spatiis
521 1759 561 1791 et
589 1755 700 1801 loco,
730 1754 770 1792 in
799 1768 878 1805 quo

151 1810 343 1848 decursus
371 1816 555 1861 equester
596 1812 641 1850 fit
663 1843 673 1862 ‚
713 1819 761 1851 ut
793 1826 879 1864 sup.

150 1870 246 1909 289.
268 1868 317 1905 de
340 1868 483 1907 stadio.

208 1925 464 1969 554—556.
496 1928 696 1966 ornatum
731 1928 881 1966 verbo-

149 1997 242 2021 rum
266 1983 358 2021 vide
383 1984 424 2021 in
455 1985 584 2022 lucent
615 2000 689 2036 pro
717 1985 879 2024 vehun—

151 2047 243 2089 tur,
276 2048 316 2078 et
335 2043 636 2093 mirata-fremit
658 2058 730 2094 pro
754 2045 880 2081 mira-

152 2105 240 2148 tur,
266 2105 305 2136 et
326 2099 380 2135 sic
396 2113 518 2150 porro
542 2100 582 2137 in
606 2101 710 2150 aliis3
741 2107 787 2138 ut
814 2101 878 2138 in-

153 2157 235 2194 fra:
280 2157 480 2207 fulgent,
549 2167 754 2207 vagantur
808 2164 882 2196 etc.

154 2213 316 2265 (lucent,
342 2215 474 2253 armis.
499 2214 613 2267 lVr.)
675 2216 770 2257 556.
793 2225 883 2252 ton-

153 2287 201 2309 &a
230 2286 346 2309 Coma
370 2286 516 2322 pressa
545 2286 714 2319 COl‘Olla,
763 2287 883 2311 COI'O-

154 2330 260 2376 nati,
289 2335 330 2366 et
350 2330 532 2379 quidem,
565 2337 611 2367 ut
638 2330 709 2368 inf.
730 2345 769 2369 v.
800 2333 884 2372 673

153 2387 409 2438 intelligitur,
457 2388 527 2426 ubi
569 2388 761 2426 Ascanius
799 2403 884 2439 ga-

153 2447 259 2482 leam
279 2454 370 2482 ante
387 2447 510 2495 pedes
522 2448 690 2496 proiecit
708 2448 885 2495 inanem„

154 2516 305 2540 corona
334 2516 453 2554 super
487 2504 638 2556 galeam
676 2504 886 2556 imposita3

156 2561 283 2611 qualis
303 2560 372 2600 ins.
394 2561 475 2610 VII,
506 2562 585 2604 751
624 2564 780 2600 Fronde
813 2577 884 2598 su,-

151 2633 227 2669 per
241 2620 411 2669 galeam.
435 2628 470 2656 et
487 2620 612 2670 filici
633 2628 784 2658 comm-3
806 2621 884 2656 oli-

155 2691 223 2712 ιά.
251 2677 298 2714 cs.
319 2676 459 2714 Cerda.
519 2678 641 2716 Coma
661 2684 798 2715 tamen
821 2677 885 2715 vel

157 2733 211 2769 sic
231 2748 257 2769 a
281 2748 425 2771 corona
446 2732 543 2787 (non
564 2750 583 2773 a
601 2734 727 2789 galea)
745 2749 888 2786 pressa

157 2789 232 2827 dici
262 2791 416 2841 potuit,
453 2799 652 2842 quatenus
682 2792 782 2830 haee
819 2806 888 2830 ca-

155 2853 230 2898 put
251 2847 460 2886 ambiebat.
522 2859 636 2888 tonsa
656 2864 816 2895 corona,
848 2849 888 2887 h.

156 2918 187 2942 e.
211 2917 259 2941 ex
289 2905 431 2943 arbore
464 2913 597 2955 tonsa,
629 2908 692 2945 cui
725 2907 889 2945 frondes

937 1581 1167 1633 decerptae:
1200 1580 1259 1634 (at
1285 1581 1366 1620 vid.
1401 1582 1469 1620 Ge.
1500 1583 1566 1631 III,
1595 1585 1663 1623 21.

936 1639 1024 1677 Not.
1061 1637 1181 1694 blsr.)
1233 1645 1280 1677 ut
1326 1640 1397 1677 inf.
1437 1640 1520 1681 774
1551 1648 1665 1677 tonsa

938 1698 1070 1745 oliva,
1113 1697 1182 1735 ubi
1224 1698 1273 1735 cf.
1310 1698 1401 1735 Not.
1464 1695 1581 1749 (Male
1615 1697 1666 1735 ad

937 1755 1081 1793 Horat.
1118 1755 1134 1792 I
1174 1755 1304 1793 Carm.
1335 1758 1373 1804 7,
1406 1758 1431 1796 7
1462 1754 1528 1792 hic
1555 1755 1667 1793 locus

939 1811 1173 1864 excitatur.)
1217 1815 1257 1850 in
1279 1826 1450 1860 morem,
1486 1826 1536 1850 ex
1556 1825 1667 1851 more

938 1870 1058 1908 huius
1100 1870 1259 1908 ludicri.
1329 1870 1455 1908 Docta
1493 1871 1667 1921 quidem,

938 1929 1008 1966 sed
1048 1927 1278 1980 importuna
1320 1934 1415 1966 nota
1455 1934 1511 1965 est
1539 1928 1667 1966 Servii

939 1986 991 2023 ad
1015 1984 1055 2022 h.
1077 1986 1125 2034 l.,
1157 1986 1225 2036 qui
1257 1986 1374 2024 etiam
1398 2001 1585 2024 eoronam
1616 1986 1665 2023 de

936 2044 1044 2094 galea
1068 2044 1245 2094 accipere
1266 2044 1368 2092 vult,
1401 2043 1546 2095 quippe
1568 2056 1670 2094 quae

940 2101 1116 2138 Homero
1138 2100 1336 2151 στέφανος
1351 2101 1402 2138 sit
1421 2101 1529 2138 Iliad.
1550 2117 1588 2152 η,
1619 2104 1669 2142 12

942 2157 1108 2210 (seilicet
1138 2155 1344 2210 στεφάνην
1369 2158 1499 2195 dicere
1527 2158 1670 2206 voluit,

943 2228 1042 2267 quae
1088 2222 1128 2253 et
1172 2216 1264 2253 alibi
1308 2216 1415 2267 apud
1449 2216 1669 2254 Homerum

943 2275 1142 2321 occurrit,
1173 2279 1211 2310 et
1235 2274 1366 2324 galeae
1390 2274 1551 2325 proprie
1578 2287 1671 2325 pars

943 2338 1002 2368 est
1022 2332 1194 2369 frontem
1219 2333 1392 2369 ambiens
1419 2332 1671 2379 eminentior,

945 2389 1074 2439 qualis
1102 2403 1138 2427 v.
1162 2404 1193 2427 c.
1232 2389 1272 2426 in
1307 2390 1545 2427 Winckelm.
1577 2390 1671 2426 stlo-

944 2462 1053 2484 mcm.
1080 2448 1211 2486 inecld.
1237 2461 1275 2484 n.
1301 2446 1412 2499 108).
1471 2448 1515 2485 ln
1534 2447 1672 2484 iisdem

944 2505 1145 2542 Servianis
1168 2505 1390 2543 subiectum
1411 2506 1546 2556 paullo
1564 2511 1674 2556 post:

946 2563 1025 2599 Sed
1056 2563 1133 2600 alii
1174 2564 1310 2601 (lic-1111!
1331 2594 1340 2612 ,
1401 2565 1581 2613 poluisse
1612 2577 1675 2599 eos

941 2622 1087 2669 galeas
1106 2620 1247 2658 habere
1268 2630 1492 2658 coronatas.
1556 2622 1674 2658 Bae—

946 2677 1032 2715 bizas
1055 2686 1189 2715 tamen
1208 2681 1355 2716 Macer
1378 2677 1478 2729 (eius
1500 2678 1675 2715 mentio-

947 2748 1036 2773 nem
1072 2737 1165 2774 facit
1200 2738 1310 2776 Serv.
1357 2736 1475 2774 etiam
1512 2736 1560 2773 ad
1595 2735 1674 2773 Ecl.

947 2794 1018 2841 IX,
1041 2792 1113 2846 47)
1148 2795 1274 2832 dixis:
1312 2809 1337 2830 ιι
1382 2795 1552 2830 (lae-sare
1586 2794 1675 2829 sla-

945 2860 1066 2902 gasle)
1121 2854 1258 2901 pueris
1283 2882 1291 2895 ‚
1376 2854 1446 2902 qm?
1505 2852 1676 2887 luserunt

955 2910 1115 2945 'I'roiam
1133 2940 1140 2953 ‚
1176 2910 1348 2946 domnas
1376 2923 1457 2944 esse
1478 2909 1622 2957 galeas
1643 2916 1677 2944 el
