1779 3420
168 226 269 273 470

497 223 551 268 P.
590 220 937 270 VIRGILII
975 220 1349 269 MARONIS

171 354 311 399 Tum
332 356 625 398 memorat:
674 350 808 396 Nate
824 387 836 409 ,
871 345 1039 396 Iliacis
1064 346 1289 396 exercite
1314 344 1446 409 satis,

172 419 297 470 Sola
321 418 454 467 mihi
476 416 592 467 talis
614 433 760 466 casus
786 416 1078 467 Cassandra
1104 416 1338 467 canebat.

168 494 323 540 Nunc
342 498 549 555 repeto,
572 487 704 536 haec
725 486 910 551 generi
931 486 1262 552 portendere
1288 485 1466 535 debita
1488 494 1691 547 nostro,

167 562 235 610 Et
258 576 418 625 saepe
440 558 782 624 Hesperiam,
816 573 974 622 saepe
995 556 1123 606 Itala
1144 571 1308 621 regna
1330 572 1536 607 vocare.
1595 561 1691 608 185

172 629 281 679 Sed
305 630 421 695 quis
445 628 511 678 ad
535 627 823 694 Hesperiae
847 635 1103 675 venturos
1126 625 1281 675 litora
1304 629 1544 675 Teucros

172 699 464 750 Crederet?
495 707 583 747 aut
604 714 768 764 quem
790 707 906 746 tum
929 705 1072 745 vates
1098 695 1389 746 Cassandra
1410 701 1692 746 moveret?

171 769 439 820 Cedamus
460 768 712 829 Phoebo,
753 776 806 817 et
828 767 1022 815 moniti
1046 765 1274 814 meliora
1298 782 1600 832 sequamur.

172 840 255 889 Sic
281 841 373 890 ait:
414 848 466 888 et
488 839 661 888 cuncti
688 837 830 887 dicto
858 852 1107 903 paremus
1131 844 1361 886 ovantes.

265 981 331 1015 182
354 981 496 1013 Italicis
520 983 639 1024 Sprot.

684 980 846 1026 flammis
867 977 975 1011 Goth.
1001 984 1082 1010 tert.
1111 990 1130 1010 a
1148 989 1192 1010 m.
1215 989 1267 1021 pr.

1297 975 1414 1022 sac-tis
1431 975 1555 1020 fragm.
1575 976 1692 1010 Vatic-

173 1027 237 1062 183
263 1040 372 1060 casas
393 1028 488 1060 tales
507 1027 578 1059 duo
600 1029 715 1060 Burm.
752 1028 801 1071 (et
835 1025 884 1058 ita
918 1025 989 1070 legi
1029 1025 1126 1057 iubet
1151 1025 1245 1057 Cort.
1282 1024 1326 1056 ad
1351 1024 1479 1056 Lucan.
1505 1024 1566 1065 IV,
1590 1025 1692 1063 3463

170 1086 364 1120 perperam.
396 1075 492 1115 ΠΤ.)
528 1073 685 1107 canebas
708 1085 761 1118 pr.
792 1073 918 1105 Hamb.
959 1071 1127 1105 monebat
1154 1084 1224 1104 sec.
1251 1072 1379 1103 Mol-et.
1416 1069 1562 1103 tenebat
1581 1072 1690 1104 Goth.

170 1134 224 1166 pr.
271 1123 310 1153 In
330 1120 434 1155 W‘itt.
454 1121 512 1153 hic
533 1134 651 1154 versus
677 1128 761 1165 post
781 1126 985 1163 sequentem
1004 1119 1205 1162 legebatur3
1232 1130 1430 1162 perperam.

170 1171 248 1201 Exc.
273 1170 387 1200 Burm.
486 1169 552 1203 185
588 1169 732 1201 vocam
765 1168 902 1209 Ilugen.

170 1216 278 1249 litore
301 1216 391 1248 Veu.
418 1227 459 1247 ex
483 1215 689 1260 interpolat.

1510 1119 1575 1152 184
1596 1119 1694 1151 Nam

1001 1167 1067 1201 186
1099 1165 1236 1198 Italiae
1270 1164 1443 1198 Montalb.
1493 1164 1538 1197 ab
1572 1168 1620 1198 Il.
1658 1178 1693 1199 v.

765 1215 830 1250 187
857 1222 896 1246 ut
922 1226 1025 1258 quem
1050 1211 1222 1245 nonnulli.
1273 1224 1376 1258 quem
1401 1221 1441 1244 ta
1468 1211 1538 1245 alii.
1589 1225 1693 1257 quem

171 1265 277 1295 ctiam
302 1262 413 1296 Wall.
462 1271 625 1295 moneret
650 1261 753 1293 multi
779 1261 873 1306 apud
897 1261 988 1294 Pier.
1017 1267 1053 1293 et
1077 1262 1192 1292 Burni.
1229 1260 1279 1302 (et
1305 1271 1322 1291 e
1347 1258 1513 1292 Parisiuis
1539 1260 1572 1293 2.
1598 1265 1632 1293 4.
1662 1261 1692 1294 8.

172 1312 225 1343 11.
256 1309 349 1352 Jl‘r.)
398 1322 564 1342 moves-es
595 1322 648 1354 pr.
673 1309 798 1341 Hamb.
826 1321 845 1340 a
870 1320 914 1340 m.
940 1320 1008 1340 sec.

1108 1307 1174 1342 138
1203 1306 1402 1339 Credamus
1426 1307 1515 1339 Veu.
1565 1308 1695 1339 moniti

170 1365 204 1388 et
229 1356 402 1388 Montalb.
452 1358 592 1389 maiora
618 1369 645 1389 S.
675 1356 764 1389 alter
789 1355 980 1399 Hamburg.
1030 1355 1260 1397 Comparatur
1295 1353 1393 1386 Iliad.
1428 1364 1466 1395 oe,
1503 1355 1585 1389 216.
1610 1366 1693 1385 scn-

170 1403 280 1435 tcntia
306 1404 483 1436 duntaxat.

173 1452 240 1483 Est!
253 1450 387 1483 scilicet
411 1450 559 1483 alterum
581 1451 689 1484 <lictis
712 1449 922 1495 prosaicum.
972 1450 1079 1482 dictis
1113 1448 1236 1481 cuncti
1258 1447 1369 1481 multi.

560 1405 626 1438 189
654 1403 750 1436 dicto
776 1402 897 1435 Heius.
924 1414 942 1434 e
967 1401 1191 1442 melioribus,
1218 1407 1253 1433 et
1276 1408 1454 1446 tamquam
1480 1401 1692 1434 concinnius.

1418 1448 1551 1481 Versus
1580 1449 1694 1484 192—

173 1499 236 1533 195
262 1497 399 1530 videbis
424 1497 486 1530 inf.
512 1499 555 1539 V,
582 1500 642 1533 8-
670 1499 725 1540 11,
750 1497 814 1530 sed
839 1496 968 1541 partim
993 1496 1158 1530 variatos.

170 1623 307 1654 vetera
328 1617 655 1668 interpretanda,
676 1616 786 1668 quod
801 1615 900 1654 duas

171 1682 323 1722 terras,
357 1689 379 1712 a
408 1675 554 1726 quibus
585 1675 720 1727 stirpis
756 1673 900 1712 Troia-

172 1746 244 1770 nae
265 1740 448 1771 auctores
475 1734 568 1771 olim
595 1733 786 1785 originem
812 1739 900 1770 tra—

171 1792 273 1828 xisse
293 1798 408 1829 vetus
430 1792 533 1829 sama
555 1798 654 1841 erat,
688 1805 798 1829 nunc
816 1804 901 1828 non

173 1849 432 1899 distinxerat,
467 1850 537 1887 sed
559 1850 721 1887 alterius
744 1849 900 1887 adven-

171 1914 256 1956 tus,
295 1908 471 1946 Dardani
502 1908 673 1956 scilicet,
707 1920 757 1944 ex
789 1906 903 1944 Italia

171 1965 399 2014 immemor,
430 1967 469 2004 in
493 1967 619 2003 altera
642 1972 763 2014 terra,
795 1964 905 2003 unde

172 2024 324 2062 Teucer
352 2025 483 2072 venit,
525 2030 685 2062 tantuin
710 2023 905 2061 haeserat.

173 2081 297 2132 lgitur
320 2090 450 2120 vetera
472 2084 561 2120 loca
575 2112 584 2130 ,
615 2088 748 2119 terrae
769 2088 905 2120 vetere

172 2140 304 2190 aliqua
346 2141 450 2178 fania
494 2140 737 2188 celebratae,
799 2146 905 2177 tam-

174 2212 293 2248 quam
320 2211 399 2247 eae,
444 2198 553 2237 unde
582 2199 744 2237 Troiani
774 2197 897 2249 origi-

174 2269 263 2293 nem
298 2255 517 2306 haberent,
558 2263 598 2294 et
623 2271 748 2295 novus
778 2270 895 2304 error,

174 2319 370 2363 quatenus
404 2329 424 2351 a
464 2328 503 2352 se
542 2329 673 2364 nunc,
719 2314 900 2365 adeoque

175 2372 323 2409 seriore
344 2385 465 2421 aevo,
499 2379 680 2410 erratum
708 2378 767 2410 est
797 2373 900 2410 circa

174 2428 272 2465 llaec
317 2430 403 2466 loca
452 2430 774 2481 interpretanda:
832 2431 903 2468 etsi

175 2501 300 2522 novus
321 2487 436 2524 solito
460 2502 569 2525 more
590 2495 681 2540 post
701 2498 810 2526 relus
831 2503 900 2526 or-

178 2550 292 2580 natus
321 2559 456 2581 caussa
489 2545 702 2584 adiectum.
737 2545 817 2599 (Sic
834 2561 900 2585 so-

178 2601 260 2638 lent
280 2615 300 2638 a
321 2603 448 2652 poetis
469 2603 576 2653 iungi
601 2605 822 2653 contraria,
855 2612 902 2642 ut

177 2660 344 2696 alterum
377 2660 535 2697 alterius
557 2662 784 2699 illustrandi
810 2677 902 2712 gra-

177 2718 228 2754 tia
251 2717 485 2765 adiiciatur,
520 2725 560 2755 111,
580 2733 640 2770 ap.
663 2720 782 2771 5502111.
803 2721 902 2759 Oed.

179 2776 222 2812 ll.
247 2775 351 2812 init:
394 2770 452 2823 „oi
488 2775 604 2815 τέκνα
630 2774 798 2829 Ιηὲὀμου
831 2782 903 2818 τοῦ

178 2829 341 2871 πάλαι
384 2833 465 2872 νέα
497 2830 670 2885 τρ(1ψ1]’.“
735 2837 809 2872 Nec
833 2837 904 2874 de—

178 2890 451 2928 siderarentur
479 2892 570 2928 talia
597 2907 846 2945 magnopere,
875 2897 902 2932 si

178 2948 375 2997 abes-scul3
402 2955 437 2985 111
464 2949 563 2985 inl'ra
588 2964 641 2987 w.
667 2955 783 2992 7102:
818 2954 904 3000 „Sic

958 1622 1073 1668 pater
1107 1615 1282 1663 Aeneas,
1319 1614 1487 1652 intentis
1529 1629 1603 1653 0111
1617 1629 1642 1652 11
1656 1616 1693 1653 i—

958 1675 984 1712 b
998 1688 1075 1724 US‚
1093 1686 1227 1713 unus
1248 1672 1349 1710 Fata
1366 1673 1606 1711 renarrabat
1629 1673 1693 1712 ‹li-

960 1735 1104 1774 voni.“
1154 1729 1265 1783 IVr.)
1336 1730 1440 1768 Satis
1481 1731 1694 1782 expeditus

960 1791 1123 1829 videtur
1143 1791 1276 1837 locus,
1308 1795 1481 1826 vexatus
1510 1803 1531 1826 a
1551 1790 1693 1828 Servio

960 1849 1136 1899 aliisque.
1169 1848 1216 1886 cs.
1238 1848 1334 1884 Exc.
1356 1847 1409 1885 VI
1429 1846 1479 1884 ad
1502 1847 1542 1887 h.
1565 1848 1634 1887 lib.

1023 1909 1172 1948 182——
1189 1907 1282 1947 188.
1317 1905 1564 1943 Cassandrae
1584 1906 1693 1944 vati-

963 1964 1077 2003 ciniis
1111 1976 1318 2014 nunquan]
1350 1964 1512 2001 creditis
1545 1965 1694 2015 egregie

963 2023 1094 2062 utitur
1125 2028 1257 2074 poeta.
1304 2022 1353 2059 cs.
1387 2022 1436 2060 de
1463 2022 1509 2059 iis
1539 2022 1609 2060 ins.
1640 2023 1692 2071 X,

964 2083 1112 2124 67.68.
1145 2079 1313 2130 Disquis.
1337 2080 1369 2118 [Ι
1393 2080 1501 2118 s.V1.
1536 2079 1694 2134 (sliat-is

964 2141 1130 2177 exercite
1142 2138 1264 2190 siclis,
1289 2151 1337 2175 ne
1350 2152 1531 2191 pannum
1548 2145 1694 2176 temere

958 2197 1147 2235 adsutum
1182 2202 1322 2249 puteS‚
1374 2197 1525 2249 accipe:
1577 2210 1694 2247 quem

960 2255 1095 2294 adhuc
1109 2261 1299 2293 exercent
1312 2256 1391 2293 l'ata
1405 2255 1536 2294 Iliaca.
1570 2256 1693 2293 Nein-

960 2327 1009 2367 pe
1038 2314 1169 2352 fuerat
1198 2313 1277 2351 hoc
1302 2313 1344 2351 in
1374 2314 1464 2351 fatis
1493 2314 1694 2351 Troiano-

962 2386 1079 2422 rum,
1110 2378 1158 2409 ut
1179 2372 1446 2420 Cassandrae,
1478 2371 1571 2409 licet
1596 2385 1693 2409 vera

964 2431 1164 2479 monenti,
1217 2429 1316 2467 fides
1347 2444 1428 2468 11011
1462 2428 1692 2467 haberetur.

965 2487 1085 2542 lVr.)
1148 2489 1248 2525 tales
1268 2503 1402 2536 casus,
1438 2486 1543 2525 hanc
1565 2487 1695 2524 nostri

960 2547 1113 2598 generis
1134 2547 1362 2595 fortunam,
1393 2552 1440 2584 ut
1464 2546 1514 2583 ad
1540 2545 1694 2597 Hespe—

960 2606 1084 2654 riam,
1136 2604 1246 2642 unde
1287 2604 1498 2642 Dardanus
1542 2604 1694 2654 generis

963 2669 1102 2701 auctor
1133 2669 1221 2700 erat
1241 2662 1460 2710 oriundus,
1502 2662 1617 2699 nobis
1644 2663 1694 2700 sit

962 2721 1261 2759 revertendum.
1336 2719 1545 2761 184.185.
1579 2721 1694 2759 Nunc

962 2781 1063 2818 bene
1087 2787 1215 2831 repeto
1236 2778 1448 2826 memoria,
1482 2791 1566 2815 eain
1593 2794 1693 2830 por-

964 2840 1144 2886 semler-e,
1189 2836 1444 2889 praedicere,
1496 2836 1574 2874 hoc
1613 2851 1695 2875 esse

965 2897 1163 2944 (lebnam,
1219 2896 1325 2943 sato,
1365 2896 1504 2945 generi
1541 2903 1693 2943 nostro,

967 2961 1003 2990 ct
1038 2968 1121 2992 eam
1153 2953 1324 2991 inultum
1358 2967 1579 2992 memorare
1612 2954 1694 2992 lle-
