1811 3388
357 232 773 283 AENEIDOS
812 234 953 281 LIB.
990 235 1081 299 III,
1125 241 1421 290 377—385

1557 247 1656 296 499

133 358 402 423 Principio
436 356 665 420 Italiam,
705 375 866 425 quam
900 368 959 409 tu
993 361 1098 409 iam
1121 378 1242 412 rere
1274 365 1655 434 propinquam,

130 428 481 492 Vicinosque,
520 427 722 491 ignare,
762 446 912 494 paras
937 431 1189 482 invadere
1215 443 1420 499 portus,

129 499 311 559 Longa
342 497 531 561 procul
558 497 730 562 longis
751 499 829 548 via
858 499 1048 550 dividit
1071 502 1206 551 invia
1232 505 1397 556 terris.

132 568 264 614 Ante
291 574 342 613 et
364 568 633 617 Trinacria
658 568 945 619 lentandus
969 589 1153 620 remus
1178 574 1231 621 in
1257 574 1418 637 unda,

127 636 192 683 Et
213 634 331 683 salis
354 638 573 686 Ausonii
597 638 932 689 lustrandum
957 642 1177 691 navibus
1201 660 1419 710 aequor,

1549 649 1650 698 385

221 765 378 809 (—382.
402 766 534 811 ignare
560 766 767 800 Vocativum
801 780 866 812 pro
892 769 1120 803 Nominativo
1156 771 1308 815 positum
1341 773 1519 806 existimat
1551 777 1649 808 Serv.

124 810 168 843 ad
192 812 258 852 IX,
284 812 384 852 641.;
413 813 482 845 vid.
510 814 554 846 V.
580 814 620 846 L.
647 814 692 846 ad
717 816 782 856 IX,
807 816 887 850 435.
919 817 1014 860 Wr.)

1118 818 1189 854 384
1219 821 1399 853 Trenacia
1423 820 1531 854 Wall.
1559 834 1578 854 a
1603 835 1649 857 rn.

123 869 189 902 pr.‚
217 865 252 890 et
277 872 295 891 a
321 872 364 891 m.
391 871 458 892 sec.
492 862 685 900 Trinacia3
722 868 757 894 et
792 870 872 895 sunt
908 875 992 895 sane
1028 865 1330 907 grammaticorum
1356 869 1513 911 argutiae
1542 868 1577 900 in
1605 882 1645 903 ea

123 905 308 949 scriptura,
333 918 421 950 quae
436 913 551 939 tamen
576 908 803 941 fundamento
829 922 897 942 non
925 911 1066 943 omnino
1094 919 1228 953 carent,
1254 914 1536 960 quandoquidem
1556 914 1648 960 Θρι-

121 952 236 985 νακία
270 954 455 986 Homerica
491 962 543 987 est
577 954 737 999 scriptio.
782 958 874 989 conf.
913 957 1049 991 Cluver.
1087 966 1120 991 et
1153 960 1327 993 d'Orville
1363 962 1477 995 Sicula
1505 975 1538 1007 p.
1568 964 1646 998 163.

122 999 304 1032 Enimvero
339 1001 384 1032 ad
418 1000 587 1045 liquidum
619 1014 676 1034 res
712 1003 856 1046 perduci
892 1005 1033 1049 nequit,
1071 1012 1148 1038 utra
1175 1007 1220 1039 sit
1254 1007 1373 1040 verior
1399 1017 1432 1042 et
1457 1010 1646 1055 antiquior.

120 1046 216 1078 Idem
244 1047 352 1080 Wall.
379 1047 578 1081 [emendus
601 1061 620 1081 a
646 1062 692 1082 m.
718 1062 772 1094 pr.
820 1052 1024 1084 tentandus
1050 1053 1157 1087 Goth.
1183 1066 1252 1088 sec.
1279 1066 1299 1088 a
1331 1067 1377 1089 m.
1400 1069 1453 1102 pr.
1481 1058 1645 1103 flecten-

121 1093 192 1126 dus
216 1094 432 1138 Guelpherb.
460 1107 515 1128 un.
541 1095 577 1128 in
606 1097 685 1130 Exc.
712 1097 807 1130 Cort.
834 1110 875 1131 ex
898 1098 1046 1144 interpr.

120 1213 268 1250 llaliae
305 1214 482 1265 Libycas
518 1224 708 1253 (evomeret
738 1231 843 1254 ora-9.

120 1271 382 1321 lnopinalmn
414 1286 502 1309 vero
523 1274 697 1310 dolorem
726 1277 848 1311 eliam

118 1328 278 1366 Λεῑιθαε
313 1333 583 1380 conquerilur,
631 1338 677 1368 ut
708 1331 776 1369 ins.
808 1346 845 1370 v.

118 1388 200 1426 712
240 1401 310 1424 nec
346 1396 456 1425 vale-s*
493 1389 674 1426 Helenus
693 1392 848 1427 —llos

117 1444 220 1480 mihi
258 1446 467 1494 praedixit
505 1446 646 1483 laetus.
722 1446 846 1500 (eane

116 1502 308 1539 maiora
339 1503 404 1540 illa
437 1504 704 1555 auspicia?
762 1507 845 1543 Re-

116 1559 218 1597 etius
237 1559 346 1598 hune
370 1561 505 1598 locum
537 1576 557 1598 a
585 1575 645 1599 me
667 1563 843 1614 explica·

115 1623 200 1655 tum
223 1625 319 1670 puto
348 1618 390 1656 in
414 1619 504 1657 Not.
530 1620 579 1657 ad
607 1634 664 1658 vs.
687 1621 783 1662 374.
805 1629 845 1660 et

115 1675 159 1713 V.
181 1676 222 1712 L.
246 1677 296 1713 ad
318 1690 375 1714 vs.
399 1679 495 1717 380.
532 1677 649 1730 lVr.)

169 1735 249 1775 381
277 1758 329 1762 ——
351 1737 446 1775 383.
497 1735 660 1773 Poterat
692 1736 843 1776 Aeneas

112 1791 250 1828 statim
270 1793 310 1829 in
340 1792 524 1830 orientali
553 1794 687 1831 Italiae
707 1803 844 1834 extre-

111 1862 197 1885 mae
220 1849 339 1888 litore
361 1850 589 1900 considere,
623 1865 670 1889 ex
693 1853 843 1892 adver-

110 1920 153 1944 so
174 1907 294 1958 Epiri.
358 1908 411 1946 At
434 1915 566 1947 totuin
592 1911 693 1948 illud
726 1912 841 1950 littus

109 1978 131 2000 a
156 1965 402 2003 Graecorum
424 1967 587 2005 coloniis
614 1969 839 2009 tenebatur.

110 2023 159 2060 cf.
183 2023 251 2061 inf.
278 2027 360 2065 398
386 2038 468 2074 sqq.
504 2024 755 2077 (Iuncturffln
779 2043 837 2067 vs.

110 2082 228 2130 382„
271 2083 338 2131 qui
369 2083 471 2119 male
499 2083 710 2122 cohaerere
747 2100 838 2123 cum

108 2151 338 2188 praegresso
381 2140 508 2178 videri
542 2149 693 2192 potest,
743 2144 838 2182 illu-

108 2196 324 2233 stravimus
364 2198 413 2244 Q.
453 2198 495 2236 V.
540 2200 755 2249 XXXIIII,
798 2201 837 2242 4.

114 2254 183 2291 W
178 2252 233 2305 r.)
302 2255 427 2304 longa
464 2258 532 2292 via
567 2258 713 2295 (livida
742 2260 835 2296 lla-

106 2310 208 2347 lc'am
237 2309 276 2349 h.
296 2324 327 2349 e.
350 2312 484 2350 ltaliae
505 2313 569 2350 illa
587 2328 701 2365 pars,
734 2330 835 2366 quae

106 2366 260 2405 Aeneae
284 2370 456 2420 petenda
482 2377 552 2420 est,
586 2372 734 2422 divisa,
767 2387 834 2411 re-

104 2432 215 2463 mota
238 2433 307 2477 est,
339 2428 473 2479 longis
501 2432 635 2478 terris,
665 2445 717 2469 sc.
738 2431 832 2469 lon-

103 2497 151 2534 go
180 2484 249 2522 illo
286 2490 423 2524 tractu
454 2486 653 2526 inferioris
684 2489 832 2540 Italiae,

103 2542 216 2579 invia
244 2543 306 2580 vel
342 2544 560 2582 difficulter
589 2548 832 2598 emetiend33

102 2596 176 2650 (sic
203 2601 365 2639 Servius
401 2610 630 2654 acceperat:
667 2607 832 2656 &gulfi-

102 2665 169 2693 eat
193 2667 328 2695 aulem
356 2660 568 2711 difficilem
590 2664 826 2711 circuitum;

103 2719 142 2750 et
190 2728 283 2752 sane
327 2719 545 2769 composita
595 2719 827 2759 huiusmodi

102 2783 215 2821 saepe
250 2773 304 2810 sic
336 2776 609 2827 accipiuntur,
642 2784 687 2816 ut
711 2782 826 2817 insa-

99 2827 262 2876 nabilis,
297 2833 523 2884 ιήίεηίαίιιε,
556 2834 595 2873 h.
617 2849 648 2874 e.
669 2851 825 2888 parum,

99 2883 211 2922 haud
241 2888 443 2940 multum,
488 2896 708 2946 tentatus);
752 2895 829 2944 vel,

100 2943 208 2992 quod
236 2953 438 2998 praestat,
479 2950 595 3001 plane
625 2966 705 2989 non
729 2965 827 3004 per—

908 1217 998 1266 via,
1030 1233 1113 1257 uon
1138 1218 1326 1257 adeunda
1349 1219 1525 1270 Aeneae,
1560 1227 1643 1261 ter-

908 1276 1030 1313 restri
1073 1277 1235 1326 itinere,
1286 1278 1317 1315 si
1356 1292 1439 1317 ean]
1485 1286 1642 1331 partem

908 1333 1096 1384 adiisset,
1162 1349 1261 1386 quae
1300 1337 1421 1388 Epiro
1458 1338 1641 1390 opposita

907 1397 986 1439 est,
1025 1393 1135 1442 quod
1170 1394 1254 1431 fata
1286 1395 1491 1434 vetabant.
1552 1396 1640 1435 Hoc

905 1456 1101 1500 spectasse
1135 1451 1299 1489 videtur
1339 1453 1532 1504 Pompon.
1563 1456 1639 1492 Sa-

902 1506 984 1544 bin.
1007 1510 1119 1545 ἰηνία
1133 1509 1481 1561 1¹0le72lz'bzcsfalis.
1517 1513 1638 1551 Com-

901 1572 1046 1616 parant
1063 1566 1127 1603 illa
1148 1567 1192 1604 ΙΙ.
1219 1585 1254 1616 α,
1290 1569 1369 1610 156
1391 1567 1505 1621 ἐπειή
1527 1567 1636 1621 μάλα

901 1621 1031 1662 πολλοὶ
1057 1622 1205 1675 μεταξύ
1231 1623 1367 1678 Οὕρεοὶ
1388 1642 1428 1667 τε
1450 1624 1636 1670 σκιόεντα

901 1677 1091 1721 θάλασσά
1105 1698 1144 1722 τε
1157 1678 1347 1735 ἠχήεσσα.
1377 1683 1483 1735 (Vid.
1504 1700 1551 1723 an
1567 1689 1635 1725 ι’ἱα

903 1739 1036 1790 longis
1055 1743 1165 1777 terris
1177 1742 1227 1778 sit
1241 1742 1305 1779 via
1320 1756 1397 1791 per
1406 1751 1529 1781 terras
1542 1745 1634 1782 lon-

900 1811 993 1847 gas,
1024 1803 1068 1835 ut
1101 1801 1195 1839 507.
1225 1814 1361 1837 cursus
1379 1800 1634 1841 brevissimus

901 1857 1020 1891 walis
1052 1862 1111 1892 est
1140 1870 1280 1895 cursus
1321 1871 1412 1909 per
1454 1860 1630 1899 undas.

904 1911 1054 1966 lVelz.)
1087 1914 1272 1953 Ceterum
1298 1916 1337 1953 in
1363 1916 1513 1968 Virgilii
1535 1931 1631 1956 ver-

899 1970 958 2007 bis
997 1971 1107 2009 lusus
1151 1974 1276 2010 inesse
1312 1974 1441 2012 videri
1477 1982 1629 2027 potest3

898 2030 967 2065 ι’ἰα
1000 2031 1311 2082 invia—longa
1349 2033 1495 2083 longis,
1555 2035 1628 2072 Al-

893 2085 1131 2125 litterationi
1152 2087 1248 2126 huic
1266 2095 1382 2127 vetus
1396 2104 1525 2128 sermo
1546 2106 1627 2130 non

896 2149 1108 2196 tantopere
1127 2146 1438 2196 adversabatur,
1479 2155 1525 2186 ut
1548 2164 1625 2187 no-

893 2207 994 2251 ster3
1033 2203 1130 2253 quin
1163 2204 1203 2241 in
1237 2211 1385 2242 ornatu
1404 2206 1469 2242 illa
1496 2205 1624 2244 habe-

892 2259 1036 2298 batur:
1071 2261 1265 2299 amabam,
1292 2272 1507 2302 amanlem.
1551 2281 1624 2315 φι-

893 2315 994 2356 λέων
1023 2314 1227 2368 φιλέοντ’,
1261 2316 1371 2371 ἕὲγων
1394 2318 1546 2374 ἄγοντα
1579 2323 1623 2361 in

889 2374 974 2425 ipso
1009 2375 1137 2426 lyrico
1170 2378 1344 2415 carmine
1367 2385 1426 2416 est
1447 2379 1559 2418 Pind.
1580 2381 1620 2420 P.

892 2435 957 2481 10,
983 2436 1075 2476 103.

947 2490 1226 2534 384—387.
1287 2493 1451 2532 ornate.
1509 2495 1619 2534 Mare

889 2547 1068 2586 Siculum
1096 2556 1136 2587 et
1156 2550 1414 2601 Tyrrhenum
1448 2559 1507 2590 est
1523 2567 1618 2605 per-

889 2607 1123 2657 agrandum.
1195 2608 1410 2647 lentandus
1465 2625 1613 2661 remus,

883 2664 1081 2715 agendus,
1125 2665 1194 2703 sed
1225 2667 1481 2717 exquisitiu53
1519 2683 1616 2708 cur-

885 2729 1008 2760 vatur
1035 2723 1140 2761 enim
1167 2730 1207 2761 et
1226 2724 1404 2763 flectitur
1424 2726 1465 2763 vi
1483 2727 1615 2764 unda-

885 2793 977 2817 rum
998 2787 1037 2818 et
1059 2782 1149 2818 nisu
1173 2782 1340 2833 remigis.
1401 2784 1465 2821 Sic
1487 2784 1614 2836 Apol-

886 2838 967 2876 lon.
1004 2839 1059 2888 ΙΙ,
1091 2839 1174 2880 593
1211 2839 1536 2893 ἐπεγνάμπτοντο
1571 2840 1614 2883 δὲ

886 2898 1043 2945 κῶπαι,
1102 2893 1217 2937 Ἠΰτε
1266 2898 1458 2948 καμπύλα
1503 2895 1611 2949 τόξα,

885 2954 1135 3006 βιαζομένων
1183 2953 1332 3008 ἡρώων
1366 2956 1407 2994 in
1443 2957 1608 2995 traiectu

1217 3035 1333 3079 32*
