1827 3436
394 248 808 303 AENEIDOS
856 247 1005 295 LIB.
1043 247 1107 305 II,
1147 249 1441 296 395—-408
1584 252 1685 297 325

239 385 357 431 Heu
380 377 509 427 nihil
530 375 702 425 invitis
726 371 803 421 fas
826 386 1156 437 quemquam
1184 368 1354 418 fidere
1381 369 1533 418 divis!

169 456 302 502 Ecce
326 447 633 497 trahebatur
650 444 809 510 passis
831 442 1090 490 Priamei'a
1116 440 1264 503 virgo

171 519 415 572 Crinibus
440 534 466 565 a
489 514 694 580 templo
718 511 1008 563 Cassandra
1033 509 1305 575 adytisque
1328 509 1617 566 Minervae,

166 590 247 640 Ad
271 587 482 637 coelum
503 585 733 634 tendens
755 581 993 631 ardentia
1017 580 1218 629 lumina
1238 576 1455 627 frustra:
1581 582 1681 629 405

166 658 415 717 Lumina3
456 672 579 704 nam
602 663 811 703 teneras
833 650 1083 700 arcebant
1103 647 1312 697 vincula
1334 646 1553 713 palmas

165 733 286 779 Non
311 727 432 777 tulit
455 726 593 773 hanc
614 724 847 790 speciem
878 719 1067 770 furiata
1087 727 1272 767 mente
1303 716 1599 779 Coroebus,

165 800 230 848 Et
250 814 364 847 sese
385 795 630 845 medium
650 793 830 841 iniecit
849 791 1116 858 periturus
1141 791 1194 838 in
1217 803 1421 852 agmen.

236 896 349 942 402.
387 892 505 938 HEU
541 903 687 936 mnu„

235 965 348 1011 403.
490 961 634 1008 ECCE
673 967 1023 1005 TRAHEBATUR

234 1034 347 1083 404.
387 1031 642 1079 CRINIBUS

261 1180 331 1217 402
357 1182 545 1227 quicquam
584 1178 693 1212 Wall.
744 1187 960 1222 quamquam
1000 1173 1115 1218 Bigot.
1174 1183 1377 1217 quenquam
1411 1167 1596 1212 confidere
1628 1167 1682 1198 ed.

165 1231 256 1261 Ven.
304 1229 393 1273 (Hoc
417 1239 540 1268 versu,
584 1237 683 1270 quem
707 1223 862 1267 Heynius
889 1221 1039 1265 aliique,
1077 1227 1254 1263 tamquam
1280 1217 1526 1262 epiphonema,
1552 1214 1596 1246 ad
1621 1225 1684 1246 su-

164 1276 306 1320 periora
330 1279 572 1313 retraxerunt,
604 1271 769 1304 transitus
806 1268 958 1301 munitur
985 1268 1030 1301 ad
1064 1267 1333 1310 subsequentem
1357 1262 1614 1301 narrationem,
1646 1266 1683 1292 ut

165 1322 339 1355 sententia
363 1319 678 1364 προκαταρκτικῇ.
710 1317 805 1360 Wr.)
901 1316 971 1350 403
1004 1315 1145 1361 sparsis
1170 1320 1238 1345 tres
1266 1323 1340 1344 cum
1368 1311 1423 1343 ed.
1449 1310 1538 1341 Ven.
1568 1319 1683 1353 pars—

165 1371 216 1402 δίε
250 1376 285 1401 et
319 1381 339 1401 a
363 1380 406 1401 m.
434 1380 502 1400 sec.
540 1367 680 1411 sparsis
715 1364 821 1397 Goth.
858 1369 941 1394 tert.
989 1364 1096 1407 virgo
1127 1361 1168 1392 P.
1198 1360 1341 1405 sparsis
1364 1356 1473 1391 Wall.
1498 1368 1517 1388 a
1542 1367 1586 1386 m.
1611 1366 1680 1386 sec.

164 1414 246 1451 405.
276 1416 345 1451 406
369 1415 477 1447 Iidem
502 1425 621 1445 versus
650 1412 685 1443 in
712 1410 782 1444 ciri
817 1410 898 1444 402.
923 1408 992 1443 403
1027 1412 1225 1440 occurrunt.
1274 1406 1406 1437 Versus
1431 1403 1500 1437 406
1527 1402 1684 1433 Lumina

164 1475 249 1495 nam
274 1471 299 1494 t.
327 1473 390 1506 pro
416 1459 557 1504 Virgilii
584 1458 683 1502 epica
708 1457 880 1502 gravitate
904 1455 1023 1500 paullo
1058 1454 1171 1486 levior
1194 1452 1366 1495 nimisque
1398 1448 1600 1493 ingeniosus
1626 1446 1683 1479 vi-

165 1509 241 1541 deri
266 1515 396 1552 potest.
444 1510 510 1540 Iac.
534 1510 680 1550 Bryant
704 1507 747 1539 V.
773 1505 809 1537 C.
836 1515 911 1535 eum
938 1501 1111 1534 sublatum
1134 1511 1208 1532 esse
1233 1498 1395 1538 volebat3
1421 1502 1604 1529 revocatus
1626 1501 1682 1526 ta-

164 1568 243 1588 men
277 1567 357 1587 mox
393 1567 433 1587 ea
457 1554 614 1594 ratione,
648 1552 742 1596 quod
768 1557 888 1583 auctor
914 1549 1001 1581 Ciris
1029 1560 1104 1580 eum
1141 1558 1277 1578 versum
1310 1544 1379 1577 iam
1401 1544 1522 1587 legere
1548 1540 1683 1581 debuit,

165 1602 246 1646 quia
271 1601 367 1634 illum
393 1614 433 1633 ex
457 1599 609 1644 Virgilio
634 1598 826 1631 transtulit.
877 1595 1040 1640 (Gravior
1065 1606 1189 1634 causa,
1224 1599 1440 1637 quapropter
1475 1589 1566 1621 hunc
1599 1599 1683 1620 ver-

165 1661 238 1681 sum
268 1648 454 1691 genuinum
480 1658 660 1685 censeam,
695 1646 787 1678 inest
818 1644 853 1676 in
888 1643 998 1676 verbo
1032 1641 1200 1674 tendens.
1260 1638 1476 1671 Tendere
1503 1635 1592 1667 enim
1617 1634 1684 1666 lu·-

163 1695 282 1728 mina
323 1706 391 1727 non
423 1694 590 1734 dicimus,
631 1692 694 1725 sed
727 1702 890 1724 manus.
950 1691 1071 1733 Itaque
1104 1699 1207 1731 quum
1239 1686 1380 1718 lumina
1412 1683 1562 1717 tendere
1596 1680 1683 1713 dicit

163 1749 281 1787 poeta,
307 1741 623 1774 iam'obversantur
642 1739 714 1771 eius
734 1738 847 1771 animo
873 1749 932 1777 ea,
962 1747 1050 1780 quae
1076 1733 1292 1767 subiecturus
1320 1738 1403 1764 erat.
1452 1731 1495 1761 Et
1519 1729 1588 1769 ita,
1623 1727 1683 1760 ubi

164 1789 315 1821 tendere
332 1788 490 1829 Iuntina,
518 1787 661 1827 oculos,
687 1785 828 1829 legitur,
854 1783 945 1816 solet
966 1780 1098 1826 aliquid
1119 1780 1292 1813 adiectum
1313 1790 1409 1819 esse,
1435 1777 1478 1809 ad
1497 1775 1589 1820 quod
1615 1774 1683 1807 hoc

163 1835 305 1868 verbum
327 1835 473 1878 proprie
496 1840 643 1879 spectat.
691 1833 747 1865 Sic
768 1831 887 1864 Valer.
914 1830 966 1863 Fl.
1002 1830 1080 1868 VII,
1105 1829 1184 1863 269.
1207 1839 1277 1871 sq.:
1313 1825 1388 1867 „illi
1413 1824 1476 1856 has
1512 1834 1576 1866 ego
1604 1833 1623 1853 v
1639 1833 1682 1853 o—

163 1894 259 1924 ues»,
296 1883 368 1921 Qua
394 1881 516 1923 datur,
549 1881 681 1925 hasque
715 1890 888 1918 manu5‚
925 1883 964 1909 ut
997 1886 1160 1921 possum,
1194 1886 1215 1906 a
1246 1872 1353 1905 litore
1386 1871 1530 1904 tendo.“
1581 1867 1681 1901 Ovid.

162 1930 247 1961 Met·
268 1930 380 1968 XIIII,
407 1928 504 1963 734.:
543 1928 611 1968 „ad
644 1923 996 1969 postes—oculos
1023 1929 1059 1954 et
1090 1920 1224 1966 pallida
1260 1917 1460 1952 brachia
1498 1916 1681 1948 tendens.“

162 1977 240 2019 Ipse
268 1975 393 2019 Virgil.
429 1980 513 2008 Aen.
542 1976 586 2016 V,
620 1974 725 2009 508.:
776 1971 1001 2017 „pariterque
1046 1967 1206 2001 oculos
1242 1966 1455 2010 telumque
1495 1962 1681 1995 tetendit.“

162 2023 242 2063 XII,
267 2023 346 2057 930.
361 2035 367 2054 :
395 2048 415 2062 ‚‚
426 2034 446 2055 o
459 2035 476 2055 c
486 2021 559 2054 ulo
571 2034 585 2053 s
613 2021 635 2052 d
647 2032 664 2052 e
675 2032 695 2051 x
706 2026 721 2051 t
731 2032 747 2051 r
757 2032 776 2052 a
790 2030 892 2062 mque
918 2022 1117 2061 precantem
1135 2013 1390 2047 Protendens.“
1422 2011 1517 2053 IVr.)
1562 2011 1634 2041 iam
1656 2017 1680 2040 t.

161 2069 278 2113 Bigot.
326 2071 491 2115 geminas
513 2069 640 2100 Moret.
667 2079 734 2099 sec.

162 2128 193 2148 V.
218 2117 330 2147 Burm.
358 2116 512 2148 medium
533 2116 643 2147 mittit
661 2113 768 2146 Witt.

831 2066 900 2099 408
925 2065 1008 2097 iecit
1031 2064 1121 2095 Ven.
1142 2068 1178 2093 et
1192 2060 1356 2093 Parrhas.
1376 2070 1451 2091 cum
1469 2056 1578 2089 Goth.
1598 2061 1680 2088 tert.

830 2113 993 2144 erituras
1010 2109 1130 2141 Heius.
1149 2114 1233 2151 post
1250 2106 1404 2139 Pierium
1425 2117 1443 2137 e
1466 2102 1680 2135 melioribus.

164 2162 279 2205 Vulgo
302 2164 514 2203 moriturus,
540 2163 593 2206 (ut
620 2160 728 2193 Paris.
759 2161 790 2194 2.
819 2159 851 2193 3.
878 2160 912 2192 4.
932 2159 965 2193 5.
990 2157 1086 2199 lVr.)
1114 2153 1265 2188 sollenni
1297 2151 1565 2198 permutatione.
1611 2148 1678 2181 vid.

162 2209 343 2241 Burmann.

170 2329 231 2366 W
233 2326 281 2379 r.)
313 2344 318 2351 ’
342 2328 437 2369 402.
457 2326 588 2374 fidere
611 2325 791 2362 absolute
812 2337 888 2375 pro

164 2384 335 2433 audere,
395 2384 562 2422 nimium
602 2384 721 2421 rebus
761 2381 888 2419 confi-

164 2442 268 2480 dere.

220 2498 476 2543 403—406.
527 2498 613 2536 Vim
645 2495 890 2533 Cassandrae

165 2557 213 2593 ab
245 2557 363 2594 Aiace
386 2556 487 2594 Oilei
515 2556 540 2593 s.
573 2568 708 2592 coram
730 2552 891 2591 Pallade

164 2614 311 2651 illatam
361 2627 442 2651 esse
486 2613 605 2663 vulgo
653 2616 890 2649 memorant.

166 2670 224 2708 Ita
257 2672 363 2709 trahi
383 2677 515 2721 potest
547 2670 705 2708 doctius
736 2669 890 2706 dictum

167 2727 304 2765 videri.
345 2729 479 2766 Potest
500 2735 633 2765 tamen
651 2733 771 2779 poeta
793 2726 890 2763 sim—

168 2783 320 2834 pliciter
342 2785 542 2823 declarare
568 2786 759 2834 voluisse,
803 2797 889 2820 eam

168 2842 363 2891 captivam
417 2843 456 2880 vi
500 2843 714 2880 abductam
760 2841 889 2880 fuisse.

167 2899 263 2935 Rem
297 2898 480 2937 disertius
518 2900 739 2951 expositam
773 2899 889 2936 reieci

166 2956 205 2992 in
228 2956 451 2993 Excursum
468 2957 534 2993 X*
554 2957 604 2995 ad
626 2971 664 2994 v.
685 2958 778 2997 403.
813 2957 891 2994 Te—

950 2320 1129 2359 nendum
1151 2324 1285 2356 autem
1306 2322 1378 2365 est,
1399 2329 1486 2353 eam
1511 2314 1562 2352 ad
1574 2320 1678 2351 teni-

948 2380 1060 2431 plum
1084 2377 1288 2415 Minervae
1315 2373 1548 2424 confugisse,
1580 2386 1678 2423 sup-

948 2437 1091 2488 plicem
1111 2435 1207 2472 deae
1225 2433 1383 2481 factam,
1407 2426 1675 2471 ἱκετεύουσαν.

948 2493 1157 2540 arcebant„
1189 2491 1373 2540 antique,
1405 2487 1677 2535 continebant,

949 2551 1198 2599 coercebant,
1211 2544 1357 2600 εἶργον.
1385 2547 1451 2585 Vs.
1464 2545 1546 2587 405
1558 2558 1677 2597 prae—

949 2610 1080 2648 clarus
1101 2614 1175 2646 est:
1210 2612 1250 2643 at
1261 2605 1345 2647 406
1362 2606 1557 2651 Lumina,
1581 2617 1678 2639 nam

949 2676 973 2705 t.
985 2666 1183 2705 Ovidiano
1195 2664 1299 2702 lusui
1312 2663 1476 2715 propior
1488 2667 1562 2709 est,
1577 2660 1677 2697 Ovi-

951 2725 1041 2763 dius
1080 2730 1214 2761 tamen
1253 2721 1398 2759 castior
1446 2732 1554 2756 nunc
1591 2718 1675 2768 ipso

950 2782 1137 2833 Virgilio,
1181 2780 1272 2817 Met.
1308 2778 1423 2825 XIII,
1466 2776 1560 2816 410.
1593 2774 1670 2814 411

948 2848 1121 2878 tractata
1153 2841 1276 2874 comis·
1308 2837 1488 2872 antis-tela
1525 2831 1677 2869 Phoebi

952 2899 1051 2935 IVon
1087 2896 1336 2946 profer-[uras
1391 2890 1571 2928 tendebat
1619 2889 1677 2923 ad

949 2955 1111 2992 aethera
1125 2954 1304 3003 palmas.
1326 2949 1376 2987 At
1391 2947 1543 2987 Maroni
1557 2957 1672 2996 prac-
