1811 3388
312 226 719 280 AENEIDOS
757 227 896 276 LIB.
926 227 1014 289 VI,
1052 231 1342 280 609—616
1485 237 1586 285 943

76 355 268 405 Inclusi
286 370 521 421 poenam
543 359 854 418 exspectant.
925 352 1005 400 Ne
1029 366 1225 416 quaere
1249 350 1442 414 doceri,

79 428 251 487 Quam
290 439 561 489 poenam3
608 430 696 471 aut
740 436 876 488 quae
911 418 1089 468 forma
1130 420 1269 468 viros
1309 418 1590 472 fortunave

858 489 1058 539 mersit.
1489 495 1592 544 615

77 565 271 612 Saxum
296 562 482 624 ingens
504 559 727 609 volvunt
752 558 859 623 alii,
896 558 1161 624 radiisque
1187 565 1429 608 rotarum

146 649 260 694 616.
295 657 543 692 RADHSVE

168 747 238 781 614
262 747 442 792 Suspensi
459 758 568 792 poen·
588 757 618 778 e.
642 743 760 778 Schol.
785 742 890 777 Statii
916 743 930 774 I
955 741 1070 776 Theb.
1096 739 1177 777 431.
1226 742 1295 776 Sed
1329 743 1364 775 in
1398 748 1477 776 toto
1506 742 1589 776 loco

75 795 244 826 Tartarus
271 793 420 826 carceris
447 793 622 825 notionem
649 791 757 823 habet
782 791 989 823 adiunctam.
1041 790 1244 832 (exsectam
1269 802 1287 822 a
1312 802 1355 822 m.
1381 802 1434 834 pr.
1458 790 1591 824 Medic.

78 841 175 883 lVr.)
225 841 436 884 expendunt
468 839 533 872 Vir
567 839 688 870 doctus
721 838 755 869 iu
793 836 938 868 Miscell.
971 837 1071 869 Obss.
1102 836 1194 879 apud
1228 837 1341 868 Burm.
1391 836 1460 869 Sed
1493 843 1592 869 recte

73 887 133 919 hic
159 886 320 927 subiicit,
345 894 557 931 exspectare
582 885 672 917 hanc
699 884 765 916 vim
791 884 944 923 habere,
973 889 1010 915 ut
1046 894 1106 915 eos
1142 894 1274 925 poenas
1309 888 1405 915 certo
1442 882 1588 915 daturos

76 944 152 965 esse
178 939 328 965 constet.
376 932 518 965 Scilicet
552 939 763 976 exspectare
795 930 829 962 h.
866 929 888 962 l.
925 936 975 961 est
1008 936 1183 970 metuere,
1219 935 1254 961 et
1286 929 1436 973 vulgaris
1473 929 1588 962 oratio

75 988 185 1012 esset:
212 979 253 1011 iis
280 978 337 1011 hic
363 978 548 1023 aliquando
574 977 715 1010 inclusis
749 988 863 1020 poena
897 975 1130 1018 exspectanda
1169 981 1232 1007 est.
1293 977 1342 1008 10.
1374 976 1589 1009 Schraderus

74 1026 109 1058 in
135 1026 274 1058 schedis
298 1025 412 1057 locum
441 1024 635 1057 scabiosum
662 1035 737 1056 esse
762 1030 856 1056 ratus
882 1023 974 1054 varie
1010 1022 1191 1054 tentabat:
1226 1022 1318 1054 inter
1352 1028 1486 1055 cetera:
1522 1035 1586 1055 ex-

69 1073 302 1119 pendant—
324 1073 531 1105 Poenarum
566 1084 659 1115 quae
683 1069 811 1115 forma
844 1081 927 1102 reos
952 1067 1159 1113 fortunave
1194 1077 1334 1101 merset.
1383 1069 1589 1113 (exceptant

76 1130 164 1151 corr.
191 1118 358 1158 Bothius3
384 1119 453 1150 vid.
477 1119 562 1150 Not.
593 1118 688 1160 Wr.)
739 1129 805 1149 nec
837 1115 983 1147 Dorvill.
1079 1115 1147 1149 615
1187 1123 1319 1147 merset
1352 1115 1420 1147 duo
1455 1115 1587 1155 Heins.‚

73 1177 144 1198 non
169 1165 270 1197 male.
296 1165 414 1209 (idque
440 1165 597 1208 praefert
622 1163 787 1201 Bothius;
823 1163 884 1194 sed
910 1162 979 1194 vid.
1004 1162 1088 1194 Not.
1118 1161 1161 1193 ad
1187 1162 1249 1194 Ge.
1274 1162 1334 1201 JV,
1372 1163 1449 1196 149.
1492 1161 1586 1205 lVr.)

75 1221 217 1257 mergat
240 1213 266 1244 F
270 1224 362 1244 rane.

73 1259 138 1291 sim
163 1258 376 1291 contendere
399 1258 492 1290 viros
518 1258 641 1289 doctos
668 1256 826 1298 memim,
864 1268 932 1300 que
959 1254 1062 1287 etiam
1096 1254 1145 1287 sie

458 1212 526 1245 616
552 1211 712 1243 radiisve
735 1209 891 1253 reposuit
915 1220 978 1252 pro
1004 1208 1136 1252 vulgari
1162 1221 1240 1253 que.
1288 1207 1361 1239 Etsi
1386 1208 1476 1240 enim
1502 1220 1586 1252 pas-

1179 1253 1284 1299 poni‚
1320 1255 1434 1286 verior
1468 1261 1586 1286 tamen

76 1311 128 1337 est
155 1305 266 1337 altera
292 1305 380 1336 ratio
408 1312 442 1336 et
466 1304 580 1348 lapsus
615 1315 734 1336 caussa
765 1303 799 1335 in
833 1308 983 1346 promtu.
1021 1300 1171 1345 (restitui
1207 1301 1364 1334 codicum
1398 1301 1587 1334 lectionem

75 1352 278 1396 radz'isqa25
306 1351 375 1385 vid.
406 1352 448 1392 Q.
472 1352 515 1384 V.
542 1351 730 1392 XXXIIII,
758 1352 790 1384 1.
819 1348 915 1390 Wr.)

74 1452 175 1483 esset
198 1452 338 1497 poetae
358 1445 456 1497 epici
474 1445 680 1496 gravitate,
694 1445 802 1482 mul—

73 1511 116 1540 to
137 1503 258 1553 magis
280 1503 457 1541 Romani.
518 1503 619 1540 Tum
651 1503 718 1552 qui
752 1502 801 1539 fi—

74 1561 164 1598 dem
181 1561 304 1609 fallit,
328 1562 360 1597 is
388 1566 427 1597 et
445 1574 561 1597 suam
579 1565 618 1596 et
637 1561 801 1597 alterius

74 1619 256 1655 dextram
279 1618 414 1655 fallere
435 1617 511 1654 dici
528 1623 672 1668 potest.
716 1617 801 1654 Ita-

73 1688 150 1725 que
181 1676 399 1713 necessario
442 1674 717 1725 accipiendum
751 1674 800 1711 de

71 1733 310 1770 libertorum
340 1733 543 1784 impietate
582 1739 622 1769 et
659 1731 800 1769 fraude

72 1791 113 1827 in
133 1796 322 1842 patronos
345 1804 448 1828 suos.
490 1790 551 1827 An
570 1790 801 1840 Pompeium

71 1847 259 1896 Menam,
300 1848 368 1886 Cn.
400 1848 575 1898 Pompeii
598 1847 800 1894 liber-tum,

860 1455 973 1494 saepe
990 1448 1166 1493 tempore
1190 1441 1386 1479 bellorum
1410 1440 1586 1478 civilium

859 1501 898 1537 in
923 1500 1105 1537 dominos
1127 1513 1218 1536 suos
1251 1499 1370 1536 fuisse
1398 1498 1585 1535 infidissi-

860 1572 943 1595 mos
965 1562 1141 1603 constat,
1173 1569 1204 1593 e.
1224 1569 1256 1593 e.
1284 1569 1331 1592 ex
1351 1556 1517 1606 Appian.
1542 1556 1583 1592 Β.

859 1616 942 1652 Civ.
968 1616 998 1663 Ι,
1019 1618 1085 1656 72.
1109 1614 1174 1662 lv,
1198 1616 1264 1655 22.
1293 1615 1359 1654 29.
1392 1615 1456 1653 59.
1488 1615 1581 1653 51.“

862 1671 980 1723 lsVr.)

917 1730 1011 1771 614.
1043 1728 1137 1769 615.
1176 1727 1316 1764 Ornati
1342 1738 1481 1764 versus
1509 1739 1584 1777 pro

858 1787 1031 1836 vulgari:
1073 1786 1111 1822 hi
1140 1785 1281 1822 inclusi
1311 1784 1431 1821 variis
1456 1783 1586 1820 modis

858 1845 1098 1895 puniuntur.
1135 1842 1224 1879 Noli
1241 1853 1440 1892 quaerere,
1461 1855 1586 1891 quam

71 1906 141 1955 qui
164 1907 330 1942 Sextum
351 1905 552 1956 prodidit,
577 1905 709 1942 animo
731 1904 802 1941 de-
851 1915 1029 1952 poenam
1066 1899 1356 1951 expectandam
1389 1897 1585 1946 habeant5

71 1963 285 2013 signaverit
312 1969 447 2013 poeta,
480 1962 681 1999 affirmare
713 1962 799 2012 quis

72 2021 175 2057 ausit
187 2021 205 2057 ’ἶ
266 2020 345 2056 Nec
363 2027 495 2057 tamen
524 2019 579 2056 sic
601 2019 640 2056 in
660 2019 799 2069 Augu—

73 2083 179 2114 stum
208 2083 428 2127 peccasset,
471 2090 561 2113 nam
593 2083 631 2112 et
660 2076 712 2123 is,
752 2081 800 2112 ut.

73 2134 191 2171 ceteri
216 2133 414 2182 homines,
448 2133 685 2184 proditionis
708 2133 799 2169 sru-

73 2198 182 2229 ctum
205 2192 411 2242 amplecti,
445 2190 695 2241 proditorem
725 2190 798 2226 ab-

72 2248 259 2294 horrere,
293 2248 442 2286 debuit.
504 2247 560 2298 (Si
580 2247 680 2284 bella
705 2253 799 2283 tan-

71 2307 128 2356 git
146 2306 275 2343 civilia
297 2306 493 2355 Virgilius,
511 2305 650 2354 pungit
669 2305 798 2349 etiam,

72 2364 104 2400 si
142 2363 236 2412 quid
266 2363 403 2411 video,
444 2363 690 2412 Augustum,
731 2361 799 2410 qui

72 2435 161 2457 cum
189 2420 362 2457 Antonio
382 2434 491 2456 arma
514 2419 663 2470 patriae
686 2419 799 2455 intu-

72 2478 185 2515 lerat.
255 2477 353 2514 Mihi
400 2477 560 2526 quidem
602 2475 700 2512 haee
743 2476 796 2511 ita

72 2548 174 2572 nexa
218 2549 361 2583 „arma
398 2536 520 2570 secun
563 2535 693 2581 impia
727 2547 797 2569 nec

71 2594 185 2629 veriti
224 2594 472 2629 dominorum
506 2591 652 2640 fizllere
696 2590 795 2625 ‹lex—

72 2653 179 2685 tra.s·“
202 2649 252 2686 ad
276 2649 421 2685 bellum
446 2648 587 2685 servile
608 2646 796 2683 videniur

71 2713 276 2756 spectare3
323 2706 431 2755 quod
470 2706 498 2741 si
531 2718 647 2754 quam
677 2717 795 2752 grave

70 2763 191 2800 suerit
218 2769 450 2813 reputamus
470 2792 479 2810 ‚
523 2776 603 2798 non
635 2761 797 2811 putabi-

69 2833 157 2857 mus
197 2820 279 2856 eius
316 2820 556 2856 mentionem
594 2818 795 2867 indignam

68 2877 186 2914 fuisse
241 2877 339 2927 epici
397 2883 537 2927 poetae
587 2878 794 2926 gravitate.

66 2934 188 2972 Paulo
215 2934 329 2971 aliter
356 2932 580 2985 Ruhkops.:
623 2935 795 2982 „Servos

861 1965 930 1996 aut
951 1972 1052 2009 quae
1083 1970 1232 2008 poenae
1250 1957 1418 2005 forma,
1446 1955 1583 2005 sorla-

856 2031 981 2063 nave,
1016 2015 1124 2064 quod
1148 2015 1324 2051 miseriae
1344 2026 1487 2063 geum,
1521 2014 1583 2047 ι’ί-

856 2088 919 2109 ros
937 2075 1068 2108 mersit
1097 2070 1152 2122 (v.
1177 2085 1262 2121 sup.
1286 2084 1324 2107 v.
1346 2072 1445 2117 512)
1462 2099 1470 2115 ,
1496 2069 1583 2105 illos

857 2130 1027 2179 exeipit,
1077 2135 1223 2165 manet.
1294 2128 1465 2163 Ductum
1506 2125 1584 2162 hoc

858 2200 906 2223 ex
930 2185 1102 2235 vulgari:
1123 2186 1250 2233 tnergt'
1270 2186 1450 2220 miseriis.
1487 2182 1582 2233 (Sed

857 2246 989 2280 mersit
1010 2242 1101 2280 vide
1135 2256 1212 2291 quo
1244 2242 1329 2279 iure
1360 2240 1465 2277 idem
1500 2252 1581 2276 esse

858 2301 986 2349 dicas,
1028 2299 1135 2349 quod
1178 2307 1324 2335 manet.
1389 2298 1583 2335 Videlicet

856 2358 955 2395 haec
983 2358 1152 2405 „inclusi
1181 2370 1357 2405 poenam
1393 2369 1582 2404 exspe-

857 2418 1034 2452 ctant“
1064 2413 1258 2465 pertinent
1284 2412 1332 2450 ad
1356 2419 1487 2450 totum
1512 2425 1581 2461 ge—

858 2486 931 2509 nus
955 2485 1111 2518 eorum,
1144 2471 1209 2520 qui
1237 2471 1330 2507 tales
1354 2470 1416 2507 vel
1438 2470 1582 2507 similes

857 2536 999 2576 sunt,
1029 2529 1162 2578 quales
1184 2527 1303 2565 modo
1329 2527 1443 2576 dicii3
1477 2542 1581 2564 mer-

855 2590 906 2623 sit
950 2593 1104 2638 spectat
1141 2585 1191 2622 ad
1229 2598 1324 2633 eos,
1378 2585 1446 2634 qui
1484 2585 1580 2622 tales

854 2645 1092 2690 suerunt,
1141 2643 1287 2693 quique
1340 2642 1416 2679 iam
1465 2642 1580 2679 luunt

852 2715 1010 2753 poenas
1046 2703 1089 2739 lt
1103 2700 1159 2752 3.)

913 2763 1007 2801 616.
1039 2760 1210 2807 Iterum,
1247 2764 1448 2805 tamquam
1482 2766 1578 2805 poe—

854 2823 925 2864 ta,
965 2816 1016 2853 ad
1063 2823 1217 2854 veteres
1258 2813 1417 2865 mythos
1461 2811 1577 2848 redit.

853 2875 941 2912 Non
962 2887 1115 2911 necesse
1138 2880 1218 2921 est,
1252 2880 1297 2910 ut
1321 2871 1448 2907 solum
1469 2868 1578 2917 Sisy—

852 2932 978 2984 phum
1024 2938 1064 2969 et
1113 2931 1290 2968 Ixionem
1341 2926 1578 2978 respexerit3
