1811 3388
423 229 837 281 AENEIDOS
872 231 1014 284 LIB.
1051 235 1138 298 VI,
1176 240 1463 293 850-860

1608 252 1707 299 995

197 351 454 418 Adspice,
490 361 551 402 ut
572 353 787 419 insignis
811 356 993 423 spoliis
1015 359 1295 410 Marcellus
1319 365 1508 430 opimis

195 422 522 486 Ingreditur,
559 423 839 492 victorque
864 427 1005 477 viros
1025 432 1390 495 supereminet
1412 438 1604 490 omnis!

196 492 295 540 Hic
315 508 433 540 rem
455 494 781 556 Romanam,
820 513 1016 562 magno
1042 499 1289 550 turbante
1312 504 1558 570 tumultu,

199 561 386 625 Sistet,
412 578 578 629 eques
601 572 804 614 sternet
827 569 1062 630 PoenOS,
1096 569 1415 638 Gallumque
1437 575 1708 639 rebellem,

199 632 489 699 Tertiaque
512 649 656 683 arma
676 636 812 701 patri
837 637 1131 704 suspendet
1150 648 1298 706 capta
1320 643 1557 704 Quirino,
1611 654 1710 700 860

292 760 359 795 857
390 761 482 794 viris
514 761 607 795 alter
642 763 769 798 Hamb.

871 765 941 801 859
972 765 1041 799 Alii
1075 766 1292 812 distinguunt
1323 776 1405 815 post
1437 772 1551 806 Siscet
1585 786 1711 819 eque-93

197 805 248 839 nil
272 808 393 840 refert.
442 808 510 852 (Ita
533 809 794 855 interpungitur
817 810 852 843 in
877 812 1004 846 Medic.
1031 819 1067 846 et
1097 813 1221 858 fragm.
1256 817 1357 856 Vat.;
1387 818 1451 850 sed
1484 820 1610 853 rectius
1646 821 1712 853 ad-

196 852 351 897 iungitur
378 866 487 899 eques
510 856 618 889 verbo
644 866 796 899 sternet,
820 870 921 902 quam
946 861 1062 893 sistet.
1093 862 1188 904 lVr.)
1238 864 1342 907 equis
1363 864 1476 906 Rom„
1501 866 1596 910 quod
1620 868 1711 900 male

196 901 327 945 probat
353 900 505 940 Pierius;
531 909 585 935 est
611 904 702 936 enim
726 903 868 948 vulgare
894 917 959 949 pro
984 907 1097 940 altero
1117 907 1271 952 poetico.

1365 911 1434 946 860
1458 913 1595 946 Tristia
1611 915 1711 947 Rom.

192 949 318 993 patris
339 948 463 992 fragm.
488 949 602 982 Vatic.
629 963 648 984 a
671 963 716 984 m.
741 963 794 996 pr.
843 953 1068 997 suspendent
1092 955 1213 988 Franc.
1262 964 1372 1001 rapta
1403 957 1555 992 malebat
1588 960 1712 993 Mark-

196 994 291 1027 land.
317 994 361 1027 ad
385 998 472 1028 Stat.
498 1007 533 1040 p.
557 997 638 1038 277,
668 1004 706 1030 ut
730 999 798 1031 iam
822 999 1039 1033 Passeratius
1063 1001 1156 1046 apud
1183 1001 1374 1045 Guellium5
1407 1004 1457 1038 sic
1482 1006 1546 1039 Ge.
1570 1007 1628 1049 ΠΙ,
1653 1008 1711 1042 32.

196 1040 268 1075 Sed
291 1053 357 1075 nec
380 1041 490 1075 minus
515 1043 664 1077 alterum
687 1045 778 1078 bene
802 1045 944 1080 dictum.

197 1148 286 1188 viae
303 1148 327 1186 f.
343 1178 353 1198 ,
385 1147 438 1186 ad
458 1162 576 1199 quem
594 1157 642 1189 ut
660 1151 928 1191 deduceretur

197 1206 327 1245 oratio
342 1237 352 1255 ‚
384 1206 437 1245 M.
460 1208 671 1247 Claudium
693 1210 928 1249 Marcellum

196 1265 300 1303 bello
321 1265 471 1303 Punico
497 1266 533 1304 ΙΙ
565 1266 718 1305 clarum
751 1267 927 1307 induxit.

195 1323 478 1361 Narrationem
502 1324 658 1363 deloco
685 1324 764 1364 hoc
793 1340 929 1365 coram

198 1381 367 1420 Octavia
390 1382 493 1420 lecto
520 1382 612 1420 vide
641 1383 681 1422 in
712 1384 805 1422 Vita
833 1384 923 1422 Vir-

198 1439 281 1492 gilii
306 1437 348 1491 β’.
381 1438 436 1480 47
467 1446 507 1478 et
537 1442 648 1479 Serv.
683 1441 735 1479 ad
762 1455 801 1480 v.
832 1444 930 1485 862.

198 1497 434 1549 Respiciunt
464 1497 736 1537 narrationem
761 1501 931 1537 Senecae

197 1555 321 1594 verba
351 1555 393 1592 in
422 1555 622 1595 consolat.
657 1557 709 1595 ad
737 1557 930 1595 Marciam

197 1617 237 1655 2.
255 1613 324 1651 ubi
344 1612 393 1651 de
411 1613 631 1665 pertinacia
644 1615 794 1653 doloris
806 1616 931 1653 Octa-

197 1671 307 1710 viae:
329 1673 514 1712 carmina
533 1672 791 1711 celebrandae
808 1674 927 1711 Illar-

197 1730 290 1767 celli
306 1731 521 1767 memoriae
550 1732 772 1782 composita
799 1732 927 1769 alios-

197 1801 274 1839 que
310 1787 532 1825 studiorum.
566 1788 732 1826 honores
776 1791 923 1826 reiecit.

198 1844 339 1885 Videri
369 1850 502 1897 potest
530 1852 642 1883 totus
675 1846 788 1884 locus
828 1846 928 1885 reli—

197 1917 277 1954 quo
303 1903 383 1940 iam
403 1902 577 1941 carmine
598 1903 779 1943 absoluto
799 1904 930 1943 inser—

198 1967 262 2000 tus
284 1973 387 2009 esse3
405 1973 480 1999 nec
504 1967 639 1999 tamen
662 1962 794 2011 video,
818 1962 928 2000 unde

197 2019 276 2059 viri
298 2018 408 2057 docti
436 2018 514 2056 hoc
544 2025 751 2070 tamquam
783 2020 929 2072 explo—

197 2084 333 2116 ratum
353 2076 445 2114 satis
468 2077 626 2115 tradere
647 2077 813 2129 possint.

257 2135 341 2177 856
361 2156 419 2164 —-
440 2137 536 2176 860.
575 2136 726 2186 Spoliis
766 2136 925 2186 opimis,

199 2193 329 2231 occiso
348 2192 577 2231 Insubrium
599 2192 808 2231 Gallorum
827 2193 928 2231 duce

199 2251 453 2290 Virdomaro.
488 2250 573 2289 Liv.
603 2250 709 2303 Epit.
731 2251 824 2289 XX.
844 2250 926 2289 vid.

198 2309 376 2348 Perizon.
406 2307 619 2347 Animadv.
650 2322 683 2347 c.
713 2308 794 2347 VII.
846 2309 926 2347 Ea—

200 2367 291 2406 dem
310 2372 406 2404 sunt
427 2380 467 2405 v.
481 2369 565 2408 860
581 2368 695 2404 tertia
714 2380 832 2404 arma
851 2381 927 2404 ea-

191 2433 296 2476 pta,
337 2423 379 2464 h.
412 2436 444 2462 e.
484 2424 605 2462 tertia
637 2424 763 2476 spolia
796 2424 927 2477 opima

199 2487 291 2535 post
314 2481 532 2520 Romulum
553 2488 593 2520 et
622 2482 805 2531 Cossum,
835 2496 927 2520 sus-

192 2540 343 2591 pendet
376 2540 565 2590 Quirino,
607 2538 648 2578 h.
684 2552 716 2578 e.
743 2540 929 2578 Romulo.

201 2597 323 2648 Atqui
355 2610 407 2635 ex
430 2597 591 2635 Romuli
627 2597 816 2636 instituto
845 2597 931 2636 [ovi

200 2655 384 2695 Feretrio
400 2655 635 2694 ferebantur
646 2655 770 2707 spolia
788 2656 932 2707 opima.

201 2713 284 2753 vid.
306 2713 441 2763 Liv.1,
475 2716 539 2755 10.
600 2714 679 2751 Sed
704 2713 836 2765 potuit
868 2726 931 2751 se·-

200 2770 319 2809 rioris
339 2771 427 2810 aevi
449 2771 586 2822 religio
606 2771 824 2810 Romulum
844 2771 930 2810 lovi

202 2827 447 2879 adiungere,
488 2835 620 2880 potest
664 2842 822 2880 quoque
865 2829 931 2867 di-

202 2891 312 2924 ctum
330 2898 433 2934 esse,
466 2886 561 2936 quia
588 2887 790 2925 conditori
819 2887 930 2926 urbis

201 2942 336 2982 omnia
359 2944 561 2995 praeclara
592 2950 847 2997 posterorum
867 2945 928 2983 sa-

986 1159 1048 1192 cta
1068 1153 1110 1192 in
1129 1154 1289 1193 laudem
1308 1154 1470 1195 cedunt.
1528 1157 1627 1196 Rem
1644 1164 1711 1196 ta-

984 1224 1076 1250 men
1103 1212 1179 1251 alio
1200 1213 1321 1252 modo
1341 1213 1504 1265 expedit
1527 1216 1708 1254 Servius:

985 1271 1204 1308 Possumus
1225 1279 1284 1319 et,
1325 1273 1435 1322 quod
1461 1280 1517 1309 est
1546 1274 1703 1320 melius,

984 1327 1201 1365 secundum
1236 1330 1366 1379 legem
1403 1331 1567 1368 qumae
1604 1331 1710 1368 lzune

984 1385 1116 1422 locum
1141 1388 1345 1436 accipere,
1388 1389 1460 1438 qui
1481 1391 1705 1438 praecepit,

977 1445 1118 1493 prima
1151 1445 1287 1493 opima
1316 1444 1448 1494 spolia
1474 1446 1566 1482 lovi
1588 1447 1708 1483 Fere—

986 1502 1059 1538 trio
1079 1499 1213 1538 debere
1239 1502 1454 1552 suspendi,
1489 1503 1597 1553 quod
1625 1504 1710 1540 iam

986 1558 1186 1596 Romulus
1195 1558 1357 1609 fecerat
1364 1575 1380 1606 ,·
1400 1562 1574 1598 secunda
1584 1561 1709 1598 Mar-

986 1617 1019 1652 ti
1041 1645 1051 1663 ,
1096 1616 1204 1667 quod
1241 1617 1386 1654 Cossus
1408 1616 1516 1666 fecit
1533 1632 1552 1664 ;
1594 1620 1709 1655 tertia

992 1673 1162 1722 Quirino
1176 1703 1187 1723 ‚
1219 1674 1329 1725 quod
1336 1673 1444 1724 jecit
1465 1675 1705 1713 stlareellas.

983 1731 1065 1768 Nec
1086 1743 1292 1783 perperam
1313 1730 1413 1769 haec
1442 1731 1593 1770 tradita
1615 1745 1709 1781 esse,

984 1788 1203 1839 intelliges,
1234 1789 1266 1826 si
1298 1787 1562 1827 Plutarchum
1596 1790 1710 1828 evol-

985 1846 1092 1885 veris
1118 1846 1160 1883 in
1196 1845 1385 1884 Marcello
1413 1858 1452 1897 p.
1485 1849 1570 1891 302
1599 1847 1640 1885 C.
1671 1854 1711 1884 et

984 1903 1118 1942 locum
1144 1903 1250 1942 Festi
1281 1903 1388 1956 apud
1419 1903 1594 1943 Perizon.
1616 1904 1642 1943 1.
1675 1919 1707 1943 0.

985 1974 1074 2013 pag.
1097 1962 1178 2005 255
1202 1975 1280 2012 sq.,
1311 1961 1420 2000 unde
1441 1968 1596 2000 constat
1617 1962 1709 2000 vul-

984 2032 1118 2071 garem
1142 2031 1227 2056 eam
1249 2019 1524 2057 Romanorum
1550 2019 1708 2070 opinio-

985 2089 1077 2115 nem
1100 2076 1218 2115 suisse
1254 2082 1295 2115 et
1337 2077 1708 2127 interpretationem

984 2135 1093 2186 Legis
1115 2133 1278 2183 Numae,
1300 2146 1400 2184 quae
1423 2134 1471 2171 de
1492 2134 1620 2172 tribus
1645 2134 1708 2171 di-

983 2191 1110 2231 versis
1135 2192 1354 2243 spoliorum
1389 2192 1596 2243 generibus
1621 2198 1709 2229 erat

982 2250 1078 2288 lata.
1139 2250 1301 2288 Poetam
1318 2256 1452 2288 autem
1479 2250 1589 2300 sequi
1614 2250 1707 2287 vul-—

983 2320 1116 2359 garem
1144 2307 1371 2359 opinionem
1399 2308 1457 2345 fas
1486 2312 1555 2346 est.
1613 2306 1708 2344 Post

983 2365 1083 2404 haec
1110 2365 1241 2403 omnia
1273 2371 1408 2403 tamen
1447 2370 1580 2403 manet
1617 2363 1707 2412 hoc,

984 2423 1109 2476 spolia
1129 2423 1259 2475 opima
1280 2424 1323 2461 in
1344 2422 1483 2461 eodem
1504 2423 1608 2461 Iovis
1631 2422 1707 2458 Fe-

984 2481 1101 2520 retrii
1145 2480 1295 2532 templo
1343 2481 1463 2518 sujsse
1521 2479 1708 2532 reposita.

986 2540 1168 2591 Propert.
1187 2538 1253 2587 111,
1282 2541 1332 2579 10
1358 2538 1385 2576 f.
1418 2538 1544 2575 Nunc
1576 2539 1708 2588 spolia

987 2600 1030 2635 in
1051 2596 1195 2647 templo
1215 2598 1293 2633 tria
1318 2595 1493 2633 condita.
1555 2594 1707 2633 Nobili-

987 2661 1073 2693 tata
1101 2666 1261 2704 quoque
1290 2659 1350 2691 est
1379 2653 1569 2691 memoria
1599 2652 1707 2689 Mar-

989 2712 1078 2751 celli
1096 2711 1259 2750 denario
1280 2712 1406 2762 gentis
1434 2710 1637 2756 Claudiae,
1665 2708 1706 2745 iu

989 2784 1069 2822 quo
1094 2769 1286 2822 templum
1315 2774 1488 2819 quatuor
1516 2765 1705 2804 columnis

987 2829 1030 2867 in
1052 2828 1185 2866 fronte
1212 2832 1396 2865 ornatum
1423 2825 1503 2877 ipse
1528 2822 1705 2874 ingredi—

988 2893 1058 2925 tur
1080 2891 1287 2938 tropaeum
1317 2889 1480 2934 gestans.
1538 2881 1705 2918 tmnultu

986 2949 1119 2996 potest
1164 2941 1325 2994 proprie
1371 2939 1523 2977 dictum
1567 2937 1705 2984 videri,

1323 3008 1430 3052 63*
