1779 3420
54 225 187 275 1014
384 220 995 271 EXCURSUS
1069 221 1266 270 V.V1

52 354 128 393 sibi
148 359 337 393 veterum
354 352 621 392 historiarum
645 351 745 391 fides
769 356 942 389 constat.
1004 350 1168 401 Vulgari
1191 362 1329 389 errore
1354 349 1422 387 illa
1452 349 1589 387 Cumis

53 412 233 453 Aeolidis
263 412 437 452 oriunda
473 411 706 461 dicebatur3
754 415 795 448 at
824 407 1001 447 Aeolidis
1032 409 1155 447 Came
1186 415 1268 458 est,
1315 404 1464 461 Κύμη,
1506 422 1589 449 non

54 474 223 511 Cumae:
260 485 353 510 cum
374 476 518 510 contra
546 470 685 509 Italiae
710 469 860 506 Cumae
876 467 952 505 hae
974 467 1096 505 etiam
1122 468 1268 519 Cyme,
1307 468 1454 516 Came,
1488 479 1590 518 poe-

54 531 106 570 tis
135 531 337 569 dicantur.
411 528 601 581 Erythris
636 541 722 566 eam
754 527 901 564 Cumas
932 524 1068 562 ltaliae
1108 525 1286 575 venisse,
1327 525 1437 564 unde
1469 526 1592 563 etiam

55 589 283 642 Erythraea
308 594 369 627 est
396 587 618 640 appellata,
648 586 691 624 in
710 585 814 623 libro
837 584 887 622 de
911 582 1053 622 admir.
1074 581 1116 635 §.
1137 587 1204 626 90.
1227 582 1277 636 (c.
1297 582 1369 637 97)
1393 584 1591 622 traditum

56 653 126 687 est.
186 647 308 700 Apud
331 646 478 685 Tibull.
501 645 548 694 ΙΙ,
578 645 617 693 5,
649 646 701 686 19
725 657 770 681 ea
791 643 966 690 Aeneae,
998 650 1091 679 ante
1110 656 1237 694 quam,
1265 657 1292 680 α
1322 642 1449 679 liltore
1488 644 1592 680 Tro-

56 708 152 744 iano
175 707 365 754 solveret,
400 703 660 743 vaticinatur.
722 701 847 750 Quod
870 700 902 738 si
925 714 1015 738 cum
1038 700 1107 749 iis,
1140 700 1209 751 qui
1234 700 1275 738 in
1295 700 1493 738 coloniam
1517 713 1593 738 ex-

56 765 212 814 ierant,
256 763 307 802 ad
338 763 496 801 Italiam
524 761 711 810 accessit,
752 760 882 798 multo
908 759 1051 809 utique
1076 759 1202 797 serior
1231 759 1297 797 illa
1324 758 1508 796 Troianis
1537 764 1595 796 est

56 823 329 876 temporibus3
371 826 416 859 ut
440 827 550 859 recte
579 819 715 857 Livius
739 819 768 868 I,
809 822 834 860 7
873 817 1026 855 dixerit
1045 816 1308 869 ficliloquczm
1338 817 1596 855 Cat-mentam

59 890 150 920 ante
177 881 354 932 Sibyllae
390 882 434 917 in
465 880 638 918 ltaliam
672 878 908 915 adventum.
974 876 1114 926 ltaque
1141 875 1369 928 Erythraea
1403 875 1595 914 seriorem

59 941 280 978 Cumanam
306 939 436 976 secere
461 937 547 988 alii,
591 938 716 974 ,Demo
744 949 843 975 vero
878 934 1041 973 nomine
1076 933 1228 972 dietam
1259 935 1367 987 apud
1394 935 1513 973 Paus.
1542 935 1595 984 X,

63 1001 126 1048 12,
155 1012 194 1050 p.
219 999 316 1039 828.
378 997 520 1035 Poetae
545 1002 680 1034 tamen
701 994 834 1033 omnia
860 992 983 1043 haec,
1024 993 1273 1045 temporibus
1303 993 1402 1031 adeo
1425 999 1595 1042 remota,

57 1057 100 1095 in
120 1070 249 1094 unum
271 1068 410 1106 cogere
433 1055 571 1105 licuit,
601 1061 649 1092 ut
670 1054 804 1102 etiam,
836 1053 977 1090 relicta
1000 1052 1164 1090 omnino
1187 1052 1473 1090 defunctorum
1495 1065 1596 1090 evo-

59 1115 237 1164 catione,
269 1114 320 1152 ad
345 1113 524 1166 Delphici
557 1112 712 1151 oraculi
743 1112 974 1162 exemplum
1001 1110 1196 1163 Sibyllam
1232 1111 1372 1163 templi
1403 1111 1596 1149 sacerdo-

58 1180 141 1212 tem
168 1180 209 1212 et
238 1180 375 1212 vatem
408 1173 688 1212 constitueret.
751 1170 895 1219 Quid?
936 1169 1046 1221 quod
1067 1176 1276 1222 praeterea
1312 1169 1433 1208 tertia
1464 1169 1597 1220 aliqua

59 1231 239 1271 muneris
280 1238 397 1284 parte
433 1245 519 1270 eam
558 1229 777 1283 impertiit,
820 1229 918 1267 dum
949 1229 1039 1266 laco
1075 1230 1183 1266 circa
1218 1228 1443 1277 Avernum,
1478 1241 1598 1279 quem

67 1292 231 1330 Triviae
262 1290 442 1341 dixerat,
496 1296 587 1329 tum
613 1290 695 1341 ipsi
722 1289 883 1326 Averno
911 1293 952 1325 et
978 1287 1112 1325 aditui
1142 1286 1193 1325 ad
1228 1287 1316 1325 loca
1344 1286 1473 1325 infera
1512 1299 1599 1324 eam

52 1349 276 1401 praefecit,
306 1349 362 1388 ita
383 1355 431 1388 ut
453 1363 527 1401 pro
557 1348 659 1387 duce
683 1346 897 1385 descensus
931 1345 981 1383 ad
1002 1358 1047 1382 ea
1069 1345 1156 1384 loca
1174 1358 1257 1384 esse
1286 1352 1421 1398 posset
1444 1345 1601 1384 Aeneae

59 1422 100 1447 v.
139 1411 234 1450 109.
263 1411 358 1450 117.
392 1410 473 1449 118
507 1414 548 1446 et
569 1407 654 1450 564
691 1406 787 1454 sed,
826 1419 889 1442 me
923 1419 1050 1457 quum
1083 1405 1186 1443 lucis
1219 1407 1377 1443 [secate
1402 1404 1602 1456 praefecit

60 1468 257 1514 Auernis,
300 1468 406 1518 Ipsa
438 1467 559 1504 deum
585 1479 743 1517 poenas
772 1465 908 1502 (locuit
936 1477 1089 1515 perque
1124 1465 1262 1501 omnia
1293 1464 1425 1502 (luxit.
1491 1464 1602 1501 Con-

63 1531 176 1563 stans
197 1525 339 1564 saltem
363 1531 451 1564 erat
478 1525 521 1563 in
550 1524 665 1563 Italia
694 1528 834 1562 vetere
864 1522 1046 1560 narratio
1079 1520 1128 1560 de
1153 1522 1305 1575 Sibylla
1328 1523 1530 1572 Cumana,
1562 1527 1603 1559 et

60 1580 251 1636 θάλαμος
269 1579 486 1638 κατάγειος
507 1583 590 1622 eius
610 1582 746 1621 Cumis
769 1581 1100 1629 monstrabatur,
1143 1579 1184 1619 h.
1208 1594 1239 1620 e.
1260 1587 1448 1629 antrum,
1490 1579 1603 1632 quod

61 1656 137 1694 pro
159 1642 281 1681 domo
311 1643 470 1693 fuerat,
515 1642 622 1696 apud
655 1641 774 1679 Auct.
809 1640 858 1678 de
891 1639 1035 1678 mirab.
1063 1639 1204 1678 Audit.
1238 1640 1264 1678 l.
1290 1654 1336 1690 c.,
1367 1639 1438 1678 ubi
1462 1645 1501 1677 et
1523 1653 1603 1678 no-

62 1713 156 1738 men
176 1700 260 1739 eius
280 1701 439 1739 editum
464 1702 512 1740 ab
547 1701 633 1738 aliis
658 1698 942 1738 Melachraena
978 1698 1005 1736 f.
1041 1695 1326 1753 μελάγχλαινοι.
1387 1698 1602 1750 Hydriam,

64 1772 93 1797 s.
124 1772 295 1808 urnam,
334 1759 376 1797 in
397 1774 476 1810 qua
515 1759 598 1797 eius
628 1772 716 1796 ossa
749 1757 914 1796 condita
949 1762 1105 1807 essent,
1163 1763 1367 1797 servatam
1395 1757 1529 1796 Cumis
1561 1757 1604 1795 in

64 1816 261 1870 Apollinis
289 1818 442 1870 templo
456 1848 467 1868 ,
498 1822 700 1856 memorat
719 1816 747 1856 l.
768 1829 801 1854 c.
820 1814 1048 1854 Pausanias.

416 2101 1079 2163 EXCURSUS
1153 2101 1248 2159 VI

496 2218 787 2264 Ramus
847 2233 1173 2262 aureas.

186 2336 252 2386 VI,
287 2339 369 2380 136
388 2351 473 2389 sqq.
503 2337 622 2377 Rami
641 2336 763 2376 huius
785 2337 895 2376 aurei
919 2351 1077 2376 caussas
1093 2336 1249 2385 varias,
1289 2334 1480 2389 mysticas
1500 2349 1606 2387 quo-

71 2407 172 2445 que,
203 2400 361 2434 veteres
381 2402 422 2434 et
444 2397 688 2436 recentiores
709 2397 1005 2448 excogitarunt.
1039 2410 1079 2434 v.
1110 2395 1349 2434 Servianam
1384 2400 1525 2433 notam
1555 2394 1608 2432 ad

72 2451 114 2491 h.
142 2452 167 2490 l.
227 2453 381 2492 Metalli
416 2456 603 2494 mutandi
627 2456 804 2493 rationes
835 2455 902 2493 hic
933 2454 1169 2506 quaesivere
1204 2453 1413 2502 nonnulli,
1464 2453 1608 2492 Borri-

74 2510 188 2549 chius
209 2517 248 2549 et
279 2513 365 2560 alii,
410 2514 517 2552 inter
549 2528 649 2566 quos
683 2514 889 2552 Wedelius
919 2528 940 2552 a
964 2515 1199 2551 Burnianno
1232 2513 1438 2552 laudatur.
1494 2515 1608 2564 Χρυ-

76 2571 156 2610 σοῦ
187 2567 279 2618 ὄζος
304 2567 562 2624 -οἷδάμιας,
604 2573 671 2624 qui
698 2573 741 2609 in
781 2573 943 2611 Timaeo
984 2572 1164 2611 Platonis
1198 2569 1301 2623 (pag.
1333 2573 1443 2613 1066
1475 2571 1519 2608 Β.
1545 2570 1607 2608 ed.

75 2626 174 2680 Frs.)
197 2635 465 2679 memoratur,
499 2637 640 2682 poetae
663 2631 713 2668 ad
737 2631 853 2670 talem
873 2631 928 2670 rei
948 2631 1159 2682 imaginem
1189 2630 1291 2668 nihil
1314 2628 1506 2682 prodesse
1530 2642 1608 2680 po-

76 2687 176 2725 tuit:
207 2700 258 2725 ex
280 2701 383 2739 aqua
409 2689 655 2727 condensata
678 2690 840 2727 metalla
866 2695 907 2728 et
926 2690 1058 2740 primo
1086 2690 1176 2727 loco
1202 2701 1369 2734 aurum,
1402 2693 1487 2724 tum
1506 2687 1608 2725 ada-

77 2751 268 2794 mantem,
310 2760 435 2798 porro
467 2760 543 2795 aes,
576 2754 664 2784 tum
690 2753 821 2785 cetera
842 2761 987 2798 genera
1012 2747 1142 2784 enasci
1166 2753 1307 2784 narrat
1329 2745 1608 2798 philosophus.

77 2804 112 2842 A
139 2805 287 2842 Dianae
309 2804 495 2842 Aricinae
518 2805 639 2843 sacris
665 2818 728 2843 res
764 2806 966 2857 repetitur
994 2805 1103 2855 apud
1125 2805 1329 2853 Servium,
1373 2811 1466 2842 ante
1497 2805 1610 2843 cuius

77 2863 272 2915 templum
296 2864 416 2903 fuisse
439 2863 560 2902 arbor
586 2869 791 2913 narratur,
823 2864 932 2902 unde
952 2863 984 2901 si
1013 2864 1205 2914 fugitivus
1232 2863 1431 2916 potuisset
1451 2877 1609 2905 ramum

80 2921 318 2975 decerpere,
360 2922 561 2961 sacerdoti
595 2937 686 2960 cuni
712 2921 877 2960 homine
911 2936 1086 2973 pugnare
1120 2936 1276 2960 necesse
1309 2928 1421 2960 esset.
1492 2922 1611 2960 Ritus

80 2994 236 3032 pugnae
265 2981 519 3032 notissimus,
552 2981 616 3019 vel
646 2994 695 3018 ex
728 2980 863 3020 Ovidii
888 2981 997 3019 Fast.
1028 2981 1091 3031 ΙΙΙ,
1124 2984 1207 3023 253
1240 2995 1323 3033 sqq.
1386 2980 1440 3019 At
1474 2980 1522 3019 de
1546 2994 1613 3018 ar-
