1811 3388
451 942 1250 1002 EXCURSUSI

276 1069 458 1128 Super
494 1070 721 1114 Aeneae
762 1084 989 1111 accessu
1031 1069 1104 1111 acl
1140 1068 1423 1111 Siciliam.

105 1195 193 1251 Bis
222 1212 395 1251 Aeneam
427 1213 478 1251 ad
509 1213 679 1251 Siciliam
711 1212 916 1250 accessisse
955 1219 1093 1251 narrat
1129 1218 1268 1265 poeta,
1314 1212 1485 1264 primum
1518 1225 1607 1250 cum

105 1271 218 1310 littus
247 1270 384 1308 Italiae
413 1271 612 1309 inferioris
645 1276 682 1308 et
712 1271 863 1308 Siciliae
893 1270 1082 1308 orientale
1112 1276 1407 1322 praetervectus
1440 1270 1609 1321 Drepani

107 1334 271 1381 portum
313 1328 520 1377 intrasset,
565 1329 633 1366 lib.
664 1328 729 1377 ΙΙΙ,
761 1331 854 1369 707.
887 1328 979 1366 add.
1013 1328 1170 1379 Dionys,
1202 1328 1231 1377 I,
1263 1330 1339 1376 523
1383 1333 1420 1364 et
1449 1327 1608 1375 iterum,

110 1399 202 1424 cum
234 1385 470 1437 Carthagine
504 1392 543 1423 et
573 1386 621 1423 ab
654 1384 806 1424 Africae
836 1386 970 1423 littore
1001 1391 1180 1433 evectus,
1221 1391 1268 1422 ut
1310 1385 1463 1422 [taliam
1494 1390 1609 1435 pete-

109 1449 193 1491 ret,
229 1443 360 1482 ventis
390 1443 568 1482 adversis
608 1443 659 1481 ad
689 1444 840 1480 Siciliae
870 1443 983 1481 littus
1021 1442 1265 1481 occidentale
1300 1448 1401 1479 esset
1430 1442 1609 1479 reiectus.

110 1501 291 1539 Tenebat
319 1507 406 1539 tum
435 1502 503 1538 illa
532 1501 620 1538 loca
648 1502 835 1549 Acestes,
867 1507 912 1538 ut
941 1501 1127 1552 Virgilius
1157 1499 1314 1548 scribit,
1346 1500 1410 1537 vel
1441 1499 1609 1549 Egestes,

111 1558 299 1609 Egestus,
352 1572 374 1595 a
411 1572 490 1609 quo
534 1558 630 1596 urbs
670 1560 848 1608 Egesta,
898 1559 1074 1608 Aegesla
1115 1557 1180 1594 vel
1220 1558 1386 1607 Segesta
1422 1556 1611 1608 appellari

113 1616 241 1667 coepit
283 1614 338 1668 (v.
376 1622 467 1668 post
506 1616 601 1653 alios
644 1621 683 1653 et
713 1616 988 1653 Burmannum
1030 1615 1081 1652 ad
1118 1614 1309 1651 Numism.
1341 1614 1417 1651 Sic.
1457 1628 1493 1664 p.
1528 1612 1611 1654 394

112 1673 348 1716 Eckhelium
385 1673 426 1711 in
467 1673 656 1711 Doctrina
693 1673 858 1711 Numor.
899 1679 977 1711 vet.
1013 1672 1098 1711 Vol.
1139 1672 1167 1720 Ι,
1208 1685 1246 1722 p.
1286 1670 1409 1722 234),
1449 1670 1611 1722 Virgilio

112 1732 262 1769 Acesta
291 1731 338 1780 V,
370 1733 465 1777 718,
498 1730 606 1781 quod
638 1736 768 1768 tamen
799 1743 945 1768 nomen
976 1736 1016 1767 et
1045 1728 1271 1780 Stephanus
1300 1728 1393 1779 Byz.
1424 1728 1544 1765 habet
1572 1728 1613 1764 in

111 1783 284 1840 Ἀκέστη.
343 1787 404 1825 Ab
445 1787 524 1825 hoc
561 1789 698 1825 Aceste
731 1786 882 1825 Aeneas
921 1787 1086 1838 benigne
1126 1786 1297 1837 hospitio
1329 1791 1515 1837 exceptus
1545 1798 1612 1822 so-

115 1845 196 1884 cios
237 1852 278 1883 et
315 1858 434 1884 naves
474 1845 623 1884 refecit.
682 1845 777 1883 Erat
806 1845 912 1883 enim
937 1845 1002 1883 ille
1033 1844 1204 1882 Troiano
1244 1843 1430 1893 sanguine
1472 1842 1614 1880 oriun-

117 1903 204 1952 dus,
238 1904 383 1954 quippe
415 1916 435 1940 e
465 1904 636 1941 Troiana
667 1903 831 1951 femina,
874 1903 922 1940 de
953 1916 1030 1952 qua
1060 1901 1169 1940 varie
1200 1900 1397 1949 traditur,
1440 1900 1482 1937 in
1513 1900 1613 1937 Sici-

116 1959 210 1998 liam
247 1960 379 1999 delata
419 1966 459 1998 et
501 1974 523 1997 a
566 1960 732 1998 Crimiso
770 1960 895 1998 fluvio
938 1972 1181 2010 compressa,
1217 1963 1444 2008 susceptus:
1486 1970 1523 1996 V.
1568 1957 1612 2005 V,

118 2019 185 2059 38.
226 2021 292 2059 39.
340 2019 460 2054 Troia
505 2018 671 2054 Crimiso
720 2026 952 2067 conceplum
991 2018 1168 2066 flumine
1207 2023 1333 2052 malet·
1375 2015 1502 2063 Quem
1537 2027 1613 2064 ge·-

118 2076 231 2121 ηαίι,·
264 2087 364 2126 quae
395 2074 664 2125 antiquissima
694 2074 851 2125 ignotae
882 2074 1016 2124 stirpis
1051 2072 1305 2110 deducendae
1334 2072 1437 2109 ratio
1468 2077 1538 2119 est,
1570 2076 1616 2108 ut

118 2144 263 2183 parens
293 2131 438 2169 edatur
466 2132 613 2169 fluvius
644 2131 725 2169 eius
756 2138 899 2180 terrae,
930 2131 970 2168 in
1000 2144 1077 2180 qua
1105 2144 1197 2181 gens
1228 2129 1356 2179 aliqua
1387 2128 1517 2165 sedem
1538 2127 1615 2164 ha-

118 2189 220 2227 buit.
278 2189 414 2239 Itaque
443 2189 605 2227 (livinae
641 2190 776 2238 stirpis
803 2189 964 2226 Acestes
997 2188 1220 2239 appellatur
1249 2187 1295 2235 V,
1327 2189 1421 2226 712.
1480 2185 1615 2222 Fabu-

120 2246 176 2284 las
215 2246 264 2284 de
302 2246 440 2284 Aceste
478 2247 629 2297 plureS,
680 2246 730 2283 ad
779 2260 875 2295 quas
922 2245 1033 2283 numi
1073 2257 1230 2295 quoque
1270 2243 1376 2294 apud
1416 2243 1617 2291 Parutam,

120 2304 378 2353 Dorvillium,
427 2304 649 2355 Principem
683 2303 968 2351 Torremuzza,
1009 2309 1047 2339 et
1088 2316 1197 2340 nunc
1235 2300 1341 2353 apud
1386 2299 1617 2337 Eckheliuin

122 2361 330 2409 alludunt,
371 2361 462 2398 vide
502 2361 610 2412 apud
650 2361 761 2398 Serv.
801 2361 850 2398 ad
889 2360 918 2408 Ι,
957 2360 1051 2401 550.
1096 2359 1144 2409 V,
1175 2362 1241 2399 30.
1300 2358 1386 2395 Alia
1426 2357 1619 2408 congessit

121 2419 280 2458 Cluver.
312 2418 415 2456 Sicil.
450 2425 530 2457 ant.
563 2418 609 2466 II,
652 2421 691 2460 2.
752 2418 828 2455 Sed
868 2418 908 2455 in
952 2430 1103 2454 Summa
1145 2416 1377 2454 diversitate
1407 2428 1619 2452 consensus

122 2475 170 2514 fit
198 2477 239 2514 in
269 2476 367 2525 hoc,
409 2476 520 2513 urbis
558 2478 737 2527 Segestae
767 2475 1014 2513 conditorem
1054 2474 1248 2512 creditum
1279 2485 1361 2510 csse
1391 2473 1618 2520 Troianum,

124 2539 162 2571 et
192 2534 384 2572 Troianos
415 2534 575 2571 colonos
605 2533 808 2572 veteribus
838 2533 987 2570 Sicanis
1026 2533 1066 2569 in
1096 2531 1158 2569 his
1188 2530 1281 2568 locis
1312 2531 1430 2568 fuisse
1461 2530 1619 2567 admix-

125 2597 199 2629 tos.
258 2591 357 2628 Nota
381 2604 444 2629 res
462 2592 526 2629 vel
559 2604 609 2628 ex
636 2590 758 2628 Cicer.
782 2590 893 2628 verr.
922 2591 985 2636 IV,
1013 2592 1078 2631 33.
1112 2588 1336 2640 (Accessere
1364 2601 1458 2625 mox
1481 2585 1620 2624 Graeci

126 2648 276 2686 coloni:
314 2648 383 2686 sed
423 2649 487 2688 vel
516 2648 571 2686 sic
612 2648 719 2700 apud
750 2646 931 2698 Thucyd.
965 2648 1029 2694 VI,
1070 2650 1118 2688 11
1154 2646 1281 2684 Nicias
1323 2659 1388 2684 eos
1427 2645 1619 2682 barbaros

125 2706 295 2756 appellat
336 2705 429 2755 περὶ
463 2702 699 2759 Ἐγεσταίων
741 2701 902 2756 ἀνδρῶν
933 2700 1171 2757 βαρβάρων·
1216 2704 1336 2740 etsie
1367 2716 1428 2740 res
1467 2715 1505 2738 sc
1544 2701 1618 2737 ha—

125 2762 212 2799 buit
243 2762 285 2799 ir,
315 2763 511 2813 plerisque
541 2763 680 2801 Siculis
712 2763 962 2812 civitatibus,
1007 2775 1105 2812 quae
1143 2774 1204 2799 res
1247 2760 1531 2798 dissensionum
1564 2757 1619 2793 ci-

124 2819 264 2856 vilium
300 2826 492 2871 perpetua
535 2834 670 2858 caussa
711 2827 750 2857 et
778 2821 866 2858 sons
897 2826 1004 2867 erat,
1046 2819 1126 2856 vid.
1169 2818 1262 2856 ibid.
1295 2833 1325 2854 ‹·.
1361 2815 1440 2867 17.)
1501 2816 1621 2851 Recte

127 2875 244 2913 Silius
274 2876 377 2924 XIV,
421 2875 473 2917 45
505 2879 757 2914 llsliscaerzmt
790 2877 1013 2927 Phrygiam
1049 2877 1197 2926 prolati
1240 2876 1431 2911 'lb-omnus
1461 2874 1619 2908 Acestes
