1827 3436
462 248 581 295 AD
654 239 1099 290 LIBRUM
1172 237 1229 284 II
1523 241 1623 287 383

110 384 189 431 cis,
221 396 268 419 ex
295 380 495 417 maiorum
547 387 645 412 ama
672 384 718 409 ac
748 370 1001 417 narratione,
1032 368 1198 418 antiquo
1233 377 1424 412 sermone,
1456 362 1535 401 hoc
1554 369 1626 413 est,

108 441 285 493 poetico,
325 438 483 474 fuerant
513 430 730 483 expositae.
791 427 870 466 Sed
902 440 995 465 eum
1036 425 1258 476 coepissent
1295 434 1397 469 esse,
1439 421 1628 473 primuni,

109 499 174 550 qui
218 489 708 546 sigillatim'particulam
749 486 922 537 aliquam
963 498 1014 522 ex
1057 489 1142 521 toto
1184 481 1252 519 illo
1293 480 1405 531 cyclo
1447 478 1629 531 mythico

110 558 338 605 decerptam
370 550 544 588 carmine
574 551 817 592 tractarent,
862 548 1056 582 ornarent
1094 547 1134 578 et
1173 536 1452 577 delectationis
1491 550 1630 575 caussa

110 612 335 655 variarent,
389 615 472 646 tum
505 606 591 653 alii,
633 603 816 656 inprimis
852 603 987 653 (trivi,
1029 599 1096 651 qui
1129 597 1305 635 carmina
1337 609 1408 633 sua
1440 595 1631 633 suavibus

111 668 295 723 episodiis
327 666 642 716 distinguerent,
691 675 741 698 ex
772 674 817 697 eo
857 666 1039 711 tempore
1068 670 1132 695 res
1163 655 1360 694 Troianae
1390 654 1502 704 quasi
1536 667 1631 689 ma-

111 731 230 767 leriae
253 727 438 776 poeticae
469 724 556 760 loco
574 721 735 758 habitae
758 724 873 766 sunt,
905 731 983 768 qua
1004 715 1197 767 ingeniosi
1223 712 1405 750 homines
1426 711 1468 749 in
1486 724 1632 762 quam-

113 797 270 835 cunque
302 783 473 820 formam
507 777 748 830 diffingenda
788 781 1028 823 uterentur,
1068 783 1276 822 unumque
1309 770 1349 808 id
1381 769 1632 821 propositum

113 844 327 890 haberent,
358 847 405 879 ut
437 854 526 877 cum
558 836 839 889 probabilitate
870 834 1001 884 aliqua
1034 832 1290 869 delectarent.

229 911 289 949 Ab
324 909 516 948 historiae
548 908 627 946 fide
659 906 787 943 multo
820 903 941 954 magis
972 913 1172 941 recessum
1212 904 1289 946 est,
1335 910 1427 935 cum
1467 896 1635 946 Tragici

113 977 254 1024 poetae
284 969 511 1006 fabularum
545 979 706 1003 suarum
736 961 956 1007 ὑποθέσεις
993 966 1033 997 et
1065 962 1298 1009 argumenta
1340 967 1390 992 ex
1421 954 1533 1006 cyclo
1564 953 1633 991 illo

115 1034 319 1082 peterent,
351 1032 391 1064 et
422 1040 494 1077 pro
525 1023 688 1062 consilio
720 1035 793 1059 suo
823 1018 1130 1070 tragoediaeque
1162 1021 1308 1053 natura
1338 1012 1449 1050 varie
1481 1025 1525 1048 ea
1546 1017 1634 1048 tra-

116 1093 291 1132 ctarent,
327 1089 538 1131 ornarent,
570 1081 842 1127 inflecterent,
875 1091 980 1115 nova
1013 1075 1271 1125 affingerent,
1304 1077 1344 1109 et
1363 1083 1477 1121 saepe
1507 1069 1546 1107 in
1570 1069 1633 1106 di-

116 1144 356 1184 versissimas
386 1147 519 1193 partes
554 1138 774 1177 traherent.
835 1136 949 1183 Quae
982 1133 1143 1185 quidem
1174 1144 1238 1169 res
1270 1144 1360 1167 cum
1395 1128 1459 1166 vel
1489 1141 1538 1165 ex
1559 1129 1634 1164 So-

117 1202 258 1255 phocle
291 1207 329 1238 et
361 1200 488 1238 multo
520 1198 642 1249 magis
674 1210 724 1234 ex
748 1193 941 1246 Euripide
972 1191 1178 1230 notissima
1199 1189 1273 1238 sit,
1306 1186 1471 1225 haerere
1503 1186 1543 1223 in
1566 1185 1635 1223 illa

118 1262 317 1299 nolumus.

235 1319 316 1356 lam
345 1313 545 1353 historicis
585 1319 624 1350 et
655 1310 814 1362 tragicis
855 1307 1041 1347 successit
1072 1319 1225 1344 novum
1255 1301 1468 1341 hominum
1498 1313 1634 1351 genus,

119 1376 228 1428 quod
260 1374 391 1413 onmia
423 1370 583 1409 miscuit
613 1384 657 1407 ac
697 1367 901 1415 turbavit,
952 1368 1187 1416 Itzlmpreles
1224 1369 1438 1413 poetarum
1482 1359 1570 1397 dico
1598 1364 1638 1396 et

124 1434 442 1478 Grammaticos,
478 1429 650 1466 maxime
674 1428 720 1465 ab
740 1427 1061 1464 Ptolemaeorum
1092 1421 1185 1460 inde
1212 1416 1431 1472 saeculo*),
1463 1430 1638 1468 quorum

121 1492 186 1530 alii
215 1491 354 1542 Cyclos
384 1489 472 1526 illos
498 1487 538 1524 in
571 1487 771 1538 epitomen
801 1483 1065 1534 redegerunt,
1097 1479 1253 1531 qualem
1279 1476 1473 1515 habemus
1505 1474 1638 1513 adhue

121 1549 361 1601 Apollodori
383 1544 703 1591 Bibliollzecam,
735 1556 854 1593 quam
888 1540 989 1592 cycli
1020 1538 1117 1591 epici
1151 1535 1435 1588 compendium
1456 1546 1537 1570 esse
1558 1533 1637 1570 iam

122 1608 284 1646 Salmas.
316 1605 366 1643 ad
386 1604 507 1642 Solin.
540 1617 576 1654 p.
609 1601 692 1643 847
722 1598 916 1653 vidit**);
948 1598 1011 1635 alii
1044 1595 1258 1648 separatim
1289 1592 1394 1630 hanc
1434 1591 1499 1630 vel
1528 1591 1639 1629 illam

121 1664 361 1718 particulam
396 1675 446 1699 ex
478 1666 564 1698 toto
596 1660 691 1698 orbe
722 1662 1011 1710 exposuerunt.
1072 1655 1129 1692 lta
1158 1651 1430 1703 Lisimaelms
1462 1649 1639 1686 Alexan-

124 1724 263 1762 drinus
294 1719 343 1761 τοῖ
376 1716 562 1771 Θηβαϊκεέ
600 1724 640 1755 et
665 1714 760 1763 τοὺς
804 1713 995 1762 Νόστους,
1041 1712 1089 1750 de
1121 1711 1266 1762 quibus
1296 1710 1365 1748 inf.
1400 1709 1564 1745 Excurs.
1592 1706 1638 1745 V.

124 1781 365 1832 Euphorion
391 1784 522 1815 autem
562 1776 643 1814 suis
678 1773 926 1813 Cliiliadibus
959 1769 1026 1823 (de
1059 1770 1204 1821 quibus
1234 1782 1273 1806 v.
1297 1767 1347 1805 ad
1370 1766 1452 1803 Ecl.
1484 1765 1640 1814 V1,72)

125 1840 204 1877 suis
234 1837 329 1875 locis
360 1849 421 1874 res
453 1834 646 1872 Troianas
676 1833 920 1880 inseruerat3
950 1836 998 1867 ut
1030 1829 1077 1866 de
1108 1827 1296 1865 Laodice:
1328 1839 1366 1863 v.
1400 1825 1565 1862 Pausan.
1587 1823 1640 1871 X,

124 1900 178 1939 26
201 1902 304 1934 extr.
324 1900 364 1932 et
382 1894 450 1932 inf.
475 1894 641 1930 Excurs.
659 1892 706 1929 V.
751 1889 940 1928 Similiter
973 1887 1038 1924 alii
1066 1884 1323 1924 Grammatici
1344 1879 1391 1922 τὰ
1412 1875 1640 1936 τραγῳδοῦ-

127 1970 225 2007 μενα
256 1952 412 2004 scriptis
440 1950 708 2003 peculiaribus
740 1947 1040 1999 explicuerant,
1072 1945 1216 1995 quibus
1247 1940 1545 1993 tragoediarum
1573 1952 1642 1975 ar—

126 2018 313 2063 gumenta
344 2024 389 2047 ac
413 2009 566 2047 fabulas
597 2007 876 2060 exponebant,
920 2003 1127 2042 interdum
1173 2008 1212 2039 et
1243 1998 1643 2038 commentabantur:

128 2084 206 2121 quo
239 2082 288 2106 ex
317 2080 456 2119 genere
487 2067 642 2104 utinam
672 2069 925 2117 superessent
957 2061 1096 2099 saltem
1130 2058 1387 2110 Asclepiadae
1418 2059 1499 2095 τῶν
1531 2069 1644 2107 τραγ-

131 2126 374 2182 ῳδουμένων
413 2125 520 2162 libri!
578 2137 720 2162 verum
759 2122 806 2160 iis
846 2120 1011 2170 aliisque
1050 2118 1184 2156 multis
1223 2116 1395 2163 amissis,
1448 2112 1644 2151 nonnulla

130 2197 331 2236 supeiesse
362 2183 551 2220 videntur
582 2182 622 2219 in
650 2178 992 2231 Iii'ginifiebulis
1024 2190 1073 2214 ex
1104 2175 1308 2213 veteribus
1338 2170 1550 2223 tragoediis
1573 2183 1645 2206 ex-

132 2248 288 2294 cerpta,
320 2254 409 2278 nam
432 2241 558 2278 maior
591 2238 741 2290 operis,
775 2236 844 2274 sed
874 2236 1023 2281 luxati,
1058 2233 1204 2285 partim
1235 2233 1275 2270 in
1305 2231 1519 2282 epitomen,
1546 2241 1644 2279 par-

132 2300 204 2338 tim
236 2300 276 2336 in
309 2304 515 2350 excerpta,
552 2296 726 2343 redacti,
765 2308 857 2345 pars
889 2307 937 2330 ex
971 2292 1066 2329 orbe
1099 2291 1345 2328 Graecorum
1376 2286 1556 2339 mythico
1589 2289 1646 2322 est

132 2357 428 2399 consarcinata,
459 2362 506 2393 ut
536 2353 759 2406 inspicienti
780 2352 892 2389 facile
924 2355 1113 2401 apparet3
1145 2349 1248 2386 facto
1272 2347 1377 2384 enim
1409 2360 1430 2382 a
1460 2343 1647 2396 genealo-

131 2416 202 2466 giis
236 2415 404 2452 deorum
434 2413 550 2451 initio
592 2426 663 2464 per
694 2410 884 2448 Cadmeas
926 2422 971 2445 ac
1003 2407 1212 2445 Thebanas
1249 2404 1405 2442 fabulas
1437 2402 1488 2440 ad
1518 2401 1647 2453 Argo-

134 2473 316 2520 nautica,
350 2472 581 2509 Heracleam
615 2476 655 2508 et
682 2469 826 2507 Troica
855 2480 903 2504 ex
936 2479 1045 2503 more
1077 2461 1365 2517 pi‘oceclit***).

248 2542 329 2590 Qui
361 2549 456 2591 post
485 2541 576 2577 illos
615 2540 821 2588 scriptores
858 2537 1007 2574 iterum
1046 2541 1202 2573 veteres
1240 2530 1427 2584 mythoS,
1470 2528 1649 2578 adeoque

136 2599 255 2637 etiam
286 2599 502 2637 Troianum
533 2597 703 2644 bellum,
735 2595 850 2634 novis
881 2593 1022 2631 libellis
1044 2593 1293 2644 repetebant,
1326 2603 1416 2628 cum
1451 2586 1650 2638 antiquis-

137 2656 252 2694 simos
283 2657 497 2708 scriptores
530 2654 660 2705 sequi,
700 2659 740 2691 et
771 2652 1013 2705 tragicorum
1053 2664 1100 2688 ac
1139 2650 1360 2702 lyricorum
1401 2651 1651 2683 ceterorum-

139 2873 184 2907 98
223 2827 332 2908 ἱὲὸῦῖ.
359 2826 492 2858 Prolus.
519 2825 563 2857 de
587 2825 726 2858 saeculi
751 2825 1042 2858 Ptolemaeorum
1067 2823 1177 2868 genio
1203 2822 1237 2853 in
1265 2823 1395 2867 opusc.
1421 2818 1464 2849 T.
1487 2818 1513 2857 1,
1540 2829 1572 2861 p.
1596 2814 1652 2851 94.

233 2929 276 2971 ’Ἴ
302 2929 380 2962 Vid.
406 2929 525 2962 Notas
550 2929 598 2961 ad
621 2929 838 2975 Apollodor.
863 2942 898 2975 p.
924 2929 994 2964 936
1019 2939 1070 2972 Sq-

234 2985 291 3029 ”’)
318 2986 397 3021 Vid.
423 2985 506 3019 ibid.
531 2998 567 3031 p.
592 2987 671 3022 945.
