1779 3420
113 210 214 259 914
447 207 502 256 P.
545 203 898 256 VIRGILII
936 203 1301 255 MARONIS

113 335 236 398 Hie,
276 349 413 400 quos
438 331 604 382 durus
629 347 783 380 amor
805 330 1011 381 crudeli
1038 330 1162 380 tabe
1183 329 1411 397 peredit,

118 405 320 454 Secreti
347 403 521 454 celant
541 401 725 466 calle5‚
766 410 818 451 et
846 410 1052 465 myrtea
1075 401 1274 450 circum

208 531 280 568 442
305 534 376 566 Hic
401 532 523 566 Heius.
551 543 570 564 e
595 531 724 564 Medic.
753 536 789 563 et
824 529 869 564 al.
906 529 1047 573 Vulgo:
1083 531 1189 563 Hinc.
1237 533 1284 563 At
1320 531 1373 563 Hi
1405 527 1573 563 Rottend.
1613 534 1648 560 et

117 579 221 615 Witt.
272 592 384 625 quas,
425 579 520 625 quod
553 578 676 611 Heius.
710 577 857 621 probat,
898 576 1063 621 quoniam
1097 577 1249 610 feminae
1285 589 1365 610 mox
1398 581 1647 616 memorantur,

116 627 252 661 Zulich.
278 628 408 668 habet,
434 633 469 659 et
495 637 627 670 pronus
655 635 732 657 esse
757 624 852 657 solet
884 623 920 655 in
953 623 1083 656 talibus
1119 635 1229 657 error.
1278 625 1427 662 Tamen,
1452 623 1543 656 infra
1577 625 1647 667 Sy-

117 675 245 707 chaeus
270 685 411 718 quoque
436 673 471 705 in
496 672 622 705 iisdem
646 671 735 704 locis
769 670 933 704 occurrit.
984 671 1090 702 dirus
1113 683 1146 703 a.
1183 670 1251 702 duo
1278 671 1373 713 apud
1398 672 1509 703 Burni.
1558 682 1647 716 per-

118 722 195 767 egit
230 721 378 754 Dorvill.
424 721 578 766 peremit
612 718 772 751 nonnulli
794 717 886 750 Pier.
913 723 949 749 et
973 718 1159 749 Burmann.
1195 728 1271 749 cum
1297 717 1407 751 Goth.
1445 723 1547 758 tert.‚
1584 716 1647 749 sed

117 767 200 801 tabe
218 768 366 814 peredit
390 766 536 812 proprie
561 765 748 798 adiectum.
796 765 963 810 (peremit
987 763 1105 809 prior,
1127 764 1274 808 peredit
1298 764 1411 796 altera
1435 763 1542 797 lectio
1566 764 1647 795 Me—

118 815 220 848 dicei.
265 816 418 860 peremit
445 820 562 846 tuetur
586 812 732 847 VVakef.
758 811 803 844 ad
826 811 968 844 Lucret.
994 812 1055 853 Vl,
1091 811 1193 846 1199.
1230 810 1312 843 coll.
1347 810 1462 844 Tacit.
1496 814 1585 843 Anu.
1622 811 1648 850 1,

116 862 190 896 53.:
216 861 406 904 „Tiberius
426 880 470 884 —
487 859 600 893 omnis
626 858 704 904 spei
729 870 876 902 egenam
899 857 1021 902 inopia
1046 870 1086 890 ac
1109 857 1185 890 tab
1201 869 1219 890 e
1244 856 1319 890 Ion
1334 870 1385 902 ga
1409 857 1647 903 peremit.“

117 908 179 941 Cui
204 907 339 953 opponi
364 913 485 952 potest
508 910 593 940 Aen.
618 907 680 948 IV,
704 907 781 942 66.:
809 912 911 947 „est
934 904 1050 938 mollis
1075 903 1212 938 flamma
1237 905 1446 938 medullas.“
1493 903 1648 946 Accedit,

118 955 213 1000 quod
235 955 422 988 verborum
448 954 565 988 Taciti
591 953 658 986 alia
688 959 744 986 est
770 953 887 992 ratio,
924 952 993 985 alia
1028 950 1182 996 Virgilii.
1231 953 1274 985 Et
1303 952 1472 999 peredit,
1506 951 1648 985 verbum

117 1002 227 1035 rarius
251 1001 405 1044 lectum,
437 1001 543 1034 facile
568 999 688 1046 potuit
712 1012 788 1033 cum
823 998 960 1043 vulgari
992 1000 1147 1045 peremit
1182 999 1393 1043 permutari3
1428 998 1498 1032 vid.
1533 1000 1646 1030 Burm.

122 1049 217 1093 Wr.)
311 1048 381 1083 443
406 1049 520 1082 colles
543 1050 660 1092 Sprot.
697 1053 733 1080 et
766 1047 910 1081 Vratisl.
943 1058 1019 1079 cum
1055 1046 1163 1079 Goth.
1197 1058 1267 1080 sec.
1315 1049 1362 1079 At
1393 1052 1478 1078 tert.
1512 1045 1648 1078 caules.

118 1103 270 1130 Servant
294 1096 407 1129 colles
432 1096 488 1128 ed.
512 1097 602 1130 Ven.
652 1096 824 1128 secretae
848 1093 969 1127 valles
993 1092 1083 1126 coni.
1109 1094 1159 1126 10.
1184 1093 1402 1126 Schraderus
1417 1119 1426 1135 ‚
1465 1092 1546 1137 quia
1572 1092 1649 1125 cal-

117 1144 168 1176 les
194 1143 251 1177 vix
276 1142 345 1175 dici
371 1148 520 1187 possunt
544 1142 660 1175 celare
686 1141 858 1186 aliquem,
894 1147 930 1173 et
954 1140 1074 1173 laudat
1106 1143 1194 1174 Stat.
1232 1140 1316 1173 Silv.
1356 1142 1412 1181 111,
1445 1141 1517 1175 290
1552 1132 1643 1172 Cen*-

117 1199 318 1235 taurosque
343 1208 388 1214 —
414 1202 571 1223 aversae
604 1190 723 1222 celent
757 1188 888 1222 valles.
925 1187 1006 1220 add.
1041 1199 1118 1233 sup.
1151 1199 1183 1221 v.
1218 1187 1297 1221 138.
1334 1188 1414 1224 139.
1463 1185 1647 1220 Enimvero

117 1246 246 1270 secreti
271 1237 385 1270 calles
409 1244 491 1270 sunt
526 1236 672 1270 semitae
707 1236 744 1269 in
777 1235 866 1268 locis
899 1234 1067 1276 secretis,
1105 1240 1141 1267 et
1172 1234 1209 1266 in
1241 1233 1328 1278 ipsis
1361 1232 1547 1279 myrtetis,
1584 1245 1649 1278 per

118 1296 207 1329 quae
231 1290 389 1317 errantes
415 1284 559 1318 umbrae
591 1284 683 1317 bene
711 1282 1024 1316 dicuntur-celari
1060 1287 1096 1314 et
1129 1281 1208 1326 ipso
1241 1280 1323 1314 loco
1359 1288 1396 1314 et
1428 1280 1550 1314 semita
1584 1292 1649 1324 per

118 1344 195 1364 eum
231 1332 393 1365 ducente.

118 1387 158 1412 ta
181 1378 306 1412 calles.

117 1485 260 1535 minis,
290 1485 448 1536 quasin
472 1484 631 1537 Campis
659 1483 736 1522 illis
766 1483 855 1522 col-

117 1543 270 1582 locavit
290 1550 429 1596 poeta,
460 1543 531 1581 vix
554 1543 595 1581 in
616 1543 855 1581 miserarum

119 1601 341 1641 amantium
380 1614 550 1640 numero
584 1601 777 1653 Eriphyle
814 1607 855 1639 et

120 1662 299 1698 Caeneus
318 1659 532 1698 memorari
550 1666 731 1711 possunt.
781 1659 854 1696 Di-

120 1732 184 1756 cas
224 1719 326 1755 forte
363 1717 407 1755 in
457 1717 680 1769 deperditis
724 1717 854 1769 poetis

120 1776 240 1814 fuisse
261 1775 310 1813 de
337 1788 476 1813 eorum
505 1775 708 1813 amoribus
734 1775 855 1813 fabu-

119 1834 200 1883 las,
231 1847 330 1885 quas
360 1847 470 1871 nunc
500 1833 730 1884 ignoramus
741 1847 752 1882 3
781 1845 855 1871 ve—

120 1905 234 1939 rum,
266 1897 464 1942 quantum
489 1891 688 1942 intelligo,
721 1890 855 1929 omni-

122 1964 176 1988 no
214 1949 347 1988 invito
392 1955 512 2001 poeta
554 1955 751 1987 assertum
782 1954 854 1997 est,

122 2022 203 2046 non
237 2007 312 2045 nisi
342 2013 522 2044 amantes
557 2007 723 2045 seminas
755 2005 857 2044 haec

121 2066 210 2104 loca
248 2072 384 2103 tenere
404 2079 414 2115 3
452 2066 640 2102 heminas
678 2065 775 2113 ille,
810 2070 857 2103 ut

121 2137 218 2162 mox
238 2123 331 2161 inde
351 2137 373 2160 a
403 2123 488 2166 477
508 2122 667 2171 heroes,
699 2136 857 2161 memo-

121 2181 231 2221 ravit
258 2182 397 2234 priscis
430 2181 582 2234 mythis
622 2181 856 2230 celebratas,

125 2254 298 2290 quarum
342 2253 489 2278 nomen
538 2239 682 2291 insigni
721 2240 856 2291 aliquo

124 2298 300 2336 facinore
327 2298 481 2336 clarum
510 2298 605 2345 suit,
647 2298 759 2336 nullo
789 2310 856 2335 re-

124 2362 266 2407 spectu
310 2356 441 2394 laudis
477 2362 518 2394 et
561 2356 744 2406 virtutis3
784 2356 858 2394 etsi

126 2426 177 2451 ex
213 2412 277 2451 his
325 2414 569 2452 facinoribus
605 2415 796 2465 pleraque
836 2427 859 2450 a

127 2471 269 2509 misero
293 2485 429 2510 amore
448 2474 627 2524 prosecta
645 2478 757 2509 sunt:
786 2485 859 2510 ne-

126 2529 251 2566 sarius
288 2536 375 2567 erat
418 2544 530 2568 amor
567 2529 771 2568 Phaedrae
815 2529 860 2567 in

128 2586 395 2637 Hippolytum
424 2588 679 2638 privignum3
719 2596 760 2625 et
782 2588 860 2626 Pa-

127 2643 282 2696 siphaes
301 2644 557 2682 libidinosum
581 2659 757 2683 amorem
787 2658 859 2683 ne-

129 2715 194 2740 mo
222 2702 402 2753 ignorat3
435 2703 591 2740 Procris
626 2703 674 2740 de
711 2703 860 2751 mariti,

129 2759 316 2812 Cephali,
349 2759 428 2797 lide
458 2761 560 2797 male
586 2760 755 2798 sollicita
794 2761 859 2797 in·-

128 2818 231 2856 l'elici
251 2831 347 2855 casu
376 2817 549 2867 interiit3
579 2824 719 2855 contra
752 2818 860 2854 Eua-

131 2876 211 2914 dne
246 2882 286 2914 et
326 2875 538 2913 Laodamia
571 2875 649 2913 {ide
681 2881 722 2912 et
759 2889 859 2912 con-

130 2935 276 2972 stantia
296 2934 337 2971 in
360 2934 598 2972 maritorum
617 2934 757 2972 sunere
777 2933 860 2970 cla-

447 1330 563 1365 Etiam
601 1330 666 1364 inf.
705 1331 772 1373 1X,
810 1330 881 1365 383
916 1331 1025 1363 Rara
1056 1341 1126 1376 per
1163 1329 1326 1362 occultos
1359 1327 1506 1362 lucebat
1540 1328 1650 1361 semi-

913 1496 984 1522 rae
1010 1488 1106 1521 sunt
1116 1497 1127 1533 3
1158 1482 1297 1520 Caenis
1329 1482 1433 1521 mira
1461 1494 1580 1520 sexus
1607 1481 1649 1519 in

914 1541 1072 1581 virilem
1097 1541 1321 1580 mutatione
1341 1548 1381 1580 et
1400 1540 1529 1589 sactis,
1548 1552 1649 1591 quae

914 1600 988 1639 sub
1021 1599 1163 1638 Caenei
1197 1599 1360 1638 nomine
1390 1598 1539 1646 edidit,
1571 1612 1649 1636 no-

912 1658 1059 1697 tabilis.
1120 1659 1222 1696 Sane
1252 1657 1318 1697 vel
1356 1657 1442 1706 sic,
1485 1656 1536 1694 ad
1571 1670 1649 1694 no—

914 1723 1045 1754 strum
1082 1729 1244 1754 sensum
1291 1722 1331 1753 et
1369 1715 1584 1762 iudicium,
1627 1727 1648 1751 a

914 1780 1034 1826 poeta
1064 1774 1207 1812 melior
1245 1774 1454 1812 nominum
1482 1772 1649 1810 dilectus

915 1831 1169 1870 adhibendus
1198 1831 1317 1869 fuisse
1344 1831 1472 1870 videri
1496 1835 1650 1881 potest3

913 1889 1109 1942 potuisset
1128 1890 1269 1940 utique
1287 1889 1454 1927 laudare
1472 1888 1648 1936 seminas,

914 1961 1088 1999 quarum
1128 1947 1260 1986 virtus
1295 1953 1336 1986 et
1377 1948 1544 1985 fortuna
1577 1959 1649 1984 nos

914 2005 1092 2044 iucunda
1112 2005 1246 2056 aliqua
1272 2005 1554 2043 recordatione
1575 2004 1650 2041 de—

914 2065 1095 2103 lectaret.
1168 2063 1319 2102 verum
1340 2093 1350 2112 ‚
1400 2062 1512 2115 quod
1569 2062 1650 2100 iam

915 2123 1072 2174 saepius
1105 2122 1365 2160 observatum
1389 2127 1469 2170 est,
1501 2120 1549 2158 ab
1572 2119 1650 2158 hoc

916 2180 1133 2219 dulcissimi
1159 2180 1324 2218 aflectus
1347 2209 1357 2228 ,
1398 2179 1474 2218 nisi
1506 2178 1649 2216 coniu—

914 2239 1009 2290 galis
1028 2239 1093 2276 ille
1117 2245 1218 2276 esset
1239 2245 1279 2276 et
1303 2238 1454 2289 magnis
1475 2237 1649 2276 difficul-

915 2297 1069 2335 tatibus
1101 2296 1340 2348 implicitus,
1387 2295 1650 2334 admiratione

916 2356 958 2393 in
978 2355 1164 2393 muliebri
1185 2368 1285 2393 sexu
1319 2352 1514 2392 abhorret
1541 2353 1650 2390 anti>-

917 2413 1069 2464 quitas3
1109 2426 1184 2450 nec
1224 2412 1299 2450 nisi
1332 2426 1446 2450 casus
1476 2411 1651 2462 tragicos

916 2472 959 2510 in
980 2470 1059 2509 hoc
1080 2484 1222 2522 genere
1244 2476 1433 2508 sectatur.
1493 2471 1650 2507 Recen-

916 2530 1070 2568 tiorum
1097 2543 1191 2567 sane
1225 2534 1440 2580 poetarum
1475 2528 1650 2579 optimus

917 2588 1084 2638 quisque
1104 2587 1154 2625 ad
1177 2593 1337 2625 nostros
1355 2598 1487 2624 mores
1500 2599 1546 2622 ac
1558 2598 1649 2623 sen—

917 2659 984 2682 sus
1013 2645 1144 2683 locum
1184 2644 1294 2682 hunc
1328 2649 1480 2694 quanto
1509 2643 1650 2681 melius

914 2708 1137 2740 tractasset.
1166 2703 1649 2752 Praestantquoquever—

917 2774 983 2797 sus
1015 2760 1163 2797 Tibulli
1194 2761 1209 2797 l
1237 2759 1294 2797 El.
1330 2762 1367 2807 3,
1401 2760 1456 2801 57
1487 2760 1569 2796 Sed
1589 2773 1651 2796 me

918 2818 1028 2869 quod
1047 2818 1197 2867 saedis
1230 2825 1358 2854 tenero
1384 2831 1474 2854 sam
1497 2831 1653 2867 semper

919 2877 1062 2911 Amori
1079 2889 1162 2925 sqq.
1222 2874 1355 2926 Ipsum
1389 2874 1651 2925 Virgilianum

917 2933 1049 2970 locum
1091 2932 1277 2971 disertius
1311 2932 1524 2971 exornavit
1563 2931 1651 2970 Au-
