1827 3436
368 208 421 255 P.
446 204 629 254 VIRG.
657 204 819 253 MAR.
839 204 962 253 LIB.
987 205 1051 266 ΙΙ,
1100 210 1122 254 1
1138 213 1246 256 -6

69 367 424 454 Conticuere
447 416 661 459 omnes,
700 400 999 466 intentique
1021 416 1111 448 ora
1135 401 1400 452 tenebant.

68 473 201 526 Inde
227 480 349 519 toro
370 479 522 535 pater
549 473 750 519 Aeneas
776 469 847 519 sic
872 486 1023 518 orsus
1042 469 1105 517 ab
1128 469 1259 520 alto:

135 540 453 603 Infandum,
485 540 714 604 Regina,
754 539 904 588 iubes
927 556 1187 588 renovare
1213 539 1475 603 dolorem,

69 612 323 663 Troianas
344 618 403 659 ut
425 627 556 676 opes
577 618 629 659 et
650 609 991 658 lamentabile
1012 625 1240 674 regnum

65 681 317 734 Eruerint
334 681 529 741 Danai3
569 696 817 746 quaeque
844 680 955 746 ipse
977 680 1274 728 miserrima
1296 678 1419 741 vidi,
1549 681 1579 728 5

66 757 133 805 Et
154 767 390 819 quorum
412 767 530 817 pars
553 765 745 815 magna
769 749 858 800 fui.

136 841 182 886 3.
220 846 503 892 DOLOREM3

159 952 182 986 2
206 949 262 985 Ab
284 926 361 983 alc'o
383 958 437 982 est
456 948 585 982 Medic.
607 948 725 982 Pierii.

67 999 89 1034 4
117 999 196 1046 opis
213 999 349 1042 Hugen.
445 997 467 1032 5
492 998 574 1042 ipsa
593 997 714 1029 Franc.

126 1083 202 1120 Hic
223 1088 264 1119 et
283 1081 428 1119 tertius
448 1080 551 1118 liber
569 1081 799 1132 Episodium

68 1141 118 1179 de
169 1140 311 1178 Troiae
363 1138 519 1176 excidio
568 1138 800 1189 Aeneaeque

68 1199 273 1237 erroribus
307 1197 653 1248 complectuntur,
690 1196 801 1247 quod

68 1257 271 1310 praeclare
294 1262 413 1308 poeta
432 1255 618 1304 intexuit,
652 1255 799 1306 quippe

69 1329 161 1353 cum
181 1316 339 1353 Aeneae
366 1313 458 1351 satis
486 1313 668 1364 inprimis
699 1326 798 1350 con-

67 1374 275 1421 iunctum,
327 1378 367 1409 et
400 1371 452 1409 ad
490 1371 796 1409 admirationem

68 1431 326 1469 excitandam
356 1436 503 1467 natura
541 1442 612 1466 sua
641 1436 680 1466 et
711 1443 798 1466 ma-

67 1504 143 1541 gna
179 1502 316 1527 rerum
346 1488 453 1525 inter
484 1487 664 1524 homines
694 1488 799 1524 sama

68 1548 211 1585 eximie
260 1552 412 1598 aptum.
489 1545 613 1593 Quod
663 1551 800 1582 autem

70 1606 223 1643 Aeneae
261 1604 461 1642 narrantis
500 1609 634 1655 partes
669 1602 800 1640 tradi-

70 1664 142 1713 dit,
173 1664 215 1701 in
247 1675 292 1700 eo
324 1661 427 1700 illud
457 1660 658 1700 commodi
692 1673 799 1698 asse—

69 1728 220 1774 quutus
249 1725 308 1757 est
334 1726 476 1772 poeta,
517 1725 565 1757 ut
597 1724 680 1756 tota
703 1732 800 1756 nar-

68 1780 172 1819 ratio
210 1778 355 1825 habeat
385 1778 577 1816 maiorem
617 1776 800 1815 auctori-

68 1845 213 1887 tatem,
263 1837 463 1888 magisque
503 1835 800 1874 miserationem

69 1897 212 1946 faciat,
264 1909 357 1934 cum
389 1895 438 1932 ab
467 1908 513 1933 eo
543 1899 801 1945 exponantur

68 1969 151 2005 res,
183 1954 251 2006 qui
274 1967 410 1991 earum
427 1968 528 2004 pars
548 1966 704 2003 magna
725 1950 802 1988 fuit

69 2014 172 2066 ipse,
210 2013 392 2050 Delectus
422 2025 545 2062 porro
580 2023 714 2048 rerum
747 2009 803 2045 ita

69 2072 235 2110 relictus
259 2075 346 2108 erat
367 2075 522 2121 poetae,
553 2074 600 2106 ut
622 2068 802 2120 proferre

69 2136 232 2169 tantum
252 2142 294 2166 ea
314 2128 472 2176 liceret,
504 2139 605 2178 quae
627 2125 690 2163 vel
711 2138 801 2162 mo—

71 2195 170 2228 vent
202 2187 384 2240 inprimis
413 2186 479 2224 vel
514 2191 702 2223 ornatum
726 2182 801 2219 ad—

71 2248 260 2296 mittunt3
300 2243 480 2283 Tandem
513 2244 597 2295 ipse
633 2240 802 2279 audien-

71 2306 174 2343 tium
212 2316 420 2344 consessus
466 2308 558 2354 post
605 2300 802 2337 sollennes

72 2364 227 2415 epulas,
288 2368 330 2399 et
378 2360 543 2398 Didonis
592 2359 632 2396 in
672 2357 805 2395 Aenea

72 2421 273 2460 haerentis
306 2419 468 2468 vultus,
508 2417 651 2464 habet,
696 2413 805 2466 quod

73 2479 238 2532 legentis
286 2478 464 2516 animum
505 2471 803 2527 quodammodo

75 2538 235 2576 afficiat.
310 2536 480 2574 Noctem
518 2535 669 2586 ipsam,
725 2530 804 2568 iam

74 2602 322 2648 provectam,
340 2594 489 2632 habere
510 2603 680 2643 quoque,
696 2587 805 2639 quod

74 2661 246 2693 mentem
276 2658 434 2699 teneat,
475 2650 646 2702 putabat
674 2647 805 2697 Trap-

74 2712 174 2763 pius.
234 2713 305 2750 Est
330 2710 396 2748 hic
418 2709 519 2746 liber
550 2708 652 2745 inter
675 2705 805 2757 perse‘

75 2770 267 2808 ctissimas
319 2767 449 2820 operis
502 2780 564 2818 pai
580 2771 636 2802 tes
685 2761 807 2814 ipsius

73 2834 214 2879 poetae
240 2827 389 2865 iudicio
430 2824 612 2871 habitus,
663 2820 808 2870 quippe

75 2899 191 2936 quem
213 2899 303 2923 cum
336 2889 482 2935 quarto
514 2888 554 2918 et
583 2884 695 2917 sexto
720 2877 807 2914 Au—

73 2949 188 2993 gusto
219 2941 445 2995 speciminis
484 2940 570 2977 loco
604 2936 806 2990 praelege—

934 750 1062 812 Quis
1093 748 1211 798 talia
1240 748 1405 798 fando

832 951 854 985 3
880 962 1058 983 renovare
1088 948 1189 982 iubes
1219 950 1348 995 regina
1375 947 1497 980 Hamb.
1528 958 1579 991 pr.

858 1080 925 1117 rit.
963 1093 1001 1117 v.
1038 1093 1124 1130 sup.
1155 1080 1199 1116 T.
1231 1078 1245 1115 1
1274 1078 1363 1115 Vita
1383 1078 1428 1115 V.
1449 1091 1480 1115 c.
1517 1079 1579 1117 12.

859 1135 900 1188 ἑξ.
923 1138 977 1177 46
996 1150 1052 1186 sq.
1111 1137 1241 1184 Quem
1271 1142 1403 1173 autem
1434 1148 1482 1172 ex
1508 1149 1580 1171 an—

858 1195 1101 1245 tiquioribus
1147 1194 1273 1246 poetis
1316 1199 1404 1230 ante
1445 1193 1580 1230 oculos

858 1252 1046 1290 habuerit
1091 1251 1275 1303 Virgilius
1328 1251 1371 1288 in
1423 1250 1580 1287 excidio

857 1311 999 1348 Troiae
1035 1309 1293 1361 exponendo,
1332 1309 1580 1360 disputatum

856 1375 916 1406 est
950 1368 993 1406 in
1032 1368 1215 1405 Excursu
1258 1366 1308 1403 ad
1341 1365 1458 1404 liuius
1489 1364 1580 1402 libri

855 1426 981 1478 princ.
1024 1425 1174 1462 scilicet
1210 1424 1372 1462 Iliadem
1415 1437 1580 1475 parvam

857 1498 947 1522 cum
967 1482 1167 1534 Euripidis
1186 1482 1409 1534 tragoediis.

918 1556 953 1593 1.
983 1554 1132 1590 latensi
1164 1566 1234 1589 ora
1265 1549 1468 1597 tenebant,
1514 1563 1582 1586 or-

859 1616 970 1658 nate,
1019 1615 1134 1647 erant
1171 1609 1335 1657 intenti,
1382 1607 1583 1644 habebant

858 1669 997 1707 vultus
1014 1674 1053 1705 et
1075 1667 1209 1705 oculos
1232 1666 1410 1704 intentos
1430 1671 1469 1702 et
1486 1678 1584 1701 con-

858 1739 995 1764 versos
1029 1726 1072 1763 in
1112 1725 1297 1762 Aeneam.
1364 1723 1461 1761 Mox
1485 1736 1523 1760 v.
1558 1724 1584 1761 2

859 1785 965 1822 allus·
992 1789 1150 1821 tantum
1194 1788 1323 1820 ornat.
1392 1782 1442 1818 Et
1473 1785 1585 1818 erant

858 1842 1098 1880 tricliniares
1146 1840 1236 1878 lecti
1277 1838 1586 1890 magnificentiae

860 1914 997 1938 caussa
1026 1900 1115 1948 alti,
1150 1897 1389 1936 accedebant
1419 1894 1584 1948 pulvini.

921 1986 958 2023 3.
992 1981 1048 2019 Cf.
1069 1980 1212 2031 Odyss.
1235 1995 1262 2027 ι,
1298 1981 1348 2018 12
1372 1991 1454 2027 sqq.
1483 1982 1522 2013 et
1546 1991 1584 2026 η,

862 2039 958 2081 241.
984 2038 1079 2085 242,
1111 2033 1180 2075 sed
1204 2037 1245 2074 in
1270 2035 1430 2086 Virgilio
1454 2034 1585 2071 onmia

862 2097 1089 2146 ornatiora,
1129 2104 1171 2132 zet
1203 2108 1240 2132 v.
1268 2092 1293 2133 4
1321 2098 1460 2130 ornate
1490 2105 1583 2142 pro:

860 2155 1077 2203 narrando,
1105 2159 1149 2191 ut
1168 2165 1335 2201 regnum
1371 2151 1586 2186 'livianum

859 2215 1060 2251 evenerint
1090 2210 1262 2254 Achivi,
1311 2207 1433 2254 dixit,
1474 2220 1584 2241 erile-

862 2274 962 2319 rinl,
995 2276 1033 2306 et
1070 2270 1264 2305 'l'roianas
1299 2280 1414 2314 ofnas,
1459 2269 1498 2300 et
1522 2278 1585 2299 re-

859 2344 943 2380 gno
965 2327 1109 2365 adiecit
1127 2323 1352 2376 epitheton,
1384 2322 1585 2358 lamenla-

864 2387 959 2434 bile,
1001 2383 1107 2435 quod
1136 2380 1386 2419 lamentabile
1421 2378 1585 2415 exilium

863 2444 1016 2482 habuit.
1087 2440 1235 2478 Eadem
1266 2436 1462 2488 expressit
1493 2438 1585 2472 Sta-

862 2503 940 2540 tius
965 2514 1036 2538 suo
1066 2510 1175 2536 more
1195 2495 1317 2533 Theb.
1341 2495 1386 2542 V,
1415 2496 1469 2534 28
1502 2506 1584 2543 sqq.

920 2588 944 2626 6
967 2595 1021 2631 sq.
1054 2579 1292 2617 Reluctatur
1314 2575 1461 2612 Aeneas
1490 2587 1585 2611 nar—

863 2641 1137 2687 rationemque
1168 2633 1362 2686 principio
1396 2633 1585 2683 depreca-

864 2706 952 2747 tur,
983 2695 1146 2734 nimium
1176 2692 1278 2728 enim
1307 2690 1378 2727 sibi
1409 2689 1584 2726 animuin

864 2757 913 2795 iri
947 2758 1187 2792 commotum
1212 2747 1585 2798 lini-u111‚9·,ala1nita—

866 2821 951 2852 tuin
973 2808 1260 2853 recordatione,
1283 2819 1378 2856 quas
1404 2818 1450 2842 ne
1468 2803 1585 2840 Achi-

866 2873 904 2910 vi
929 2871 1099 2921 quidem,
1132 2864 1253 2901 cladis
1278 2869 1472 2909 auctores,
1505 2861 1585 2896 sine

864 2928 1036 2967 lacrimis
1065 2921 1266 2962 narraturi
1300 2920 1398 2969 sint,
1429 2925 1584 2957 noctem
