1779 3420
192 257 294 304 992

518 251 570 299 P.
610 248 960 299 VIRGILII
993 246 1358 297 MARONIS

192 377 347 428 Ultus
377 392 499 425 avos
524 375 716 423 Troiae
732 415 742 429 ,
782 373 978 439 templa
1005 382 1055 422 et
1077 382 1332 422 temerata
1356 373 1641 424 Minervae.

196 448 324 510 Quis
353 455 430 509 te,
467 460 659 509 magne
694 446 847 505 CatO,
891 445 1130 503 tacitum,
1169 453 1255 492 aut
1287 452 1362 507 te,
1403 445 1589 504 Cosse,
1626 459 1709 492 re-

979 513 1184 578 linquat
1195 519 1216 562 ?

196 586 325 648 Quis
347 583 569 634 Gracchi
589 598 772 646 genus,
798 591 885 630 aut
909 583 1168 645 geminos,
1191 581 1299 630 duo
1324 580 1549 631 fulmina
1570 581 1712 644 belli,

197 654 489 721 Scipiadas,
530 652 737 701 cladem
762 651 982 714 Libyae,
1020 667 1295 717 parvoque
1319 661 1601 716 potentem

290 772 358 806 842
383 779 450 803 auc
477 771 578 802 deest
603 769 731 802 Medic.
757 780 776 801 a
801 781 845 802 m.
875 781 926 813 pr.
976 771 1090 801 Conse
1114 769 1214 801 Rom.
1265 770 1404 810 Quos-se
1427 768 1561 802 Zulich.
1612 770 1715 803 Col-se

196 819 308 853 Goth.
330 824 411 851 tert.
463 819 575 857 Quam
597 816 785 849 lectionem
810 815 911 848 huius
936 828 1054 848 versus
1081 816 1145 849 Ge.
1170 814 1349 847 Fabricius
1377 814 1414 847 in
1439 816 1579 849 Donato
1612 816 1714 849 inve-

195 866 309 907 nerit,
333 876 403 897 non
430 863 569 908 assequi
600 863 695 896 licet.

197 1007 404 1045 Aeaciden
431 1020 530 1058 pro,
560 1005 790 1053 Aeacidas,
834 1005 927 1057 Epi-

197 1071 321 1113 rotas,
355 1064 484 1102 dictos
503 1063 670 1101 habeas:
701 1066 822 1101 Eruet
842 1065 925 1111 ille,

197 1123 357 1161 Paullus
381 1121 593 1171 Aemilius,
632 1123 791 1173 Argos,
827 1124 931 1173 ΖΜ)-

197 1195 343 1229 cencffl,
397 1182 608 1232 ipsamque
641 1181 839 1230 Epirum;
883 1185 931 1217 ut

197 1238 323 1276 Paulli
347 1238 591 1276 incredibilis
612 1237 838 1275 immanitas
861 1250 931 1275 re·-

199 1296 414 1349 spiciatur,
439 1310 517 1347 qua
536 1309 615 1334 una
637 1296 701 1333 die
721 1302 808 1333 tota
832 1295 930 1347 Epi-

198 1368 268 1393 rus
296 1354 453 1405 direpta
484 1360 525 1392 et
552 1355 663 1391 LXX
688 1354 931 1405 oppidorum

199 1412 305 1450 muri
345 1413 513 1450 fuerunt
549 1411 687 1450 diruti.
729 1412 812 1450 vid.
844 1412 930 1452 Liv.

199 1470 319 1518 XLV,
346 1469 412 1511 34.
447 1469 592 1508 Strabo
623 1470 704 1520 VII,
726 1484 811 1521 pag.
833 1469 930 1511 496.

200 1527 404 1566 Plutarch.
439 1528 480 1566 in
523 1527 658 1566 Paullo
709 1542 796 1579 pag.
834 1531 930 1570 271.

203 1585 373 1624 Videtur
399 1586 473 1635 sic,
505 1591 707 1636 tamquam
730 1586 779 1623 ad
805 1599 931 1624 excu-

200 1644 419 1691 sationem,
452 1644 653 1682 subiectus
683 1657 764 1681 esse
788 1658 824 1682 v.
849 1645 928 1685 841

210 1702 329 1738 Ultus
357 1715 456 1738 avos
495 1704 664 1750 Troiae,
715 1703 866 1752 templa
896 1710 931 1738 et

202 1766 393 1796 temerata
427 1761 656 1797 Ildinervae.
728 1760 834 1797 Inest
868 1758 931 1796 his

203 1822 389 1867 argutum
419 1816 593 1866 aliquid,
635 1817 745 1867 quod
775 1818 931 1868 plaeere

202 1873 339 1925 possit.
398 1873 529 1911 Minus
557 1874 657 1911 bene
682 1887 754 1925 per
781 1875 932 1914 Aeac-i-

204 1932 280 1969 den
301 1930 539 1968 Thessaliam
554 1962 563 1979 ,
580 1938 785 1982 tamquam
804 1933 932 1969 Grae-

205 1989 310 2036 ciae,
339 1989 415 2026 iam
437 2002 508 2041 per
530 1989 654 2040 Argos
684 1996 723 2027 et
745 1990 932 2041 Mycenas

205 2046 450 2098 designatae,
482 2054 636 2098 partem
655 2048 837 2096 tertiam,
866 2047 932 2084 in—

204 2104 355 2155 telligas
370 2135 379 2153 ,
418 2105 529 2144 cuius
548 2106 709 2143 fortuna
730 2120 821 2143 cum
843 2105 933 2143 Ma—

205 2162 393 2200 cedoniae
444 2163 668 2201 calamitate
717 2165 792 2202 fuit
838 2163 935 2200 satis

206 2220 420 2258 coniuncta
435 2236 444 2270 3
465 2221 536 2258 etsi
552 2221 592 2259 in
606 2235 647 2258 ea
664 2222 933 2269 eratPlzllzia,

206 2277 370 2316 Achillis
398 2279 546 2330 patria,
579 2293 656 2329 qua
682 2294 771 2317 cum
797 2279 934 2331 Myce-

206 2336 267 2373 nis
289 2342 329 2373 et
359 2335 474 2388 Argis
508 2337 677 2374 iunctim
715 2343 935 2375 memorata

208 2393 413 2430 Graeciam
452 2395 643 2433 declarari
682 2395 761 2432 iam
798 2395 863 2433 lib.
905 2395 934 2442 I,

208 2450 304 2491 284.
334 2452 416 2493 285
438 2452 611 2490 Vidimus
632 2453 673 2489 in
694 2453 808 2490 simili
830 2453 936 2490 loco:

213 2508 345 2555 Quum
367 2510 508 2546 (lomus
529 2512 649 2547 Assa]
658 2513 724 2548 (cei
741 2511 936 2547 I'llllliatn

209 2566 418 2616 clarasque
439 2570 637 2617 Mycenas
657 2570 822 2605 Servilio
837 2582 935 2618 pre-

210 2630 287 2659 met
308 2637 357 2659 ac·
376 2626 490 2660 violis
511 2625 784 2662 ‹lotmfnalac'lur
799 2627 938 2675 sltggiS.

212 2679 450 2731 Susficitper
471 2681 605 2718 solitas
629 2683 802 2720 vaticinii
823 2683 939 2720 amb-

210 2749 298 2788 ages
328 2751 405 2775 vss‚
441 2740 676 2780 839—841
706 2739 782 2777 l10c
815 2753 940 2777 unum

212 2795 432 2833 declarari:
484 2795 552 2831 Ille
605 2796 724 2844 alter,
782 2797 941 2833 Paullus

211 2853 412 2900 Aemilius,
436 2853 620 2890 Graeciae
643 2867 736 2903 opes
753 2854 831 2890 iam
852 2859 942 2890 anie

211 2910 384 2962 priorem
404 2910 529 2960 illuni,
556 2910 804 2959 Mummium,
827 2912 939 2948 sran—

210 2974 285 3018 get.
346 2968 385 3006 Si
428 2974 560 3006 tamen
580 2998 589 3017 ,
643 2968 710 3018 qui
742 2969 939 3006 Aeac-[cles

791 863 858 897 843
893 862 987 895 hello
1020 863 1111 896 Gud.
1147 874 1167 895 a
1199 873 1244 895 m.
1279 874 1331 906 pr.

196 921 362 959 nepotem
387 911 496 946 Goth,
524 917 626 953 tert.‚
651 909 798 943 ridiculo
824 917 981 955 stupore.

1428 863 1496 897 844
1524 876 1716 910 parvoque

987 1005 1060 1054 sit,
1093 1003 1366 1042 definiendum
1393 1010 1472 1043 est:
1504 1005 1715 1058 simplicis-

988 1064 1132 1101 simum
1168 1069 1227 1100 est
1267 1062 1316 1100 de
1357 1063 1499 1101 Perseo
1531 1064 1715 1115 cogitare.

987 1122 1032 1159 In
1054 1134 1120 1169 eo,
1152 1120 1261 1171 quod
1288 1126 1380 1172 post
1405 1122 1529 1159 Eruet
1564 1126 1712 1172 Argos,

988 1182 1211 1230 fllyeenas,
1246 1178 1445 1216 adiectum
1468 1185 1549 1228 est,
1575 1181 1717 1231 Ipsum

988 1237 1217 1285 Aeaciden,
1252 1235 1499 1274 haerendum
1526 1251 1607 1275 non
1640 1244 1716 1276 est:

989 1294 1035 1332 fit
1060 1294 1163 1332 enim
1180 1295 1381 1332 communi
1404 1308 1499 1344 usu,
1519 1309 1600 1334 uno
1624 1309 1717 1334 ver-

988 1353 1039 1390 bo
1061 1352 1362 1390 accommodato
1390 1352 1441 1390 ad
1472 1353 1588 1405 plura
1620 1354 1718 1391 sub-

989 1411 1109 1449 iecta:
1142 1410 1321 1461 adeoque
1346 1425 1455 1448 nunc
1488 1417 1600 1449 eruet
1631 1426 1718 1464 pro,

988 1475 1237 1521 prosternet,
1256 1469 1389 1506 vincet
1408 1468 1617 1508 Aeaciden.
1651 1470 1718 1522 (Q.

990 1527 1203 1565 Caecilium
1240 1526 1447 1570 ,Metellum
1486 1527 1719 1566 Macedoni—

990 1598 1104 1635 cum,
1139 1583 1320 1623 Andrisci
1344 1600 1373 1623 s.
1395 1585 1720 1638 Pseudophilippi

990 1643 1207 1690 victorem,
1252 1657 1272 1679 a
1308 1643 1472 1694 Virgilio
1507 1644 1720 1696 significari

989 1701 1051 1738 his
1090 1701 1272 1739 versibus
1296 1731 1305 1749 ,
1355 1701 1527 1753 probare
1566 1701 1722 1740 studuit

990 1758 1238 1797 Muenscher.
1265 1759 1380 1797 Obss.
1405 1761 1447 1796 in
1473 1762 1513 1799 V
1515 1762 1591 1811 irg.
1612 1760 1715 1797 Aen.

989 1831 1026 1868 p.
1063 1818 1117 1857 25
1138 1830 1194 1866 sq.
1255 1818 1440 1854 Ceterum
1474 1818 1556 1856 vid.
1587 1817 1636 1865 Q.
1673 1817 1718 1855 V.

990 1873 1132 1921 XVIII,
1156 1877 1194 1922 2,
1215 1889 1249 1925 g.
1285 1872 1401 1926 lVr.)

1048 1930 1195 1971 842-
1207 1931 1302 1973 845.
1324 1930 1524 1969 Notissimi
1546 1931 1587 1968 in
1601 1930 1721 1969 rebus

991 1988 1181 2026 Romanis
1206 1989 1292 2028 viri.
1357 1990 1454 2027 Cato
1488 1995 1546 2026 est
1582 1989 1720 2036 maior,

990 2046 1043 2084 M.
1065 2047 1250 2096 Porcius,
1283 2047 1352 2098 qui
1372 2053 1411 2084 et
1442 2047 1490 2085 ab
1511 2046 1594 2084 aliis
1618 2047 1722 2084 inter

993 2118 1157 2155 magnos
1194 2106 1303 2143 viros
1359 2111 1604 2143 memoratus
1643 2110 1720 2142 est:

992 2162 1189 2200 Uticensis
1211 2178 1292 2200 non
1315 2163 1414 2201 bene
1434 2163 1539 2200 inter
1557 2163 1722 2201 Cossum

993 2226 1033 2258 et
1056 2220 1259 2258 Gracchos
1278 2221 1410 2258 locum
1434 2220 1621 2270 haberet3
1649 2220 1722 2258 etsi

992 2278 1031 2316 in
1055 2278 1223 2329 Augusti
1245 2279 1412 2329 gratiam
1435 2279 1545 2316 hunc
1566 2278 1722 2316 omisis-

994 2349 1032 2372 se
1056 2337 1181 2375 videri
1202 2351 1283 2374 non
1305 2337 1434 2374 debet.
1467 2351 1503 2375 v.
1530 2336 1671 2374 Horat.
1708 2335 1722 2372 I

995 2395 1123 2432 Carm.
1153 2397 1215 2442 12,
1247 2395 1301 2437 35
1336 2401 1375 2432 et
1404 2394 1473 2432 inf.
1500 2394 1599 2440 VIII,
1628 2396 1722 2435 670.

996 2453 1049 2488 De
1067 2452 1110 2490 A.
1133 2452 1314 2489 Cornelio
1342 2454 1459 2489 Cos-so
1479 2451 1614 2502 spoliis
1635 2451 1723 2502 opi-

996 2509 1067 2547 mis
1105 2510 1212 2547 claro
1261 2524 1297 2548 v.
1336 2510 1420 2547 Liv.
1456 2509 1519 2556 IV,
1553 2512 1616 2550 19.
1654 2512 1722 2549 20.

1000 2568 1177 2604 Grac-chi
1195 2582 1324 2616 genus
1335 2582 1353 2613 ,·
1372 2567 1533 2618 respicit
1552 2566 1723 2603 maxime

998 2626 1055 2662 Ti.
1092 2625 1370 2675 Sempronium
1401 2622 1644 2671 Gracchum,
1684 2623 1722 2660 b.

999 2682 1147 2720 Punico
1188 2682 1220 2718 II
1263 2682 1426 2719 clarum.
1488 2682 1719 2731 Scipiadaffl

998 2740 1069 2777 int.
1091 2739 1321 2776 Africanum
1351 2738 1540 2775 maiorem
1570 2745 1609 2776 et
1646 2738 1723 2775 mi—

1000 2810 1162 2843 norem,
1202 2809 1291 2833 nan]
1333 2796 1551 2833 adiectum:
1590 2796 1724 2832 clades

1002 2854 1169 2903 Isrln'cze,
1194 2852 1441 2905 Carthaginis
1459 2854 1559 2891 alter
1576 2853 1724 2892 victor:

1000 2911 1099 2947 alter
1127 2923 1298 2949 eversor.
1352 2911 1513 2961 fulmen
1552 2910 1646 2947 belli
1677 2909 1725 2946 de

999 2968 1248 3020 Scipionibus
1280 2969 1442 3021 proprio
1476 2968 1608 3018 aliquo
1636 2981 1725 3005 mo-
