1779 3420
131 225 231 273 694
454 219 510 268 Ρ.
557 212 914 267 VIRGILII
959 207 1330 258 MARONIS

135 351 276 398 Tum
317 344 527 405 decuit,
589 355 754 407 quum
795 343 1002 452 scepitffgt
1041 333 1213 385 dabas.
1254 366 1322 373 —
1351 337 1431 384 En
1466 333 1644 383 dextra

936 422 953 452 1
998 420 1177 471 esque,

207 465 320 549 597.
357 507 545 544 DABAs:
662 491 942 546 FIDESQUE!

139 621 240 648 stum.
286 613 387 646 Nunc
410 611 484 644 sato
510 614 570 641 tuo
605 604 780 640 moveris?
830 604 985 637 debebas
1019 609 1093 635 tum
1125 602 1278 644 moveri,
1312 602 1473 647 adeoque
1508 602 1552 634 de
1585 601 1646 634 illo

139 659 289 695 sollicita
313 670 388 692 esse
414 664 448 690 et
468 655 511 688 de
537 666 602 695 eo,
632 652 727 696 quod
750 652 903 684 futurum
929 656 1041 690 esset,
1076 648 1253 692 cogitare,
1284 656 1355 681 tum
1389 662 1463 682 cum
1496 651 1649 681 Aeneam

139 709 175 742 in
193 706 292 751 regni
313 704 513 738 societatem
542 700 756 734 admitteres.
808 699 849 742 (F
862 704 937 731 ato
972 708 1075 742 quum
1106 696 1309 739 saepissime
1332 696 1541 737 crudelitas,
1567 707 1650 728 sae-

140 754 245 795 vitia,
277 758 312 785 et
341 751 424 795 quid
451 760 520 781 non
552 747 606 779 his
634 745 770 788 simile,
815 744 1008 786 tribuatur,
1051 754 1235 787 numquam
1270 749 1386 775 tamen
1418 742 1650 786 impietas.

139 802 231 835 Nam
249 799 342 844 quod
366 800 495 830 Seneca
521 801 611 838 trag.
644 792 767 837 Oedip.
797 804 846 825 vs.
877 792 977 826 1046.
1007 790 1110 822 dicit:
1145 790 1237 831 „fata
1268 789 1428 832 superavi
1457 789 1650 834 impia‚“

141 847 178 880 id
198 857 293 879 recte
313 844 520 888 explicatur:
546 841 646 886 plura
664 840 770 884 impie
790 838 878 880 feci,
903 850 1004 882 quam
1024 837 1130 869 fatale
1159 844 1243 869 erat.
1292 837 1403 869 Recte
1427 847 1509 868 vero
1533 838 1652 870 Wun-

142 893 306 927 derlich.:
331 889 455 936 „sacta
475 889 583 934 impia
613 886 657 920 ad
682 889 834 919 Aeneam
861 886 978 918 refero
1005 890 1154 928 propter
1180 896 1241 923 ea,
1273 895 1361 927 quae
1390 888 1654 926 praecesserant

142 952 192 973 VS.
220 938 452 974 {RQ—594„
485 935 607 979 quibus
636 933 784 978 persidia
812 932 904 965 illius
939 944 976 964 se
1016 937 1224 964 commotam
1252 937 1286 962 et
1318 930 1463 962 ultionis
1494 929 1655 974 cupidam

143 985 377 1019 ostenderat.“
424 983 469 1014 Et
495 982 556 1014 cfr.
589 980 720 1014 Tibull.
749 981 806 1017 ΙΙΙ,
836 981 869 1021 6,
894 979 950 1013 42.
984 978 1027 1010 de
1056 978 1197 1010 Theseo
1229 983 1263 1009 et
1291 977 1464 1009 Ariadne:
1500 975 1655 1020 „ingrati

142 1033 296 1066 referens
318 1028 460 1073 impia
488 1029 614 1061 facta
633 1027 731 1060 viri.“
761 1027 858 1069 lVr.)
906 1025 1053 1059 variant
1079 1024 1180 1056 etiam
1209 1023 1432 1056 Grammatici
1456 1036 1511 1068 ap.
1534 1023 1654 1055 Heins-

143 1078 226 1112 item
243 1076 408 1110 Gothani.
502 1076 571 1110 597
603 1077 705 1107 Time
730 1073 818 1106 Gud.
841 1085 916 1106 cum
935 1072 979 1105 al.
999 1071 1120 1104 Heins.
1147 1072 1264 1114 (atque
1284 1070 1332 1103 ita
1361 1070 1473 1102 edidit
1502 1070 1655 1111 Iahnius,

144 1125 311 1159 suadente
332 1123 434 1156 etiam
452 1121 724 1156 Wunderlichio
744 1121 779 1152 in
800 1121 899 1152 Obss.
919 1119 964 1151 ad
984 1118 1117 1152 Tibull.
1148 1119 1171 1158 Ι,
1200 1120 1230 1157 1,
1255 1119 1309 1151 21.
1358 1117 1427 1150 Sed
1458 1117 1527 1149 vid.
1549 1119 1590 1157 Q.
1611 1117 1655 1149 V.

143 1173 263 1212 XXV,
279 1171 313 1212 5,
331 1183 361 1204 a.
386 1176 421 1202 et
439 1169 471 1202 b.
503 1168 597 1211 Wr.)
652 1170 755 1200 Tunc
786 1167 889 1199 licuit
917 1165 1098 1204 Pam-has„
1134 1164 1197 1197 sed
1225 1164 1260 1196 in
1288 1176 1329 1197 eo
1361 1164 1656 1208 interpolationes

144 1218 312 1264 plurimas
331 1218 507 1249 observes.
556 1214 663 1259 (Male
683 1214 819 1259 signum
844 1212 1059 1246 exclamandi
1085 1211 1121 1244 in
1148 1211 1215 1243 fine
1244 1210 1346 1243 huius
1375 1222 1426 1244 vs.
1455 1217 1530 1244 erat
1555 1209 1657 1255 posi-

144 1273 236 1307 tum3
260 1264 332 1298 vid.
347 1265 433 1297 Not.
461 1265 517 1298 W
514 1260 557 1306 r.)

147 1361 314 1409 affectu,
344 1359 426 1397 sive
443 1358 547 1410 sata
569 1357 652 1395 sive
662 1354 789 1407 sac-la
807 1356 869 1393 le-
914 1353 1042 1406 facta
1070 1353 1199 1403 impia
1226 1361 1400 1403 tangunt
1414 1382 1424 1401 ,
1459 1351 1559 1389 bene
1589 1365 1659 1390 ac-

146 1433 234 1471 gas,
265 1418 453 1469 quoniam
474 1415 573 1453 haec
594 1421 631 1452 et
655 1414 810 1452 Aeneae
834 1418 872 1450 et

147 1476 311 1515 Didonis
341 1488 422 1512 esse
460 1479 654 1526 possunt,
704 1477 741 1509 et
780 1471 873 1521 quia

157 1537 260 1572 Tum
280 1534 409 1570 decuit
428 1531 603 1584 suppleri
633 1535 765 1582 potest
792 1528 873 1566 vel:

150 1593 278 1630 faeere
303 1591 401 1628 haee
434 1604 485 1628 sc.
523 1601 623 1639 quae
651 1602 689 1626 v.
717 1589 800 1628 592
819 1608 875 1616 --

151 1650 234 1691 594
275 1653 589 1695 memoraverat,
638 1645 720 1684 vel:
758 1644 875 1694 Ῐὶιοία

152 1709 281 1758 impia
335 1715 496 1756 tangere
549 1712 598 1743 te.
686 1705 877 1752 Tangam

154 1778 298 1817 porr0,
328 1761 628 1803 καθικνοῦνταί
659 1773 753 1809 σου,
786 1772 877 1797 cum

154 1835 218 1870 ea,
250 1834 349 1872 quae
371 1821 584 1871 attingunt,
615 1823 771 1869 urgent,
804 1816 879 1854 ad-

155 1884 270 1928 sunt,
300 1885 409 1925 tum,
449 1890 549 1928 quae
582 1877 758 1914 animum
787 1888 878 1912 mo—

156 1943 274 1985 vent,
314 1936 537 1987 percellunt
566 1934 630 1973 vel
662 1932 878 1980 concitant,

158 2001 288 2041 metu,
319 2001 496 2042 terrore,
540 1992 652 2038 odio,
695 2004 880 2041 quocun—-

157 2065 234 2103 que
251 2051 327 2089 alio
351 2051 583 2089 vehemente
608 2049 762 2086 affectu.
822 2048 883 2085 Ex

158 2109 340 2161 pluribus
363 2108 467 2146 hanc
485 2110 681 2146 rationem
701 2106 883 2158 probem:

161 2166 438 2205 Exhorruerat
476 2166 543 2203 illa
583 2164 703 2202 modo
734 2178 779 2201 ae
809 2163 883 2200 da-

162 2230 371 2261 mnaverat
416 2237 454 2261 v.
503 2222 585 2264 595
635 2222 884 2260 atrocitatem

165 2281 314 2318 consilii
337 2281 385 2318 de
409 2279 681 2331 persequendo
715 2286 756 2317 et
790 2292 886 2329 per-

166 2338 297 2375 dendo
324 2337 507 2387 hospite,
537 2338 645 2384 silet,
696 2343 736 2374 et
763 2349 858 2373 mox
880 2350 887 2373 ε

168 2395 276 2444 quasi
310 2407 406 2432 vero
437 2408 541 2431 nune
577 2394 737 2432 demum
781 2394 888 2431 nefas

169 2465 215 2488 ac
239 2452 363 2488 scelus
400 2451 762 2488 exhorrescendum
792 2450 889 2488 mihi

170 2509 239 2545 sit!
268 2515 355 2545 tum
376 2508 563 2545 debebam
596 2508 889 2555 exhorrescere,

172 2579 284 2613 cum,
324 2565 500 2602 defuncti
539 2566 669 2602 mariti
702 2565 891 2602 memoria

173 2623 302 2660 animo
340 2622 524 2672 expulsa,
569 2622 607 2658 in
652 2621 815 2658 thalami
847 2635 893 2657 ac

172 2680 281 2730 regni
317 2679 543 2716 societatem
586 2679 780 2729 pei-lidum
816 2677 894 2715 ho-

175 2738 315 2789 spitem
347 2736 593 2786 recipiebam.
653 2736 715 2771 Sic
747 2749 784 2773 v.
814 2734 895 2775 214

177 2808 222 2832 ae
250 2795 454 2831 (lominum
482 2793 648 2829 ,Aenean
684 2795 725 2828 ιἰι
769 2806 895 2839 regna

177 2852 346 2901 recepit5
378 2849 479 2887 adde
514 2849 630 2886 Ovid.
664 2850 785 2900 Epist.
815 2849 896 2896 Vll,

181 2911 243 2950 12.
265 2911 331 2949 90.
390 2907 576 2944 Poterant
606 2906 690 2943 illa:
732 2921 835 2943 num·
862 2914 897 2942 le

930 1411 1008 1463 cipi
1048 1410 1097 1448 de
1135 1410 1305 1462 perfidia
1346 1410 1528 1458 Aeneae,
1571 1416 1659 1447 tum

930 1482 1028 1508 vero
1055 1468 1245 1506 alterum:
1285 1476 1372 1505 tam
1409 1468 1561 1516 decuit,
1599 1468 1660 1505 fa-

932 1534 997 1565 cta
1020 1526 1140 1577 impia
1166 1531 1328 1578 tangere
1363 1533 1427 1574 te,
1458 1540 1548 1563 cum
1576 1540 1662 1562 sce-

925 1594 1023 1637 ptra
1052 1583 1180 1620 dahas
1203 1614 1212 1632 ,
1267 1583 1315 1621 ad
1349 1583 1469 1635 ipsius
1499 1583 1663 1620 Didonis

935 1642 1055 1680 fidem
1075 1641 1219 1679 marito
1238 1641 1372 1679 datam
1390 1647 1429 1678 et
1450 1655 1558 1678 nunc
1581 1641 1662 1677 lae-

935 1715 1016 1738 sam
1036 1699 1205 1737 referre:
1237 1706 1323 1737 tum
1351 1698 1521 1736 debebat
1549 1711 1663 1736 men-

935 1764 1016 1796 tem
1037 1769 1265 1808 percussam
1285 1769 1366 1793 esse
1391 1770 1434 1794 re
1462 1756 1579 1808 impie
1603 1757 1664 1794 sa-

937 1822 997 1853 eta
1031 1828 1052 1851 a
1082 1821 1121 1851 te
1152 1815 1245 1865 ipsa.
1310 1813 1410 1867 (lum
1439 1816 1592 1861 cleczct'l,
1626 1820 1665 1852 te

936 1873 1044 1924 tangi
1063 1872 1144 1909 eius
1170 1872 1359 1924 persidia,
1383 1871 1422 1910 h.
1437 1885 1468 1910 e.
1495 1873 1665 1923 cogitare

939 1932 988 1969 de
1020 1929 1185 1982 perfidia
1213 1930 1315 1979 eius,
1363 1943 1527 1981 eamque
1565 1943 1667 1980 pru-

939 1991 1081 2027 denter
1112 2001 1263 2026 cavere.
1312 1988 1439 2026 msc-ll.
1510 1987 1590 2025 vid.
1621 1987 1665 2025 V.

941 2048 981 2085 L.
1002 2045 1051 2083 ad
1074 2045 1112 2084 h.
1142 2060 1198 2084 VS.
1261 2045 1408 2094 Aliam,
1440 2045 1508 2082 sed
1540 2045 1667 2082 multo

941 2105 1072 2142 minus
1110 2103 1381 2155 probabilem,
1423 2103 1669 2154 interpreta—

942 2164 1090 2200 tionem
1152 2162 1325 2213 protulit
1384 2160 1669 2198 Muenscherus

951 2220 1172 2258 Observata
1215 2222 1256 2257 ιῖιι
1299 2219 1344 2257 V
1342 2220 1420 2269 t'rg.
1453 2219 1670 2255 sleneidetn

945 2279 1151 2316 Hanoviae
1185 2280 1305 2319 1829.
1331 2276 1391 2313 ed.
1418 2290 1500 2327 pag.
1536 2279 1584 2316 16
1614 2288 1670 2325 sq.

945 2337 1072 2387 Ipsam
1094 2335 1327 2372 sententiam
1356 2335 1479 2385 probe
1508 2346 1672 2384 perspe-

945 2394 1007 2431 xit
1038 2392 1311 2431 Wunderlich.
1373 2391 1489 2429 Vides
1525 2397 1671 2438 autem,

948 2451 1107 2500 quantis
1130 2462 1327 2500 quamque
1350 2449 1468 2486 variis
1496 2449 1672 2485 motibus

947 2514 1155 2557 quassetur
1192 2506 1352 2542 Didonis
1390 2505 1554 2544 animus.
1631 2505 1672 2541 ln

948 2565 1018 2601 tali
1062 2563 1361 2615 perturbatione
1406 2563 1566 2599 minime
1615 2568 1674 2600 est

936 2621 1117 2667 mirum,
1153 2621 1275 2657 sicubi
1311 2620 1428 2670 paulo
1462 2620 1675 2671 abruptio-

950 2691 1034 2716 rem
1089 2677 1398 2728 deprehenderis
1446 2678 1674 2716 orationem.

955 2735 1090 2782 Quare
1120 2749 1199 2772 non
1225 2735 1278 2771 ita
1310 2734 1405 2771 haec
1437 2736 1675 2785 explicabis:

955 2801 1039 2829 lant,
1077 2793 1206 2830 clm-all
1268 2792 1324 2841 fa
1337 2808 1357 2829 (-
1370 2794 1435 2829 tis
1490 2795 1591 2843 imp
1605 2795 1678 2830 iis

955 2859 1005 2886 ta
1018 2865 1043 2885 n
1054 2852 1139 2899 g·t';
1172 2849 1239 2886 scd
1262 2850 1363 2887 illud
1383 2862 1431 2886 ex
1453 2863 1678 2901 praegressa

956 2907 1136 2944 oratione
1158 2907 1306 2956 elicies,
1337 2907 1445 2957 quod
1466 2907 1527 2945 his
1546 2908 1679 2946 verbis
