1779 3420
90 234 194 287 952
416 234 472 283 Ρ.
509 232 865 283 VIRGILII
901 230 1272 281 MARONIS

91 360 190 412 Hic
213 375 382 425 genus
405 359 684 425 antiquum
710 358 905 408 Teucri
926 399 939 417 ,
974 357 1297 425 pulcerrima
1320 356 1519 424 proleS,

91 430 420 496 Magnanimi
442 429 662 492 heroes,
701 429 809 477 nati
827 428 1142 478 melioribus
1166 429 1332 491 annis,

93 501 350 569 Ilusque,
396 503 820 565 Assaracusque,
874 506 928 547 et
977 498 1171 548 Troiae
1211 497 1493 549 Dardanus
1535 514 1627 546 au-

892 576 1021 618 ctor.
1525 571 1627 620 650

65 649 71 658 “
95 644 257 693 Arma
283 638 472 707 procul
499 654 793 705 currusque
813 638 990 686 virum
1010 638 1235 685 miratur
1252 635 1434 687 inanis,

100 713 252 760 Stant
270 719 411 760 terra
440 707 645 758 defixae
668 707 873 771 hastae,
911 708 1217 774 passimque
1249 705 1410 754 soluti

97 784 204 832 Per
225 795 477 847 campum
496 787 787 846 pascuntur
807 779 946 845 equi.
1014 780 1164 841 Quae
1187 776 1349 841 gratia
1373 793 1629 827 curruum

171 877 286 927 653.
325 886 534 923 cAMPos

194 1015 264 1051 648
288 1014 428 1048 Laudat
450 1013 587 1056 locum,
627 1019 664 1047 et
691 1015 826 1048 Teucri
850 1025 979 1047 nomen
1013 1014 1058 1047 de
1083 1011 1232 1046 Teucris
1260 1010 1389 1056 accipit
1425 1014 1556 1044 Auctor
1584 1011 1632 1043 li-

100 1063 188 1097 belli
218 1063 263 1096 de
282 1062 430 1107 Augusti
451 1061 623 1107 progenie
644 1074 672 1095 c.
695 1062 728 1097 3.
824 1062 892 1097 649
920 1063 973 1095 M.
1006 1072 1183 1108 proceres
1202 1059 1350 1092 Vratisl.
1401 1059 1468 1103 (—
1488 1060 1569 1093 650.
1595 1060 1634 1090 ln

101 1111 238 1144 duobus
271 1122 352 1143 mss.
378 1110 460 1142 Ilus
489 1117 526 1142 et
554 1112 766 1143 Assaracus
797 1121 834 1141 se
864 1109 1042 1142 invenisse
1076 1107 1200 1140 scribit
1230 1107 1326 1140 Cort.
1355 1106 1400 1139 ad
1427 1107 1558 1139 Lucan.
1587 1107 1633 1146 V,

100 1159 202 1198 801.;
249 1157 346 1202 quod
388 1169 471 1190 cave
502 1156 698 1200 elegantius
727 1164 839 1200 putes.
889 1157 984 1199 Wr.)
1081 1156 1148 1190 651
1188 1155 1374 1187 mirantur
1407 1153 1508 1186 multi
1540 1152 1635 1198 apud

100 1206 223 1239 Heius.
244 1211 281 1238 et
307 1206 420 1238 Burm.
447 1210 484 1236 et
506 1204 587 1238 edd.
616 1210 698 1237 ante
724 1203 816 1236 Pier.
839 1216 917 1237 cum
935 1203 1058 1247 fragm.
1089 1201 1205 1235 Vatic.
1243 1201 1287 1234 cf,
1307 1200 1387 1235 477.
1407 1201 1487 1235 678.
1515 1201 1635 1244 (etiam

100 1252 232 1287 Medic.
260 1250 354 1296 apud
380 1251 530 1295 Foggin.
555 1258 592 1284 et
609 1253 642 1286 7.
664 1252 697 1286 8.
720 1252 775 1286 11.
797 1253 851 1286 12.
876 1263 952 1284 cum
971 1252 1132 1289 Donato3
1166 1250 1325 1281 miratur
1348 1248 1459 1280 Palat.
1488 1255 1524 1280 et
1551 1247 1636 1280 Pie-

101 1299 214 1341 riani,
239 1305 383 1341 praeter
402 1298 644 1342 Longobard,
668 1305 786 1338 recte;
811 1298 882 1332 vid.
909 1300 952 1339 Q.
975 1299 1019 1331 V.
1038 1298 1132 1338 Vlll,
1156 1297 1192 1336 2,
1217 1308 1247 1328 a.
1269 1295 1366 1339 Wr.)
1440 1295 1509 1330 652
1534 1303 1637 1327 terra

101 1346 226 1381 Heins.
248 1358 266 1379 e
289 1346 399 1379 Codd.
418 1352 503 1390 post
522 1345 674 1379 Pierium
688 1372 697 1387 ,
717 1357 787 1378 non
808 1346 915 1379 modo
935 1346 978 1378 ad
1000 1356 1123 1377 sonum
1151 1343 1290 1376 suavius
1304 1368 1312 1383 ‚
1344 1342 1407 1375 sed
1426 1349 1460 1374 et
1479 1341 1636 1386 exquisi—

102 1395 184 1428 tius.
233 1394 351 1437 Vulgo
373 1401 517 1433 terrae;
543 1393 639 1438 quod
659 1400 694 1426 et
717 1393 841 1437 fragm.
866 1392 980 1426 Vatic.
1010 1392 1131 1425 habet.
1157 1391 1277 1434 (etiam
1297 1389 1423 1428 Palat.;
1450 1389 1522 1422 vid.
1545 1391 1636 1421 Bur-

101 1452 220 1475 mann.
241 1441 286 1474 ad
308 1441 389 1483 xli,
417 1441 516 1480 13o.;
541 1449 666 1475 terrae
686 1452 757 1473 non
779 1447 834 1474 est
852 1440 1015 1480 dubium,
1055 1440 1138 1484 quin
1162 1437 1334 1470 debeatur
1362 1437 1416 1478 iis,
1443 1448 1530 1481 quae
1550 1437 1638 1469 sub—

103 1489 292 1522 iiciuntur:
328 1488 467 1520 defixae
493 1488 631 1521 hastae.
660 1489 759 1531 Wr.)
869 1489 939 1522 653
968 1499 1137 1532 campum
1167 1485 1304 1529 aliquot
1334 1484 1425 1517 Pier.
1457 1490 1493 1516 et
1517 1483 1638 1516 Heius.

104 1536 175 1570 duo
202 1535 312 1569 Goth.
338 1535 454 1580 (quam
480 1534 692 1577 lectionem,
725 1535 770 1568 ab
806 1534 950 1580 optimis
976 1534 1100 1575 libris,
1136 1532 1317 1572 Mediceo,
1350 1532 1475 1575 fragm.
1508 1530 1639 1573 Vatia,

104 1583 210 1625 Gud„
234 1582 379 1616 Mentel.
401 1594 468 1628 pr.,
493 1583 771 1617 commendatam
792 1581 975 1621 revocavi3
1002 1581 1072 1614 vid.
1096 1582 1138 1621 Q.
1159 1581 1203 1613 V.
1227 1580 1334 1619 vnn,
1360 1580 1394 1619 3,
1419 1579 1504 1618 ΧΙ.;
1539 1591 1637 1612 cam—
1698 1583 1700 1586 ’

100 1643 192 1679 pos,
219 1630 313 1675 quod
335 1636 388 1662 est
408 1630 510 1662 etiam
529 1630 565 1662 in
584 1630 694 1663 Palat.
715 1636 752 1662 et
772 1631 806 1666 7.
831 1632 899 1671 1o.,
924 1628 1066 1662 aliunde
1086 1629 1290 1660 inhaeserat
1319 1626 1542 1659 librariorum
1562 1637 1640 1658 me-

106 1678 261 1717 moriae3
305 1688 385 1709 nam
414 1676 543 1722 ubique
571 1684 757 1721 praeterea
787 1677 883 1722 apud
909 1676 1098 1720 Virgilium
1125 1687 1192 1721 per
1219 1686 1365 1719 campos
1384 1673 1536 1717 legitur,
1569 1684 1640 1706 non

105 1737 174 1772 per
192 1736 368 1769 campum.
400 1725 497 1767 JVr.)
549 1726 631 1757 Mox
660 1724 732 1757 sive
764 1737 940 1757 curruum
968 1723 1042 1755 sive
1070 1733 1220 1755 currum
1249 1720 1402 1763 scribas,
1441 1732 1560 1764 purum
1578 1733 1639 1752 re—

107 1772 203 1805 ferre
236 1779 334 1816 puto,
386 1772 423 1803 In
454 1771 564 1803 Codd.
597 1778 782 1815 utrumque
822 1771 985 1804 occurrit.
1044 1771 1205 1813 (currum
1235 1768 1311 1800 fere
1339 1768 1375 1800 in
1407 1768 1508 1800 libris
1544 1779 1640 1809 mss.,

110 1818 218 1851 etiam
245 1817 280 1850 in
299 1817 427 1850 Medic.
452 1824 488 1850 et
506 1820 538 1853 7.
558 1819 592 1852 9.
616 1821 692 1857 10.;
719 1818 841 1850 eadem
862 1825 917 1850 est
938 1818 1062 1860 fragm.
1091 1818 1172 1849 Vat.
1202 1815 1330 1856 lectio,
1363 1816 1399 1846 in
1429 1827 1497 1859 quo
1529 1814 1641 1847 altera

110 1878 135 1899 u
163 1877 184 1898 a
208 1864 405 1898 recentiore
435 1876 540 1898 manu
569 1864 832 1910 superscriptam
875 1877 1027 1898 currum
1064 1868 1262 1907 agnoscunt
1299 1861 1405 1895 etiam
1432 1861 1572 1895 Servius
1607 1869 1642 1894 et

110 1989 158 2023 ut
176 1983 366 2022 obducere
395 1997 479 2020 rem
499 1985 557 2021 rei
585 1989 626 2022 et
657 1982 846 2021 obducere

110 2056 194 2081 rem
224 2056 265 2080 re
281 2071 290 2089 ,
326 2040 512 2092 obstrepit
539 2056 600 2079 res
619 2044 678 2079 rei
705 2048 746 2079 et
769 2040 847 2079 ob-

111 2101 300 2151 strepitur
326 2114 388 2137 res
421 2113 490 2145 re,·
525 2099 663 2151 itaque
685 2098 764 2137 hoc
783 2099 848 2137 di-

114 2171 205 2197 cere
240 2164 422 2210 poetam:
464 2171 557 2209 per
585 2171 848 2207 numerOS,

113 2231 143 2256 s.
174 2216 340 2255 verba
371 2229 673 2266 numerosa,
706 2217 850 2254 oblo-

114 2275 305 2327 quitur
347 2272 592 2323 chordis,
638 2274 680 2313 h.
715 2288 748 2313 e.
781 2287 851 2313 ore

115 2334 224 2371 canit
251 2332 303 2370 ad
336 2338 488 2384 septem
511 2331 759 2372 chordarum
784 2347 852 2371 so-

115 2405 204 2430 nos.
245 2392 315 2430 W
310 2389 364 2444 r.)

176 2447 259 2490 648
271 2462 354 2499 sqq.
370 2448 522 2486 Partim
538 2447 704 2487 Hesiodi
727 2449 855 2487 ductu

106 2504 223 2560 ’Έργ.
253 2508 345 2548 159.
374 2509 455 2548 167
475 2520 582 2557 seqq.
606 2509 856 2559 pulcerrima

114 2565 264 2616 proles,
290 2564 535 2614 pulcerrimi,
567 2564 607 2602 h.
633 2579 665 2603 e.
693 2565 741 2602 de
762 2579 856 2602 cor-

119 2622 229 2675 poris
262 2621 467 2673 dignitate.
540 2622 619 2661 Sed
655 2623 857 2661 insederat

120 2679 285 2731 Virgilio
314 2679 394 2717 hoo
432 2679 643 2731 epitheton
681 2694 730 2718 ex
766 2682 855 2718 loco

120 2737 301 2785 Homeri,
333 2750 452 2788 quem
468 2739 666 2789 expressit
684 2738 794 2776 Iliad.
817 2755 855 2787 υ,

122 2799 203 2845 231
240 2809 324 2846 sqq.
345 2793 451 2843 ’Ίλος
481 2792 522 2834 τ’
551 2792 793 2848 Ἀσσάρακός
815 2811 856 2835 τε

122 2854 193 2895 καὶ
233 2849 427 2902 ἀντίθεος
469 2849 740 2905 Γανυμήδης,
782 2850 857 2900 “Ὸς

125 2910 176 2964 δή
198 2907 412 2960 κάλλιστος
429 2910 565 2965 γένετο
587 2913 756 2962 θνητῶν
782 2906 856 2950 οἷν-

124 2966 310 3022 θρώπων
328 2975 402 3008 etc.
431 2970 520 3007 nali
531 2968 760 3007 melioribzm
778 2983 857 3006 αη-

904 1983 993 2031 nis,
1037 1980 1262 2019 secundum
1288 1979 1511 2018 Hesiodum
1550 1979 1641 2029 hoc,

905 2041 932 2079 l.
956 2053 988 2078 c.
1017 2045 1057 2077 et
1076 2040 1133 2077 sic
1152 2039 1218 2077 alii
1244 2038 1293 2076 de
1316 2038 1487 2077 heroum
1521 2046 1643 2090 atque

908 2098 1029 2137 etiam
1058 2098 1107 2136 de
1133 2110 1255 2136 aurea
1278 2103 1421 2137 aetate.
1481 2098 1643 2136 Lauda-

911 2164 982 2195 tur
1009 2156 1154 2194 Catull.
1188 2155 1290 2204 LXI,
1323 2159 1410 2198 22:
1457 2156 1493 2193 O
1521 2159 1644 2193 nimis

910 2223 1048 2266 optato
1076 2215 1300 2252 saeclorum
1329 2223 1504 2264 tempore
1536 2216 1640 2262 nati,

910 2275 1086 2321 Heroes,
1126 2273 1303 2320 salvete,
1346 2273 1465 2309 deum
1494 2286 1640 2323 genus.

970 2332 1049 2373 651
1066 2331 1234 2373 -655,
1294 2330 1446 2368 lterum
1472 2331 1524 2368 ad
1549 2331 1646 2368 Pin-

913 2390 1003 2427 dari
1025 2390 1195 2427 ductum
1224 2389 1250 2427 l.
1281 2402 1313 2427 c.
1359 2389 1497 2427 Paullo
1531 2389 1647 2426 aliter

912 2447 1014 2486 haee
1046 2452 1223 2486 tractata
1260 2461 1282 2484 a
1315 2447 1481 2485 Platone
1515 2447 1589 2484 sub
1618 2447 1646 2484 f.

913 2506 981 2545 lib.
1006 2507 1045 2543 X
1074 2506 1122 2543 de
1151 2506 1249 2556 Rep.
1310 2507 1527 2543 Sectantur
1558 2504 1644 2542 ani-

913 2577 1002 2602 mae
1021 2570 1126 2602 artes
1148 2563 1295 2614 prioris
1312 2564 1430 2611 vitae,
1463 2575 1646 2600 commu-

913 2622 957 2661 ni
1001 2622 1247 2673 populorum
1300 2622 1489 2672 opinione
1527 2621 1647 2659 etiam

913 2680 1149 2718 borealium.
1198 2679 1377 2716 Eandem
1399 2692 1484 2716 rem
1504 2678 1546 2716 in
1572 2693 1648 2716 an-

914 2737 1037 2787 tiquis
1070 2749 1231 2787 quoque
1270 2737 1543 2775 monumentis
1578 2750 1648 2774 oc-

915 2808 1102 2842 currere,
1135 2800 1278 2845 putant
1299 2794 1377 2832 viri
1403 2795 1525 2834 docti.
1585 2794 1649 2832 Ad

916 2853 976 2890 sui
1000 2854 1190 2903 temporis
1218 2853 1376 2903 negotia
1400 2853 1500 2891 haec
1526 2866 1648 2891 revo—

917 2910 1026 2948 cavit
1056 2910 1174 2948 Ovid.
1204 2910 1297 2948 Met.
1328 2911 1394 2959 IV,
1426 2910 1509 2953 444
1542 2924 1649 2961 seqq.

917 2968 1060 3007 Melius
1108 2968 1219 3006 Maro
1269 2968 1471 3007 heroicam
1524 2968 1650 3007 vitam
