1779 3420
209 236 311 283 380
618 231 1314 280 EXCURSUSI

207 359 363 397 Eumeli
394 359 591 398 Corinthii
622 361 695 398 sub
725 361 1012 412 Olympiadum
1043 360 1172 409 initia,
1214 374 1282 398 seu
1313 360 1497 410 Arctini,
1529 361 1727 400 Corinthii

208 416 307 470 (non
338 417 509 470 Milesii),
542 418 916 469 Gigantomachiae,
965 417 1173 471 Φορωνὶς,
1212 420 1391 468 Δαναῒς,
1430 420 1576 467 Eoeae,
1616 420 1729 457 Nau-

203 475 383 526 pactica,
429 475 660 530 Ἡρακλεία,
714 476 1003 528 Argonautica,
1053 477 1211 527 Θηβαΐς
1252 474 1441 529 (κυκλική
1485 475 1635 530 dicta),
1677 476 1725 518 τοὶ

204 532 281 585 ἔπη
312 531 361 573 τοὶ
394 534 450 582 εἰς
490 532 562 574 τόν
596 531 770 585 πόλεμον
806 537 888 574 τῶν
922 530 1174 586 Ἐπιγόνων,
1213 529 1498 586 Ἀλκμαιωνὶς,
1538 533 1724 583 Μινυοῖς,

202 591 413 644 Αἰγίμιος,
447 592 637 644 Οἰχαλίας
668 589 836 641 ἅλωσις,
869 589 1040 644 Κήῦκος
1068 587 1223 644 γάμος,
1253 588 1514 643 Ἀμαζονικοῖ,
1548 594 1724 645 Θησηίς,·

202 662 254 686 ex
285 649 411 687 altero
444 656 577 687 autem
608 651 819 698 ArctinuS,
851 649 1038 697 LescheS,
1071 648 1251 686 Stasimus
1283 650 1465 701 Cyprius.
1525 651 1723 689 Confusus

204 720 297 744 cum
336 706 398 744 his
450 707 571 759 cyclis
611 709 745 759 cyclus
794 709 953 757 elneus,
1000 719 1119 756 quem
1157 707 1404 757 grammatici
1442 707 1721 758 Alexandrini,

200 764 457 804 Aristarchus
497 771 537 803 et
578 764 867 817 Aristophanes
906 764 1173 816 Byzantinus,
1221 766 1537 814 constituerant,
1571 765 1721 804 dilectu

199 822 305 860 inter
329 830 469 874 poetas
500 824 631 875 epicos
658 829 814 862 veteres
844 824 962 872 facto,
995 828 1035 859 et
1064 821 1311 874 principibus
1342 829 1547 874 tamquam
1576 824 1618 861 in
1650 838 1719 862 ca-

198 894 346 918 nonem
377 888 416 919 et
446 881 487 918 in
519 895 679 919 censum
711 881 870 930 relatis3
901 882 1012 919 suere
1042 880 1099 917 illi
1129 880 1351 930 Homerus,
1390 880 1610 931 Hesiodus,
1650 882 1719 920 Pi—

199 939 364 987 sander,
401 939 610 990 PanyasiS,
644 938 908 977 Antimachus
941 937 997 988 (v.
1030 938 1225 986 Quinctil.
1260 939 1310 987 X,
1346 943 1382 987 1,
1414 940 1463 981 51
1501 953 1585 990 sqq.
1616 940 1718 978 Pro-

198 997 280 1034 clus
308 996 603 1035 Chrestomath.
636 1003 675 1034 et
704 996 801 1035 hinc
830 998 975 1034 Tzetza
1007 996 1158 1047 Proleg.
1198 997 1240 1034 in
1271 996 1434 1035 Hesiod.
1476 1003 1516 1035 et
1557 998 1600 1035 in
1634 998 1716 1049 Ly—

197 1053 366 1106 cophr.).
437 1055 693 1093 Translatum
735 1061 795 1093 est
834 1054 914 1092 hoc
952 1068 1098 1093 nomen
1140 1055 1241 1106 cycli
1272 1055 1371 1107 epici
1413 1055 1534 1093 etiam
1566 1055 1618 1093 ad
1648 1056 1715 1094 illa

196 1112 277 1149 duo
310 1112 553 1164 cyclicorum
584 1126 740 1164 genera,
773 1119 972 1164 quatenus
993 1126 1057 1151 res
1078 1113 1275 1150 Troianae
1296 1119 1335 1151 et
1355 1112 1485 1164 mythi
1518 1113 1711 1152 hexame-

194 1170 268 1207 tris
301 1176 416 1208 erant
451 1172 632 1224 expositi.
692 1172 884 1209 'ri-actum
918 1171 1134 1222 aliquando
1165 1185 1310 1209 nomen
1351 1171 1402 1209 ad
1442 1171 1524 1209 duo
1564 1172 1713 1209 carmi-

191 1241 289 1265 num
320 1242 486 1279 genera,
537 1230 682 1280 quibus
722 1236 928 1280 tamquam
968 1236 1067 1267 nota
1098 1230 1227 1280 aliqua
1269 1243 1313 1268 eo
1345 1230 1430 1281 ipso
1462 1230 1711 1268 inureretur:

191 1285 381 1335 alterum,
414 1287 569 1337 quoties
599 1293 742 1339 poetae
771 1288 813 1325 in
845 1294 1083 1339 argumento
1123 1288 1201 1325 iam
1233 1288 1282 1325 ab
1314 1288 1398 1325 aliis
1429 1293 1628 1337 tractato,
1669 1288 1709 1326 in

189 1344 310 1382 rebus
341 1346 447 1382 notis
479 1360 524 1383 ac
553 1347 672 1394 tritis,
704 1348 812 1384 circa
843 1347 964 1384 vilem
986 1347 1258 1397 patulumque
1286 1352 1546 1384 morarentur
1578 1346 1709 1384 orbem

191 1399 346 1454 (Horat.
380 1403 465 1444 Art.
503 1403 623 1457 132);
664 1404 856 1454 alterum,
897 1418 1011 1454 cum,
1054 1404 1154 1456 epici
1184 1404 1370 1442 carminis
1394 1409 1560 1441 naturae
1580 1410 1619 1442 et
1639 1417 1707 1441 ar-

188 1460 239 1497 tis
276 1461 422 1511 ignari,
464 1465 738 1501 narrationem
780 1477 801 1500 a
841 1463 981 1515 primis
1023 1464 1080 1500 rei
1111 1462 1342 1514 primordiis
1381 1462 1594 1513 repetitam
1636 1475 1709 1514 per

187 1518 358 1570 singulas
377 1526 531 1571 partes,
563 1527 768 1572 tamquam
797 1521 1013 1572 scriptores
1034 1521 1261 1573 pedestres,
1295 1526 1565 1572 exponerent:
1598 1520 1707 1570 quod

187 1590 225 1614 v.
257 1591 289 1614 c.
321 1579 474 1616 Statius
505 1579 546 1616 in
569 1578 791 1617 Achilleide
822 1580 1015 1618 tentavit:
1048 1579 1099 1616 ad
1130 1579 1208 1616 hoe
1237 1592 1361 1629 genus
1392 1585 1547 1630 spectat
1572 1578 1704 1629 Epigr.

185 1634 226 1671 in
259 1634 421 1674 Anthol.
453 1636 499 1685 Il,
533 1637 588 1679 40
617 1651 655 1689 p.
690 1640 769 1679 163
801 1637 937 1689 Steph.
997 1638 1098 1676 Nata
1129 1636 1223 1674 hinc
1252 1637 1335 1674 illa:
1368 1637 1475 1687 apud
1505 1636 1704 1674 Acronem

184 1692 226 1729 in
266 1692 409 1731 Horat.
447 1694 641 1746 cyclicum
682 1701 842 1747 poetam
881 1709 983 1744 esse,
1030 1696 1099 1746 qui
1138 1696 1296 1733 variare
1339 1708 1401 1732 res
1444 1695 1614 1743 nesciat3
1664 1700 1703 1732 et

183 1750 325 1789 Isidor.
357 1751 422 1798 VI,
459 1756 510 1794 17
541 1766 584 1789 ea
617 1754 793 1791 carmina
825 1755 974 1806 cyclica
1005 1754 1165 1802 vocari,
1207 1766 1307 1803 quae
1348 1752 1540 1802 cuiusque
1570 1759 1701 1790 mate—

182 1807 264 1845 riae
295 1809 461 1861 simplici
492 1811 619 1848 sorma
650 1813 752 1849 sacta
785 1812 875 1850 sint.
936 1812 1057 1849 Hunc
1088 1812 1127 1849 in
1159 1810 1326 1848 modum
1351 1811 1604 1848 diversarum
1631 1824 1700 1848 re—

183 1880 275 1903 rum
308 1867 535 1905 discrimine
572 1870 700 1917 facto,
737 1870 874 1908 licebit
904 1869 1069 1908 tandem
1100 1869 1247 1920 aliquid
1281 1869 1381 1906 certi
1421 1874 1458 1906 et
1500 1868 1700 1920 explorati

182 1923 231 1961 de
253 1928 385 1975 poetis
415 1928 574 1977 cyclicis·
604 1928 776 1965 tradere.

296 1983 453 2021 Horum
493 1991 704 2035 poetarum
741 1999 882 2037 opera,
931 1991 1127 2036 quantum
1159 1999 1207 2023 ex
1239 1985 1488 2036 fragmentis,
1529 1990 1616 2022 tum
1648 1997 1697 2021 ex

179 2040 324 2087 Quinti
357 2043 567 2093 Smyrnaei
597 2043 834 2092 imitatione,
877 2050 916 2081 et
958 2058 1007 2081 ex
1047 2045 1292 2095 argumentis
1324 2043 1563 2095 Cypriorum
1598 2043 1695 2079 Car—

177 2098 331 2136 minum
364 2106 402 2137 et
435 2096 607 2141 Νόστων
648 2102 755 2153 apud
790 2103 998 2151 Proclum,
1039 2102 1221 2153 colligere
1252 2102 1364 2150 licet,
1405 2107 1493 2138 tota
1526 2100 1575 2137 ad
1609 2101 1695 2137 Ho-

175 2157 274 2194 meri
310 2171 391 2195 non
423 2164 502 2195 tam
534 2165 663 2197 artem
694 2174 813 2210 quam
845 2174 1067 2198 sermonem
1099 2161 1232 2212 potius
1262 2174 1307 2197 ac
1337 2160 1513 2197 colorem
1537 2164 1576 2195 et
1608 2158 1694 2209 epi—

175 2228 260 2251 cam
293 2215 509 2254 dictionem
549 2217 628 2255 fuit
673 2219 903 2270 composita.
976 2219 1055 2255 Nec
1098 2225 1231 2256 tamen
1275 2231 1336 2256 res
1375 2217 1483 2254 intra
1522 2217 1694 2268 poetices

173 2272 301 2322 spatia
333 2274 533 2324 substitit,
573 2276 642 2313 sed
673 2276 834 2314 liberius
878 2284 937 2315 est
976 2283 1151 2327 evagata.
1211 2277 1335 2324 Nam,
1376 2289 1465 2313 cum
1498 2274 1693 2327 pedestris

173 2331 365 2368 orationis
408 2346 501 2370 usus
543 2340 583 2371 et
619 2335 748 2372 cultus
780 2335 1073 2373 increbrescere
1115 2335 1221 2372 inter
1264 2336 1437 2372 Graecos
1487 2333 1690 2384 coepisset,

171 2388 368 2438 multique
399 2397 550 2438 essent,
582 2392 650 2441 qui
682 2393 977 2444 antiquissimos
1008 2393 1170 2444 mythos
1200 2392 1468 2441 historiasque
1491 2391 1689 2437 Graeciae,

171 2446 318 2495 partini
350 2447 596 2498 singularum
632 2450 793 2488 urbium
825 2452 992 2500 sabulis,
1034 2451 1289 2501 religionibus
1321 2464 1366 2486 ac
1396 2449 1538 2496 sacris,
1582 2447 1690 2485 sestis

171 2516 216 2539 ac
247 2504 414 2553 ritibus,
454 2506 635 2544 locorum
668 2508 786 2545 etiam
819 2509 1110 2557 monumentis,
1153 2509 1478 2559 *templorumque
1511 2506 1688 2543 donariis

170 2569 443 2609 consecratas,
495 2565 643 2614 partim
695 2579 744 2602 ex
789 2567 928 2616 priscis
971 2566 1235 2614 carminibus,
1292 2577 1393 2615 quae
1439 2569 1685 2615 supererant,

169 2619 357 2656 collectas
391 2621 533 2658 litteris
567 2623 829 2671 mandarent,
870 2625 973 2661 inter
1004 2638 1103 2674 quos
1135 2624 1381 2673 Pherecydes
1410 2622 1682 2667 fltlzetziensis,

167 2682 208 2713 et
240 2679 461 2714 Acus-ilaus
500 2679 708 2728 Affigt'mw,
760 2683 998 2718 ,lla-atavus
1038 2682 1253 2727 „illisas-ins,
1297 2686 1336 2716 et
1376 2686 1467 2731 post
1504 2679 1577 2717 hos
1619 2680 1683 2716 alii

168 2736 399 2787 Θεογονιῶν
430 2742 635 2785 auctores,
667 2739 901 2789 genealogiis
934 2739 1100 2776 deorum
1134 2752 1178 2774 ac
1210 2737 1470 2787 cosmogoniis
1502 2738 1682 2775 conden-

165 2792 225 2829 dis
257 2792 438 2844 inprimis
469 2793 763 2843 inclaruerant,
794 2803 1070 2834 successerunt
1103 2796 1189 2843 alii,
1223 2796 1290 2847 qui
1322 2797 1569 2834 Graecorum
1592 2802 1682 2847 post

164 2848 385 2900 mythicum
420 2858 577 2902 tempus
614 2852 818 2900 historias,
851 2867 974 2904 eoque
1008 2855 1125 2891 etiam
1158 2854 1304 2892 bellum
1338 2854 1557 2892 Troianum
1588 2867 1682 2905 per—

162 2908 401 2956 scriberent,
434 2909 541 2947 inter
572 2924 672 2960 quos
704 2911 834 2949 nescio
866 2926 914 2949 an
946 2914 1074 2963 primo
1097 2913 1182 2950 loro
1211 2914 1470 2949 llellanfz'vmn
1490 2911 1681 2949 ‚Lesbium

157 2980 328 3019 ponam,
374 2967 485 3005 cuius
519 2981 706 3020 magnum
740 2982 839 3020 opus
872 2970 1060 3023 ἱστοριῶν
1103 2971 1220 3009 fuisse
1252 2971 1436 3021 videtur,
1488 2971 1538 3008 ad
1569 2969 1676 3021 quod
