<?xml version="1.0" encoding="UTF-8"?>
<!DOCTYPE html PUBLIC "-//W3C//DTD XHTML 1.0 Transitional//EN"
    "http://www.w3.org/TR/xhtml1/DTD/xhtml1-transitional.dtd">
<html xmlns="http://www.w3.org/1999/xhtml" xml:lang="en" lang="en">
 <head>
  <title>
</title>
<meta http-equiv="Content-Type" content="text/html;charset=utf-8" />
  <meta name='ocr-system' content='tesseract 3.04.00' />
  <meta name='ocr-capabilities' content='ocr_page ocr_carea ocr_par ocr_line ocrx_word'/>
</head>
<body>
  <div class='ocr_page' id='page_1' title='image "./publiusvirgilius02virguoft/publiusvirgilius02virguoft_0570.png"; bbox 0 0 1779 3420; ppageno 0'>
   <div class='ocr_carea' id='block_1_1' title="bbox 121 198 1235 257">
    <p class='ocr_par' dir='ltr' id='par_1_1' title="bbox 121 198 1235 257">
     <span class='ocr_line' id='line_1_1' title="bbox 121 198 1235 257; baseline -0.011 0"><span class='ocrx_word' id='word_1_1' title='bbox 121 208 223 257; x_wconf 77' lang='lat'><strong>562</strong></span> <span class='ocrx_word' id='word_1_2' title='bbox 524 198 1235 250; x_wconf 86' lang='lat' dir='ltr'>EXCURSUSI</span> 
     </span>
    </p>
   </div>
   <div class='ocr_carea' id='block_1_2' title="bbox 110 327 1650 2981">
    <p class='ocr_par' dir='ltr' id='par_1_2' title="bbox 110 327 1647 721">
     <span class='ocr_line' id='line_1_2' title="bbox 125 327 1644 385; baseline -0.007 -11"><span class='ocrx_word' id='word_1_3' title='bbox 125 344 162 374; x_wconf 88' lang='lat' dir='ltr'><strong>et</strong></span> <span class='ocrx_word' id='word_1_4' title='bbox 191 334 475 385; x_wconf 80' lang='lat' dir='ltr'><em>indigenarum</em></span> <span class='ocrx_word' id='word_1_5' title='bbox 505 332 760 370; x_wconf 78' lang='lat' dir='ltr'><strong>humanitate</strong></span> <span class='ocrx_word' id='word_1_6' title='bbox 790 331 953 367; x_wconf 64' lang='lat' dir='ltr'><strong>invitati</strong></span> <span class='ocrx_word' id='word_1_7' title='bbox 992 337 1028 366; x_wconf 88' lang='lat' dir='ltr'><strong>et</strong></span> <span class='ocrx_word' id='word_1_8' title='bbox 1058 329 1231 367; x_wconf 66' lang='lat' dir='ltr'><strong>adversa</strong></span> <span class='ocrx_word' id='word_1_9' title='bbox 1270 327 1535 378; x_wconf 74' lang='lat' dir='ltr'><strong>navigatione</strong></span> <span class='ocrx_word' id='word_1_10' title='bbox 1563 327 1644 363; x_wconf 89' lang='lat' dir='ltr'><strong>im-</strong></span> 
     </span>
     <span class='ocr_line' id='line_1_3' title="bbox 118 383 1646 445; baseline -0.007 -14"><span class='ocrx_word' id='word_1_11' title='bbox 118 394 265 445; x_wconf 80' lang='lat' dir='ltr'><strong>pediti.</strong></span> <span class='ocrx_word' id='word_1_12' title='bbox 337 393 486 430; x_wconf 88' lang='lat' dir='ltr'><strong>Veneri</strong></span> <span class='ocrx_word' id='word_1_13' title='bbox 525 393 567 428; x_wconf 86' lang='lat' dir='ltr'><strong>in</strong></span> <span class='ocrx_word' id='word_1_14' title='bbox 607 389 779 440; x_wconf 74' lang='lat' dir='ltr'><strong>templo,</strong></span> <span class='ocrx_word' id='word_1_15' title='bbox 823 388 932 439; x_wconf 76' lang='lat' dir='ltr'><strong>quod</strong></span> <span class='ocrx_word' id='word_1_16' title='bbox 971 386 1028 424; x_wconf 80' lang='lat' dir='ltr'><strong>ibi</strong></span> <span class='ocrx_word' id='word_1_17' title='bbox 1057 393 1355 432; x_wconf 75' lang='lat' dir='ltr'><em>exstruxerant,</em></span> <span class='ocrx_word' id='word_1_18' title='bbox 1396 383 1646 432; x_wconf 71' lang='lat' dir='ltr'><strong>sacrificium</strong></span> 
     </span>
     <span class='ocr_line' id='line_1_4' title="bbox 110 442 1642 502; baseline -0.007 -13"><span class='ocrx_word' id='word_1_19' title='bbox 110 452 305 502; x_wconf 83' lang='lat' dir='ltr'><strong>faciunt,</strong></span> <span class='ocrx_word' id='word_1_20' title='bbox 350 449 459 501; x_wconf 77' lang='lat' dir='ltr'><strong>quod</strong></span> <span class='ocrx_word' id='word_1_21' title='bbox 489 448 547 486; x_wconf 74' lang='lat' dir='ltr'><strong>ad</strong></span> <span class='ocrx_word' id='word_1_22' title='bbox 569 447 645 484; x_wconf 74' lang='lat' dir='ltr'><strong>hoc</strong></span> <span class='ocrx_word' id='word_1_23' title='bbox 672 460 797 497; x_wconf 80' lang='lat' dir='ltr'><strong>usqne</strong></span> <span class='ocrx_word' id='word_1_24' title='bbox 831 453 988 495; x_wconf 73' lang='lat' dir='ltr'><strong>tempus</strong></span> <span class='ocrx_word' id='word_1_25' title='bbox 1029 444 1246 496; x_wconf 66' lang='lat' dir='ltr'><strong>Zacynthii</strong></span> <span class='ocrx_word' id='word_1_26' title='bbox 1270 442 1434 494; x_wconf 73' lang='lat' dir='ltr'><strong>publice</strong></span> <span class='ocrx_word' id='word_1_27' title='bbox 1455 442 1642 493; x_wconf 74' lang='lat' dir='ltr'><strong>jaciunt,</strong></span> 
     </span>
     <span class='ocr_line' id='line_1_5' title="bbox 123 501 1641 551; baseline -0.007 -5"><span class='ocrx_word' id='word_1_28' title='bbox 123 517 160 546; x_wconf 90' lang='lat' dir='ltr'><strong>et</strong></span> <span class='ocrx_word' id='word_1_29' title='bbox 189 522 280 547; x_wconf 87' lang='lat' dir='ltr'><strong>cum</strong></span> <span class='ocrx_word' id='word_1_30' title='bbox 310 508 396 544; x_wconf 76' lang='lat' dir='ltr'><strong>alia</strong></span> <span class='ocrx_word' id='word_1_31' title='bbox 427 515 513 544; x_wconf 87' lang='lat' dir='ltr'><strong>tum</strong></span> <span class='ocrx_word' id='word_1_32' title='bbox 550 507 674 542; x_wconf 87' lang='lat' dir='ltr'><strong>etiam</strong></span> <span class='ocrx_word' id='word_1_33' title='bbox 702 517 841 540; x_wconf 76' lang='lat' dir='ltr'><strong>cursus</strong></span> <span class='ocrx_word' id='word_1_34' title='bbox 879 504 1103 540; x_wconf 85' lang='lat' dir='ltr'><strong>certamina</strong></span> <span class='ocrx_word' id='word_1_35' title='bbox 1142 501 1360 539; x_wconf 83' lang='lat' dir='ltr'><strong>iunioribus</strong></span> <span class='ocrx_word' id='word_1_36' title='bbox 1395 507 1641 551; x_wconf 76' lang='lat' dir='ltr'><strong>proponunt.</strong></span> 
     </span>
     <span class='ocr_line' id='line_1_6' title="bbox 130 559 1645 616; baseline -0.008 -11"><span class='ocrx_word' id='word_1_37' title='bbox 130 568 334 607; x_wconf 76' lang='lat' dir='ltr'><em>Victoriae</em></span> <span class='ocrx_word' id='word_1_38' title='bbox 357 565 592 616; x_wconf 75' lang='lat' dir='ltr'><strong>praemium</strong></span> <span class='ocrx_word' id='word_1_39' title='bbox 621 569 758 599; x_wconf 81' lang='lat' dir='ltr'><strong>autem</strong></span> <span class='ocrx_word' id='word_1_40' title='bbox 786 562 935 610; x_wconf 80' lang='lat' dir='ltr'><strong>accipit</strong></span> <span class='ocrx_word' id='word_1_41' title='bbox 966 563 1024 606; x_wconf 67' lang='lat' dir='ltr'><strong>is,</strong></span> <span class='ocrx_word' id='word_1_42' title='bbox 1073 562 1143 612; x_wconf 78' lang='lat' dir='ltr'><strong>qui</strong></span> <span class='ocrx_word' id='word_1_43' title='bbox 1170 560 1364 609; x_wconf 79' lang='lat' dir='ltr'><strong>templum</strong></span> <span class='ocrx_word' id='word_1_44' title='bbox 1391 559 1549 609; x_wconf 73' lang='lat' dir='ltr'><strong>primus</strong></span> <span class='ocrx_word' id='word_1_45' title='bbox 1580 559 1645 594; x_wconf 81' lang='lat' dir='ltr'><strong>in-</strong></span> 
     </span>
     <span class='ocr_line' id='line_1_7' title="bbox 121 616 1647 677; baseline -0.007 -15"><span class='ocrx_word' id='word_1_46' title='bbox 121 625 317 677; x_wconf 74' lang='lat' dir='ltr'><strong>greditur.</strong></span> <span class='ocrx_word' id='word_1_47' title='bbox 386 622 532 659; x_wconf 78' lang='lat' dir='ltr'><strong>Cursus</strong></span> <span class='ocrx_word' id='word_1_48' title='bbox 562 628 696 657; x_wconf 86' lang='lat' dir='ltr'><strong>autem</strong></span> <span class='ocrx_word' id='word_1_49' title='bbox 737 618 802 655; x_wconf 76' lang='lat' dir='ltr'><strong>ln&#39;c</strong></span> <span class='ocrx_word' id='word_1_50' title='bbox 832 618 994 655; x_wconf 77' lang='lat' dir='ltr'><em>Aeneae</em></span> <span class='ocrx_word' id='word_1_51' title='bbox 1025 626 1061 654; x_wconf 84' lang='lat' dir='ltr'><strong>et</strong></span> <span class='ocrx_word' id='word_1_52' title='bbox 1105 619 1271 656; x_wconf 60' lang='lat' dir='ltr'><strong>W&#39;eneris</strong></span> <span class='ocrx_word' id='word_1_53' title='bbox 1300 616 1562 666; x_wconf 75' lang='lat' dir='ltr'><strong>appellatur;</strong></span> <span class='ocrx_word' id='word_1_54' title='bbox 1611 623 1647 652; x_wconf 83' lang='lat' dir='ltr'><strong>et</strong></span> 
     </span>
     <span class='ocr_line' id='line_1_8' title="bbox 124 679 728 721; baseline -0.013 0"><span class='ocrx_word' id='word_1_55' title='bbox 124 683 288 721; x_wconf 76' lang='lat' dir='ltr'><em>adstant</em></span> <span class='ocrx_word' id='word_1_56' title='bbox 315 679 524 718; x_wconf 80' lang='lat' dir='ltr'><strong>amborum</strong></span> <span class='ocrx_word' id='word_1_57' title='bbox 554 686 728 715; x_wconf 76' lang='lat' dir='ltr'><strong>statuae.</strong></span> 
     </span>
    </p>

    <p class='ocr_par' dir='ltr' id='par_1_3' title="bbox 123 730 1648 1194">
     <span class='ocr_line' id='line_1_9' title="bbox 238 730 1646 785; baseline -0.007 -8"><span class='ocrx_word' id='word_1_58' title='bbox 238 739 410 777; x_wconf 81' lang='lat' dir='ltr'><strong>Faciunt</strong></span> <span class='ocrx_word' id='word_1_59' title='bbox 439 742 477 774; x_wconf 85' lang='lat' dir='ltr'><strong>et</strong></span> <span class='ocrx_word' id='word_1_60' title='bbox 505 735 605 773; x_wconf 79' lang='lat' dir='ltr'><strong>haec</strong></span> <span class='ocrx_word' id='word_1_61' title='bbox 638 734 688 772; x_wconf 87' lang='lat' dir='ltr'><strong>ad</strong></span> <span class='ocrx_word' id='word_1_62' title='bbox 719 739 859 785; x_wconf 84' lang='lat' dir='ltr'><strong>poetae</strong></span> <span class='ocrx_word' id='word_1_63' title='bbox 891 732 1018 769; x_wconf 68' lang='lat' dir='ltr'><strong>nostri</strong></span> <span class='ocrx_word' id='word_1_64' title='bbox 1053 737 1180 768; x_wconf 82' lang='lat' dir='ltr'><strong>artem</strong></span> <span class='ocrx_word' id='word_1_65' title='bbox 1215 730 1518 784; x_wconf 80' lang='lat' dir='ltr'>agnoscendam.</span> <span class='ocrx_word' id='word_1_66' title='bbox 1566 730 1646 766; x_wconf 86' lang='lat' dir='ltr'><strong>Za-</strong></span> 
     </span>
     <span class='ocr_line' id='line_1_10' title="bbox 125 787 1648 851; baseline -0.007 -15"><span class='ocrx_word' id='word_1_67' title='bbox 125 797 322 851; x_wconf 82' lang='lat' dir='ltr'><strong>cynthum</strong></span> <span class='ocrx_word' id='word_1_68' title='bbox 360 796 425 833; x_wconf 88' lang='lat' dir='ltr'><strong>ille</strong></span> <span class='ocrx_word' id='word_1_69' title='bbox 464 801 624 832; x_wconf 79' lang='lat' dir='ltr'><strong>tantum</strong></span> <span class='ocrx_word' id='word_1_70' title='bbox 667 791 827 829; x_wconf 81' lang='lat' dir='ltr'><strong>nomine</strong></span> <span class='ocrx_word' id='word_1_71' title='bbox 867 790 997 841; x_wconf 69' lang='lat' dir='ltr'><strong>attigit</strong></span> <span class='ocrx_word' id='word_1_72' title='bbox 1035 789 1102 827; x_wconf 87' lang='lat' dir='ltr'><strong>lib.</strong></span> <span class='ocrx_word' id='word_1_73' title='bbox 1146 789 1207 837; x_wconf 83' lang='lat' dir='ltr'><strong>HI,</strong></span> <span class='ocrx_word' id='word_1_74' title='bbox 1251 792 1357 838; x_wconf 80' lang='lat'>2703</span> <span class='ocrx_word' id='word_1_75' title='bbox 1405 787 1648 826; x_wconf 76' lang='lat' dir='ltr'>narrationis</span> 
     </span>
     <span class='ocr_line' id='line_1_11' title="bbox 125 845 1648 899; baseline -0.007 -5"><span class='ocrx_word' id='word_1_76' title='bbox 125 869 279 894; x_wconf 82' lang='lat' dir='ltr'><strong>moram</strong></span> <span class='ocrx_word' id='word_1_77' title='bbox 327 867 423 892; x_wconf 87' lang='lat' dir='ltr'><strong>vero</strong></span> <span class='ocrx_word' id='word_1_78' title='bbox 470 851 564 889; x_wconf 84' lang='lat' dir='ltr'><strong>fecit</strong></span> <span class='ocrx_word' id='word_1_79' title='bbox 611 850 762 888; x_wconf 85' lang='lat' dir='ltr'><strong>nullam</strong></span> <span class='ocrx_word' id='word_1_80' title='bbox 803 848 878 886; x_wconf 83' lang='lat' dir='ltr'><strong>nisi</strong></span> <span class='ocrx_word' id='word_1_81' title='bbox 925 848 968 885; x_wconf 90' lang='lat' dir='ltr'><strong>in</strong></span> <span class='ocrx_word' id='word_1_82' title='bbox 1014 846 1310 899; x_wconf 78' lang='lat' dir='ltr'><strong>Stroplladibus</strong></span> <span class='ocrx_word' id='word_1_83' title='bbox 1360 845 1648 894; x_wconf 84' lang='lat' dir='ltr'><strong>adiacentibus,</strong></span> 
     </span>
     <span class='ocr_line' id='line_1_12' title="bbox 125 904 1648 966; baseline -0.007 -15"><span class='ocrx_word' id='word_1_84' title='bbox 125 914 272 966; x_wconf 86' lang='lat' dir='ltr'>quippe</span> <span class='ocrx_word' id='word_1_85' title='bbox 315 924 412 962; x_wconf 85' lang='lat' dir='ltr'><strong>quas</strong></span> <span class='ocrx_word' id='word_1_86' title='bbox 455 909 620 948; x_wconf 77' lang='lat' dir='ltr'><strong>videbat</strong></span> <span class='ocrx_word' id='word_1_87' title='bbox 661 913 850 945; x_wconf 86' lang='lat' dir='ltr'><strong>ornatum</strong></span> <span class='ocrx_word' id='word_1_88' title='bbox 889 919 941 943; x_wconf 82' lang='lat' dir='ltr'><strong>ex</strong></span> <span class='ocrx_word' id='word_1_89' title='bbox 980 907 1156 956; x_wconf 81' lang='lat' dir='ltr'>antiquis</span> <span class='ocrx_word' id='word_1_90' title='bbox 1199 905 1247 942; x_wconf 88' lang='lat' dir='ltr'><strong>de</strong></span> <span class='ocrx_word' id='word_1_91' title='bbox 1287 905 1477 956; x_wconf 79' lang='lat' dir='ltr'>Harpyiis</span> <span class='ocrx_word' id='word_1_92' title='bbox 1503 904 1648 941; x_wconf 83' lang='lat' dir='ltr'><strong>sabulis</strong></span> 
     </span>
     <span class='ocr_line' id='line_1_13' title="bbox 125 961 1647 1017; baseline -0.007 -8"><span class='ocrx_word' id='word_1_93' title='bbox 125 972 348 1010; x_wconf 78' lang='lat' dir='ltr'><strong>admittere.</strong></span> <span class='ocrx_word' id='word_1_94' title='bbox 408 968 554 1016; x_wconf 80' lang='lat' dir='ltr'><strong>Porro,</strong></span> <span class='ocrx_word' id='word_1_95' title='bbox 591 979 692 1017; x_wconf 88' lang='lat' dir='ltr'><strong>quae</strong></span> <span class='ocrx_word' id='word_1_96' title='bbox 722 963 891 1002; x_wconf 81' lang='lat' dir='ltr'><strong>historia</strong></span> <span class='ocrx_word' id='word_1_97' title='bbox 925 963 974 1001; x_wconf 86' lang='lat' dir='ltr'><strong>de</strong></span> <span class='ocrx_word' id='word_1_98' title='bbox 1005 963 1111 1001; x_wconf 84' lang='lat' dir='ltr'><strong>ludis</strong></span> <span class='ocrx_word' id='word_1_99' title='bbox 1142 963 1182 1000; x_wconf 90' lang='lat' dir='ltr'><strong>in</strong></span> <span class='ocrx_word' id='word_1_100' title='bbox 1213 962 1341 1001; x_wconf 78' lang='lat' dir='ltr'><strong>insula</strong></span> <span class='ocrx_word' id='word_1_101' title='bbox 1367 961 1575 1014; x_wconf 75' lang='lat' dir='ltr'><strong>Zacyntho</strong></span> <span class='ocrx_word' id='word_1_102' title='bbox 1598 962 1647 998; x_wconf 86' lang='lat' dir='ltr'><strong>ab</strong></span> 
     </span>
     <span class='ocr_line' id='line_1_14' title="bbox 125 1020 1648 1072; baseline -0.007 -5"><span class='ocrx_word' id='word_1_103' title='bbox 125 1030 256 1067; x_wconf 81' lang='lat' dir='ltr'><strong>Aenea</strong></span> <span class='ocrx_word' id='word_1_104' title='bbox 299 1026 507 1064; x_wconf 76' lang='lat' dir='ltr'><strong>celebratis</strong></span> <span class='ocrx_word' id='word_1_105' title='bbox 547 1024 797 1070; x_wconf 76' lang='lat' dir='ltr'>tradiderat,</span> <span class='ocrx_word' id='word_1_106' title='bbox 839 1035 883 1059; x_wconf 89' lang='lat' dir='ltr'><strong>ea</strong></span> <span class='ocrx_word' id='word_1_107' title='bbox 925 1021 976 1059; x_wconf 83' lang='lat' dir='ltr'><strong>ad</strong></span> <span class='ocrx_word' id='word_1_108' title='bbox 1019 1021 1177 1059; x_wconf 87' lang='lat' dir='ltr'><strong>Actium</strong></span> <span class='ocrx_word' id='word_1_109' title='bbox 1221 1035 1362 1072; x_wconf 84' lang='lat' dir='ltr'><strong>magna</strong></span> <span class='ocrx_word' id='word_1_110' title='bbox 1399 1035 1490 1058; x_wconf 88' lang='lat' dir='ltr'><strong>cum</strong></span> <span class='ocrx_word' id='word_1_111' title='bbox 1530 1020 1648 1058; x_wconf 84' lang='lat' dir='ltr'><strong>laude</strong></span> 
     </span>
     <span class='ocr_line' id='line_1_15' title="bbox 126 1080 1647 1139; baseline -0.007 -14"><span class='ocrx_word' id='word_1_112' title='bbox 126 1093 246 1139; x_wconf 77' lang='lat' dir='ltr'><strong>poeta</strong></span> <span class='ocrx_word' id='word_1_113' title='bbox 276 1084 509 1131; x_wconf 76' lang='lat' dir='ltr'><strong>transtulit,</strong></span> <span class='ocrx_word' id='word_1_114' title='bbox 547 1090 595 1120; x_wconf 84' lang='lat' dir='ltr'><strong>ut</strong></span> <span class='ocrx_word' id='word_1_115' title='bbox 626 1081 872 1133; x_wconf 78' lang='lat' dir='ltr'><strong>Augustum,</strong></span> <span class='ocrx_word' id='word_1_116' title='bbox 911 1080 1166 1118; x_wconf 74' lang='lat' dir='ltr'><strong>Actiacorum</strong></span> <span class='ocrx_word' id='word_1_117' title='bbox 1203 1080 1394 1118; x_wconf 85' lang='lat' dir='ltr'><strong>ludorum</strong></span> <span class='ocrx_word' id='word_1_118' title='bbox 1427 1084 1647 1126; x_wconf 78' lang='lat' dir='ltr'><strong>auctorem,</strong></span> 
     </span>
     <span class='ocr_line' id='line_1_16' title="bbox 123 1138 1218 1194; baseline -0.008 -11"><span class='ocrx_word' id='word_1_119' title='bbox 123 1145 202 1184; x_wconf 89' lang='lat' dir='ltr'><strong>hoc</strong></span> <span class='ocrx_word' id='word_1_120' title='bbox 230 1150 434 1194; x_wconf 82' lang='lat' dir='ltr'><strong>tamquam</strong></span> <span class='ocrx_word' id='word_1_121' title='bbox 462 1141 740 1179; x_wconf 81' lang='lat' dir='ltr'><strong>blandimento</strong></span> <span class='ocrx_word' id='word_1_122' title='bbox 772 1138 965 1176; x_wconf 83' lang='lat' dir='ltr'><strong>demereri</strong></span> <span class='ocrx_word' id='word_1_123' title='bbox 996 1138 1218 1175; x_wconf 79' lang='lat' dir='ltr'><strong>videretur.</strong></span> 
     </span>
    </p>

    <p class='ocr_par' dir='ltr' id='par_1_4' title="bbox 124 1193 1650 1935">
     <span class='ocr_line' id='line_1_17' title="bbox 237 1193 1647 1252; baseline -0.006 -13"><span class='ocrx_word' id='word_1_124' title='bbox 237 1201 271 1240; x_wconf 92' lang='lat' dir='ltr'>A</span> <span class='ocrx_word' id='word_1_125' title='bbox 310 1198 520 1252; x_wconf 87' lang='lat' dir='ltr'><strong>Zacyntho</strong></span> <span class='ocrx_word' id='word_1_126' title='bbox 566 1199 734 1237; x_wconf 79' lang='lat' dir='ltr'><strong>Troiani</strong></span> <span class='ocrx_word' id='word_1_127' title='bbox 768 1211 845 1248; x_wconf 81' lang='lat' dir='ltr'><strong>per</strong></span> <span class='ocrx_word' id='word_1_128' title='bbox 881 1197 1010 1234; x_wconf 85' lang='lat' dir='ltr'><strong>allum</strong></span> <span class='ocrx_word' id='word_1_129' title='bbox 1050 1197 1292 1247; x_wconf 65' lang='lat' dir='ltr'><strong>navigantes</strong></span> <span class='ocrx_word' id='word_1_130' title='bbox 1331 1195 1389 1232; x_wconf 81' lang='lat' dir='ltr'><strong>acl</strong></span> <span class='ocrx_word' id='word_1_131' title='bbox 1423 1193 1647 1232; x_wconf 84' lang='lat' dir='ltr'><strong>Leucadem</strong></span> 
     </span>
     <span class='ocr_line' id='line_1_18' title="bbox 124 1251 1647 1313; baseline -0.007 -15"><span class='ocrx_word' id='word_1_132' title='bbox 124 1260 389 1313; x_wconf 75' lang='lat' dir='ltr'><strong>appulerunt,</strong></span> <span class='ocrx_word' id='word_1_133' title='bbox 425 1272 543 1311; x_wconf 84' lang='lat' dir='ltr'><strong>quem</strong></span> <span class='ocrx_word' id='word_1_134' title='bbox 571 1258 703 1294; x_wconf 78' lang='lat' dir='ltr'><strong>locum</strong></span> <span class='ocrx_word' id='word_1_135' title='bbox 734 1257 970 1292; x_wconf 72' lang='lat' dir='ltr'><strong>Acarnanes</strong></span> <span class='ocrx_word' id='word_1_136' title='bbox 1003 1254 1139 1291; x_wconf 75' lang='lat' dir='ltr'><strong>adhuc</strong></span> <span class='ocrx_word' id='word_1_137' title='bbox 1169 1253 1364 1291; x_wconf 82' lang='lat' dir='ltr'><strong>tenebant.</strong></span> <span class='ocrx_word' id='word_1_138' title='bbox 1427 1253 1561 1305; x_wconf 75' lang='lat' dir='ltr'><strong>Atque</strong></span> <span class='ocrx_word' id='word_1_139' title='bbox 1580 1251 1647 1288; x_wconf 73' lang='lat' dir='ltr'><strong>liic</strong></span> 
     </span>
     <span class='ocr_line' id='line_1_19' title="bbox 124 1312 1646 1371; baseline -0.006 -15"><span class='ocrx_word' id='word_1_140' title='bbox 124 1332 278 1371; x_wconf 74' lang='lat' dir='ltr'><strong>quoque</strong></span> <span class='ocrx_word' id='word_1_141' title='bbox 315 1319 462 1356; x_wconf 84' lang='lat' dir='ltr'><strong>Veneri</strong></span> <span class='ocrx_word' id='word_1_142' title='bbox 489 1315 684 1366; x_wconf 74' lang='lat' dir='ltr'><strong>templum</strong></span> <span class='ocrx_word' id='word_1_143' title='bbox 713 1321 1008 1359; x_wconf 69' lang='lat' dir='ltr'><strong>exstruxerunt,</strong></span> <span class='ocrx_word' id='word_1_144' title='bbox 1062 1312 1171 1363; x_wconf 79' lang='lat' dir='ltr'><strong>quod</strong></span> <span class='ocrx_word' id='word_1_145' title='bbox 1201 1326 1306 1365; x_wconf 84' lang='lat' dir='ltr'><strong>nunc</strong></span> <span class='ocrx_word' id='word_1_146' title='bbox 1346 1319 1401 1348; x_wconf 74' lang='lat' dir='ltr'><strong>est</strong></span> <span class='ocrx_word' id='word_1_147' title='bbox 1440 1313 1483 1348; x_wconf 83' lang='lat' dir='ltr'><strong>in</strong></span> <span class='ocrx_word' id='word_1_148' title='bbox 1507 1324 1646 1361; x_wconf 69' lang='lat' dir='ltr'><strong>parva</strong></span> 
     </span>
     <span class='ocr_line' id='line_1_20' title="bbox 125 1366 1645 1426; baseline -0.008 -11"><span class='ocrx_word' id='word_1_149' title='bbox 125 1377 260 1415; x_wconf 83' lang='lat' dir='ltr'><strong>insula</strong></span> <span class='ocrx_word' id='word_1_150' title='bbox 280 1376 382 1413; x_wconf 87' lang='lat' dir='ltr'><strong>inter</strong></span> <span class='ocrx_word' id='word_1_151' title='bbox 396 1373 563 1426; x_wconf 80' lang='lat' dir='ltr'><strong>fossam</strong></span> <span class='ocrx_word' id='word_1_152' title='bbox 594 1367 846 1425; x_wconf 77' lang='grc' dir='ltr'>(διορύκτου)</span> <span class='ocrx_word' id='word_1_153' title='bbox 878 1378 915 1408; x_wconf 88' lang='lat' dir='ltr'><strong>et</strong></span> <span class='ocrx_word' id='word_1_154' title='bbox 936 1370 1071 1408; x_wconf 81' lang='lat' dir='ltr'><strong>urbem</strong></span> <span class='ocrx_word' id='word_1_155' title='bbox 1090 1369 1157 1422; x_wconf 86' lang='lat' dir='ltr'><strong>(cf.</strong></span> <span class='ocrx_word' id='word_1_156' title='bbox 1180 1369 1325 1407; x_wconf 80' lang='lat' dir='ltr'><strong>Strabo</strong></span> <span class='ocrx_word' id='word_1_157' title='bbox 1349 1370 1400 1419; x_wconf 80' lang='lat' dir='ltr'><strong>X,</strong></span> <span class='ocrx_word' id='word_1_158' title='bbox 1421 1383 1458 1421; x_wconf 86' lang='lat' dir='ltr'><strong>p.</strong></span> <span class='ocrx_word' id='word_1_159' title='bbox 1481 1368 1560 1409; x_wconf 79' lang='lat'><strong>451</strong></span> <span class='ocrx_word' id='word_1_160' title='bbox 1582 1366 1645 1421; x_wconf 84' lang='lat' dir='ltr'><strong>D),</strong></span> 
     </span>
     <span class='ocr_line' id='line_1_21' title="bbox 132 1426 1646 1480; baseline -0.006 -8"><span class='ocrx_word' id='word_1_161' title='bbox 132 1436 315 1473; x_wconf 79' lang='lat' dir='ltr'><strong>Vocatur</strong></span> <span class='ocrx_word' id='word_1_162' title='bbox 350 1433 517 1471; x_wconf 75' lang='lat' dir='ltr'><strong>Veneris</strong></span> <span class='ocrx_word' id='word_1_163' title='bbox 545 1430 750 1469; x_wconf 78' lang='lat' dir='ltr'><strong>Aeneadis</strong></span> <span class='ocrx_word' id='word_1_164' title='bbox 780 1429 985 1479; x_wconf 76' lang='lat' dir='ltr'><strong>templum.</strong></span> <span class='ocrx_word' id='word_1_165' title='bbox 1037 1428 1200 1480; x_wconf 86' lang='lat' dir='ltr'><strong>Dionys.</strong></span> <span class='ocrx_word' id='word_1_166' title='bbox 1231 1427 1256 1465; x_wconf 91' lang='grc'><strong>1.</strong></span> <span class='ocrx_word' id='word_1_167' title='bbox 1276 1441 1307 1466; x_wconf 92' lang='lat' dir='ltr'><strong>c.</strong></span> <span class='ocrx_word' id='word_1_168' title='bbox 1340 1433 1379 1464; x_wconf 84' lang='lat' dir='ltr'><strong>et</strong></span> <span class='ocrx_word' id='word_1_169' title='bbox 1407 1426 1516 1478; x_wconf 84' lang='lat' dir='ltr'><strong>apud</strong></span> <span class='ocrx_word' id='word_1_170' title='bbox 1534 1427 1646 1464; x_wconf 85' lang='lat' dir='ltr'><strong>Serv.</strong></span> 
     </span>
     <span class='ocr_line' id='line_1_22' title="bbox 125 1482 1650 1541; baseline -0.007 -11"><span class='ocrx_word' id='word_1_171' title='bbox 125 1492 178 1530; x_wconf 85' lang='lat' dir='ltr'><strong>ad.</strong></span> <span class='ocrx_word' id='word_1_172' title='bbox 203 1492 269 1541; x_wconf 91' lang='lat' dir='ltr'><strong>III,</strong></span> <span class='ocrx_word' id='word_1_173' title='bbox 300 1493 405 1532; x_wconf 78' lang='lat'><strong>279:</strong></span> <span class='ocrx_word' id='word_1_174' title='bbox 445 1491 577 1528; x_wconf 88' lang='lat' dir='ltr'><strong>Varro</strong></span> <span class='ocrx_word' id='word_1_175' title='bbox 616 1489 811 1539; x_wconf 78' lang='lat' dir='ltr'><strong>templum</strong></span> <span class='ocrx_word' id='word_1_176' title='bbox 855 1488 1003 1525; x_wconf 79' lang='lat' dir='ltr'><strong>Veneri</strong></span> <span class='ocrx_word' id='word_1_177' title='bbox 1039 1485 1090 1525; x_wconf 81' lang='lat' dir='ltr'><strong>ab</strong></span> <span class='ocrx_word' id='word_1_178' title='bbox 1130 1488 1270 1525; x_wconf 84' lang='lat' dir='ltr'><strong>Aenea</strong></span> <span class='ocrx_word' id='word_1_179' title='bbox 1309 1486 1538 1533; x_wconf 76' lang='lat' dir='ltr'><strong>constitum,</strong></span> <span class='ocrx_word' id='word_1_180' title='bbox 1581 1482 1650 1520; x_wconf 77' lang='lat' dir='ltr'><strong>uhi</strong></span> 
     </span>
     <span class='ocr_line' id='line_1_23' title="bbox 124 1542 1647 1600; baseline -0.007 -12"><span class='ocrx_word' id='word_1_181' title='bbox 124 1564 230 1588; x_wconf 89' lang='lat' dir='ltr'><strong>nunc</strong></span> <span class='ocrx_word' id='word_1_182' title='bbox 260 1550 438 1586; x_wconf 81' lang='lat' dir='ltr'><strong>Leucate</strong></span> <span class='ocrx_word' id='word_1_183' title='bbox 470 1546 542 1600; x_wconf 83' lang='lat' dir='ltr'><strong>(ita</strong></span> <span class='ocrx_word' id='word_1_184' title='bbox 573 1547 659 1598; x_wconf 79' lang='lat' dir='ltr'><strong>lego</strong></span> <span class='ocrx_word' id='word_1_185' title='bbox 689 1559 764 1598; x_wconf 83' lang='lat' dir='ltr'><strong>pro</strong></span> <span class='ocrx_word' id='word_1_186' title='bbox 796 1542 1033 1597; x_wconf 86' lang='lat' dir='ltr'><strong>Leucatem)</strong></span> <span class='ocrx_word' id='word_1_187' title='bbox 1052 1574 1062 1593; x_wconf 92' lang='lat'><strong>,</strong></span> <span class='ocrx_word' id='word_1_188' title='bbox 1095 1544 1221 1590; x_wconf 79' lang='lat' dir='ltr'><strong>clicit;</strong></span> <span class='ocrx_word' id='word_1_189' title='bbox 1252 1545 1439 1595; x_wconf 71' lang='lat' dir='ltr'><strong>quamvis</strong></span> <span class='ocrx_word' id='word_1_190' title='bbox 1464 1545 1647 1580; x_wconf 82' lang='lat' dir='ltr'><strong>Menan-</strong></span> 
     </span>
     <span class='ocr_line' id='line_1_24' title="bbox 124 1601 1648 1656; baseline -0.006 -11"><span class='ocrx_word' id='word_1_191' title='bbox 124 1609 194 1645; x_wconf 81' lang='lat' dir='ltr'><strong>der</strong></span> <span class='ocrx_word' id='word_1_192' title='bbox 224 1615 260 1644; x_wconf 84' lang='lat' dir='ltr'><strong>et</strong></span> <span class='ocrx_word' id='word_1_193' title='bbox 298 1606 503 1656; x_wconf 69' lang='lat' dir='ltr'><strong>Tmpilius</strong></span> <span class='ocrx_word' id='word_1_194' title='bbox 534 1605 677 1642; x_wconf 83' lang='lat' dir='ltr'><strong>comici</strong></span> <span class='ocrx_word' id='word_1_195' title='bbox 706 1618 732 1640; x_wconf 87' lang='lat' dir='ltr'><strong>a</strong></span> <span class='ocrx_word' id='word_1_196' title='bbox 765 1603 939 1641; x_wconf 75' lang='lat' dir='ltr'><strong>Phaone</strong></span> <span class='ocrx_word' id='word_1_197' title='bbox 968 1602 1115 1640; x_wconf 75' lang='lat' dir='ltr'><strong>Lesbio</strong></span> <span class='ocrx_word' id='word_1_198' title='bbox 1146 1603 1192 1639; x_wconf 79' lang='lat' dir='ltr'><strong>icl</strong></span> <span class='ocrx_word' id='word_1_199' title='bbox 1219 1602 1413 1652; x_wconf 71' lang='lat' dir='ltr'><strong>templum</strong></span> <span class='ocrx_word' id='word_1_200' title='bbox 1442 1601 1648 1638; x_wconf 77' lang='lat' dir='ltr'><strong>conditum</strong></span> 
     </span>
     <span class='ocr_line' id='line_1_25' title="bbox 125 1659 1646 1711; baseline -0.006 -8"><span class='ocrx_word' id='word_1_201' title='bbox 125 1666 275 1703; x_wconf 82' lang='lat' dir='ltr'><strong>dicant.</strong></span> <span class='ocrx_word' id='word_1_202' title='bbox 340 1664 461 1701; x_wconf 77' lang='lat' dir='ltr'><strong>Poeta</strong></span> <span class='ocrx_word' id='word_1_203' title='bbox 494 1670 627 1701; x_wconf 82' lang='lat' dir='ltr'><strong>tamen</strong></span> <span class='ocrx_word' id='word_1_204' title='bbox 659 1667 700 1699; x_wconf 86' lang='lat' dir='ltr'><strong>et</strong></span> <span class='ocrx_word' id='word_1_205' title='bbox 726 1660 806 1699; x_wconf 89' lang='lat' dir='ltr'><strong>hoc</strong></span> <span class='ocrx_word' id='word_1_206' title='bbox 835 1660 1010 1711; x_wconf 79' lang='lat' dir='ltr'><strong>neglexit</strong></span> <span class='ocrx_word' id='word_1_207' title='bbox 1039 1661 1122 1709; x_wconf 83' lang='lat' dir='ltr'><strong>uti,</strong></span> <span class='ocrx_word' id='word_1_208' title='bbox 1155 1660 1381 1711; x_wconf 86' lang='lat' dir='ltr'><strong>Apollinem</strong></span> <span class='ocrx_word' id='word_1_209' title='bbox 1410 1659 1540 1696; x_wconf 86' lang='lat' dir='ltr'><strong>solum</strong></span> <span class='ocrx_word' id='word_1_210' title='bbox 1559 1670 1646 1695; x_wconf 88' lang='lat' dir='ltr'><strong>me-</strong></span> 
     </span>
     <span class='ocr_line' id='line_1_26' title="bbox 125 1716 1646 1768; baseline -0.004 -9"><span class='ocrx_word' id='word_1_211' title='bbox 125 1722 301 1761; x_wconf 87' lang='lat' dir='ltr'><strong>moravit</strong></span> <span class='ocrx_word' id='word_1_212' title='bbox 340 1735 379 1760; x_wconf 87' lang='lat' dir='ltr'><strong>v.</strong></span> <span class='ocrx_word' id='word_1_213' title='bbox 418 1720 515 1762; x_wconf 79' lang='lat'><strong>274.</strong></span> <span class='ocrx_word' id='word_1_214' title='bbox 547 1720 651 1768; x_wconf 77' lang='lat'><strong>275,</strong></span> <span class='ocrx_word' id='word_1_215' title='bbox 690 1719 839 1757; x_wconf 81' lang='lat' dir='ltr'><strong>scilicet</strong></span> <span class='ocrx_word' id='word_1_216' title='bbox 875 1731 926 1755; x_wconf 91' lang='lat' dir='ltr'><strong>ne</strong></span> <span class='ocrx_word' id='word_1_217' title='bbox 966 1718 1085 1756; x_wconf 78' lang='lat' dir='ltr'><strong>toties</strong></span> <span class='ocrx_word' id='word_1_218' title='bbox 1116 1717 1265 1768; x_wconf 86' lang='lat' dir='ltr'><strong>templa</strong></span> <span class='ocrx_word' id='word_1_219' title='bbox 1296 1717 1440 1756; x_wconf 86' lang='lat' dir='ltr'><strong>Veneri</strong></span> <span class='ocrx_word' id='word_1_220' title='bbox 1482 1716 1646 1754; x_wconf 83' lang='lat' dir='ltr'><strong>condita</strong></span> 
     </span>
     <span class='ocr_line' id='line_1_27' title="bbox 125 1773 1644 1827; baseline -0.005 -9"><span class='ocrx_word' id='word_1_221' title='bbox 125 1779 386 1819; x_wconf 80' lang='lat' dir='ltr'><strong>memorando</strong></span> <span class='ocrx_word' id='word_1_222' title='bbox 414 1778 594 1816; x_wconf 82' lang='lat' dir='ltr'><strong>taedium</strong></span> <span class='ocrx_word' id='word_1_223' title='bbox 624 1777 765 1815; x_wconf 84' lang='lat' dir='ltr'><strong>lectori</strong></span> <span class='ocrx_word' id='word_1_224' title='bbox 794 1778 955 1814; x_wconf 81' lang='lat' dir='ltr'><strong>faceret.</strong></span> <span class='ocrx_word' id='word_1_225' title='bbox 1014 1777 1193 1814; x_wconf 80' lang='lat' dir='ltr'><strong>Aeniam</strong></span> <span class='ocrx_word' id='word_1_226' title='bbox 1224 1775 1275 1813; x_wconf 85' lang='lat' dir='ltr'><strong>ad</strong></span> <span class='ocrx_word' id='word_1_227' title='bbox 1293 1775 1518 1813; x_wconf 71' lang='lat' dir='ltr'><strong>Acheloum</strong></span> <span class='ocrx_word' id='word_1_228' title='bbox 1545 1773 1644 1827; x_wconf 88' lang='lat' dir='ltr'><strong>(vid.</strong></span> 
     </span>
     <span class='ocr_line' id='line_1_28' title="bbox 125 1832 1647 1889; baseline -0.005 -13"><span class='ocrx_word' id='word_1_229' title='bbox 125 1838 256 1877; x_wconf 85' lang='lat' dir='ltr'><strong>Strab.</strong></span> <span class='ocrx_word' id='word_1_230' title='bbox 289 1838 348 1885; x_wconf 89' lang='lat' dir='ltr'><strong>X,</strong></span> <span class='ocrx_word' id='word_1_231' title='bbox 384 1850 422 1888; x_wconf 87' lang='lat' dir='ltr'><strong>p.</strong></span> <span class='ocrx_word' id='word_1_232' title='bbox 454 1836 538 1878; x_wconf 74' lang='grc'><strong>450</strong></span> <span class='ocrx_word' id='word_1_233' title='bbox 572 1832 620 1889; x_wconf 88' lang='lat' dir='ltr'><strong>C)</strong></span> <span class='ocrx_word' id='word_1_234' title='bbox 663 1849 685 1872; x_wconf 89' lang='lat' dir='ltr'><strong>a</strong></span> <span class='ocrx_word' id='word_1_235' title='bbox 715 1834 872 1873; x_wconf 88' lang='lat' dir='ltr'><strong>nemine</strong></span> <span class='ocrx_word' id='word_1_236' title='bbox 901 1833 987 1872; x_wconf 84' lang='lat' dir='ltr'><strong>vidi</strong></span> <span class='ocrx_word' id='word_1_237' title='bbox 1017 1834 1069 1871; x_wconf 84' lang='lat' dir='ltr'><strong>ad</strong></span> <span class='ocrx_word' id='word_1_238' title='bbox 1103 1834 1279 1871; x_wconf 86' lang='lat' dir='ltr'><strong>Aeneam</strong></span> <span class='ocrx_word' id='word_1_239' title='bbox 1320 1833 1385 1872; x_wconf 88' lang='lat' dir='ltr'><strong>vel</strong></span> <span class='ocrx_word' id='word_1_240' title='bbox 1416 1832 1469 1870; x_wconf 85' lang='lat' dir='ltr'><strong>ad</strong></span> <span class='ocrx_word' id='word_1_241' title='bbox 1502 1832 1647 1871; x_wconf 87' lang='lat' dir='ltr'><strong>Troia-</strong></span> 
     </span>
     <span class='ocr_line' id='line_1_29' title="bbox 125 1894 384 1935; baseline -0.015 0"><span class='ocrx_word' id='word_1_242' title='bbox 125 1910 199 1935; x_wconf 88' lang='lat' dir='ltr'><strong>nos</strong></span> <span class='ocrx_word' id='word_1_243' title='bbox 226 1894 384 1934; x_wconf 83' lang='lat' dir='ltr'><strong>referri.</strong></span> 
     </span>
    </p>

    <p class='ocr_par' dir='ltr' id='par_1_5' title="bbox 126 1949 1648 2981">
     <span class='ocr_line' id='line_1_30' title="bbox 240 1949 1647 2002; baseline -0.005 -11"><span class='ocrx_word' id='word_1_244' title='bbox 240 1952 295 1991; x_wconf 85' lang='lat' dir='ltr'><strong>At</strong></span> <span class='ocrx_word' id='word_1_245' title='bbox 325 1952 374 1990; x_wconf 87' lang='lat' dir='ltr'><strong>de</strong></span> <span class='ocrx_word' id='word_1_246' title='bbox 404 1952 521 1989; x_wconf 87' lang='lat' dir='ltr'><strong>Actio</strong></span> <span class='ocrx_word' id='word_1_247' title='bbox 552 1964 633 1989; x_wconf 90' lang='lat' dir='ltr'><strong>non</strong></span> <span class='ocrx_word' id='word_1_248' title='bbox 664 1949 839 2002; x_wconf 81' lang='lat' dir='ltr'><strong>neglexit</strong></span> <span class='ocrx_word' id='word_1_249' title='bbox 869 1955 1001 2001; x_wconf 86' lang='lat' dir='ltr'><strong>poeta.</strong></span> <span class='ocrx_word' id='word_1_250' title='bbox 1068 1950 1170 1986; x_wconf 83' lang='lat' dir='ltr'><strong>Cum</strong></span> <span class='ocrx_word' id='word_1_251' title='bbox 1209 1949 1268 1986; x_wconf 81' lang='lat' dir='ltr'><strong>ad</strong></span> <span class='ocrx_word' id='word_1_252' title='bbox 1302 1949 1466 1986; x_wconf 79' lang='lat' dir='ltr'><strong>Actium</strong></span> <span class='ocrx_word' id='word_1_253' title='bbox 1505 1961 1647 1998; x_wconf 78' lang='lat' dir='ltr'><strong>appu-</strong></span> 
     </span>
     <span class='ocr_line' id='line_1_31' title="bbox 127 2005 1646 2059; baseline -0.005 -10"><span class='ocrx_word' id='word_1_254' title='bbox 127 2013 262 2049; x_wconf 81' lang='lat' dir='ltr'><strong>lissent</strong></span> <span class='ocrx_word' id='word_1_255' title='bbox 278 2041 288 2059; x_wconf 89' lang='lat'><strong>,</strong></span> <span class='ocrx_word' id='word_1_256' title='bbox 332 2009 391 2048; x_wconf 80' lang='lat' dir='ltr'><strong>acl</strong></span> <span class='ocrx_word' id='word_1_257' title='bbox 434 2011 546 2046; x_wconf 76' lang='lat' dir='ltr'><strong>sinus</strong></span> <span class='ocrx_word' id='word_1_258' title='bbox 583 2008 794 2057; x_wconf 76' lang='lat' dir='ltr'><strong>Ambracii</strong></span> <span class='ocrx_word' id='word_1_259' title='bbox 827 2009 1144 2058; x_wconf 76' lang='lat' dir='ltr'><strong>promontorium</strong></span> <span class='ocrx_word' id='word_1_260' title='bbox 1180 2008 1390 2044; x_wconf 78' lang='lat' dir='ltr'><strong>stationem</strong></span> <span class='ocrx_word' id='word_1_261' title='bbox 1423 2005 1646 2044; x_wconf 74' lang='lat' dir='ltr'><strong>habuerunt</strong></span> 
     </span>
     <span class='ocr_line' id='line_1_32' title="bbox 133 2065 1645 2117; baseline -0.004 -11"><span class='ocrx_word' id='word_1_262' title='bbox 133 2070 312 2107; x_wconf 58' lang='lat' dir='ltr'><strong>ffroiani.</strong></span> <span class='ocrx_word' id='word_1_263' title='bbox 375 2066 474 2105; x_wconf 80' lang='lat' dir='ltr'><strong>Inde</strong></span> <span class='ocrx_word' id='word_1_264' title='bbox 517 2068 559 2103; x_wconf 87' lang='lat' dir='ltr'><strong>in</strong></span> <span class='ocrx_word' id='word_1_265' title='bbox 597 2066 732 2104; x_wconf 84' lang='lat' dir='ltr'><strong>urbem</strong></span> <span class='ocrx_word' id='word_1_266' title='bbox 769 2065 1035 2104; x_wconf 77' lang='lat' dir='ltr'><strong>Ambraciam</strong></span> <span class='ocrx_word' id='word_1_267' title='bbox 1064 2073 1273 2113; x_wconf 64' lang='lat' dir='ltr'><strong>venerunt,</strong></span> <span class='ocrx_word' id='word_1_268' title='bbox 1312 2066 1354 2102; x_wconf 89' lang='lat' dir='ltr'><strong>in</strong></span> <span class='ocrx_word' id='word_1_269' title='bbox 1385 2079 1465 2117; x_wconf 83' lang='lat' dir='ltr'><strong>qua</strong></span> <span class='ocrx_word' id='word_1_270' title='bbox 1495 2077 1645 2115; x_wconf 81' lang='lat' dir='ltr'><strong>regna-</strong></span> 
     </span>
     <span class='ocr_line' id='line_1_33' title="bbox 127 2122 1645 2177; baseline -0.003 -13"><span class='ocrx_word' id='word_1_271' title='bbox 127 2127 195 2164; x_wconf 77' lang='lat' dir='ltr'><strong>bat</strong></span> <span class='ocrx_word' id='word_1_272' title='bbox 231 2125 438 2174; x_wconf 78' lang='lat' dir='ltr'><strong>Atnbrax,</strong></span> <span class='ocrx_word' id='word_1_273' title='bbox 479 2125 712 2162; x_wconf 78' lang='lat' dir='ltr'><strong>Dexameni</strong></span> <span class='ocrx_word' id='word_1_274' title='bbox 750 2122 881 2177; x_wconf 90' lang='lat' dir='ltr'><strong>(cuius</strong></span> <span class='ocrx_word' id='word_1_275' title='bbox 911 2137 1008 2162; x_wconf 87' lang='lat' dir='ltr'><strong>avus</strong></span> <span class='ocrx_word' id='word_1_276' title='bbox 1047 2123 1151 2161; x_wconf 82' lang='lat' dir='ltr'><strong>sorte</strong></span> <span class='ocrx_word' id='word_1_277' title='bbox 1193 2122 1270 2160; x_wconf 84' lang='lat' dir='ltr'><strong>suit</strong></span> <span class='ocrx_word' id='word_1_278' title='bbox 1309 2122 1342 2160; x_wconf 88' lang='lat' dir='ltr'><strong>is</strong></span> <span class='ocrx_word' id='word_1_279' title='bbox 1374 2123 1442 2173; x_wconf 87' lang='lat' dir='ltr'><strong>qui</strong></span> <span class='ocrx_word' id='word_1_280' title='bbox 1473 2122 1645 2160; x_wconf 88' lang='lat' dir='ltr'><strong>Olenum</strong></span> 
     </span>
     <span class='ocr_line' id='line_1_34' title="bbox 127 2179 1645 2236; baseline -0.003 -14"><span class='ocrx_word' id='word_1_281' title='bbox 127 2184 260 2222; x_wconf 88' lang='lat' dir='ltr'><strong>tenuit</strong></span> <span class='ocrx_word' id='word_1_282' title='bbox 289 2182 398 2236; x_wconf 86' lang='lat' dir='ltr'><strong>apud</strong></span> <span class='ocrx_word' id='word_1_283' title='bbox 429 2182 614 2233; x_wconf 84' lang='lat' dir='ltr'><strong>Apollod.</strong></span> <span class='ocrx_word' id='word_1_284' title='bbox 646 2183 692 2231; x_wconf 88' lang='lat'><strong>11,</strong></span> <span class='ocrx_word' id='word_1_285' title='bbox 725 2183 763 2231; x_wconf 86' lang='lat'><strong>5,</strong></span> <span class='ocrx_word' id='word_1_286' title='bbox 796 2180 852 2235; x_wconf 88' lang='lat'><strong>5.)</strong></span> <span class='ocrx_word' id='word_1_287' title='bbox 873 2182 918 2233; x_wconf 89' lang='lat' dir='ltr'><strong>f.</strong></span> <span class='ocrx_word' id='word_1_288' title='bbox 949 2183 1138 2218; x_wconf 79' lang='lat' dir='ltr'><strong>Herculis</strong></span> <span class='ocrx_word' id='word_1_289' title='bbox 1158 2196 1196 2218; x_wconf 84' lang='lat' dir='ltr'><strong>n.</strong></span> <span class='ocrx_word' id='word_1_290' title='bbox 1229 2179 1284 2233; x_wconf 89' lang='lat' dir='ltr'><strong>(v.</strong></span> <span class='ocrx_word' id='word_1_291' title='bbox 1305 2179 1451 2233; x_wconf 85' lang='lat' dir='ltr'><strong>Huds.)</strong></span> <span class='ocrx_word' id='word_1_292' title='bbox 1478 2189 1513 2218; x_wconf 86' lang='lat' dir='ltr'><strong>et</strong></span> <span class='ocrx_word' id='word_1_293' title='bbox 1534 2188 1645 2217; x_wconf 89' lang='lat' dir='ltr'><strong>utro-</strong></span> 
     </span>
     <span class='ocr_line' id='line_1_35' title="bbox 128 2238 1644 2294; baseline -0.001 -17"><span class='ocrx_word' id='word_1_294' title='bbox 128 2256 202 2294; x_wconf 76' lang='lat' dir='ltr'><strong>que</strong></span> <span class='ocrx_word' id='word_1_295' title='bbox 244 2244 286 2279; x_wconf 88' lang='lat' dir='ltr'><strong>in</strong></span> <span class='ocrx_word' id='word_1_296' title='bbox 326 2243 411 2279; x_wconf 87' lang='lat' dir='ltr'><strong>loco</strong></span> <span class='ocrx_word' id='word_1_297' title='bbox 449 2241 570 2278; x_wconf 75' lang='lat' dir='ltr'><strong>huius</strong></span> <span class='ocrx_word' id='word_1_298' title='bbox 613 2241 808 2278; x_wconf 71' lang='lat' dir='ltr'><strong>adventus</strong></span> <span class='ocrx_word' id='word_1_299' title='bbox 849 2241 1023 2291; x_wconf 61' lang='lat' dir='ltr'><strong>vestigia</strong></span> <span class='ocrx_word' id='word_1_300' title='bbox 1062 2247 1291 2276; x_wconf 77' lang='lat' dir='ltr'><strong>remanent:</strong></span> <span class='ocrx_word' id='word_1_301' title='bbox 1335 2239 1452 2288; x_wconf 78' lang='lat' dir='ltr'><strong>apud</strong></span> <span class='ocrx_word' id='word_1_302' title='bbox 1479 2238 1644 2276; x_wconf 83' lang='lat' dir='ltr'><strong>Actium</strong></span> 
     </span>
     <span class='ocr_line' id='line_1_36' title="bbox 129 2296 1644 2351; baseline -0.002 -15"><span class='ocrx_word' id='word_1_303' title='bbox 129 2299 291 2351; x_wconf 78' lang='lat' dir='ltr'><strong>quidem</strong></span> <span class='ocrx_word' id='word_1_304' title='bbox 326 2300 491 2337; x_wconf 84' lang='lat' dir='ltr'><strong>Veneris</strong></span> <span class='ocrx_word' id='word_1_305' title='bbox 520 2299 725 2336; x_wconf 74' lang='lat' dir='ltr'><strong>Aeneadis</strong></span> <span class='ocrx_word' id='word_1_306' title='bbox 756 2299 968 2348; x_wconf 76' lang='lat' dir='ltr'><strong>templum,</strong></span> <span class='ocrx_word' id='word_1_307' title='bbox 1013 2305 1051 2334; x_wconf 82' lang='lat' dir='ltr'><strong>et</strong></span> <span class='ocrx_word' id='word_1_308' title='bbox 1071 2311 1201 2347; x_wconf 75' lang='lat' dir='ltr'><strong>prope</strong></span> <span class='ocrx_word' id='word_1_309' title='bbox 1230 2296 1306 2333; x_wconf 84' lang='lat' dir='ltr'><strong>lzoc</strong></span> <span class='ocrx_word' id='word_1_310' title='bbox 1335 2297 1506 2334; x_wconf 86' lang='lat' dir='ltr'><strong>alterum</strong></span> <span class='ocrx_word' id='word_1_311' title='bbox 1537 2297 1644 2333; x_wconf 86' lang='lat' dir='ltr'><strong>Ma-</strong></span> 
     </span>
     <span class='ocr_line' id='line_1_37' title="bbox 126 2353 1643 2407; baseline -0.002 -14"><span class='ocrx_word' id='word_1_312' title='bbox 126 2370 300 2407; x_wconf 77' lang='lat' dir='ltr'><strong>gnorum</strong></span> <span class='ocrx_word' id='word_1_313' title='bbox 321 2357 529 2402; x_wconf 78' lang='lat' dir='ltr'><strong>Deorum5</strong></span> <span class='ocrx_word' id='word_1_314' title='bbox 559 2371 663 2407; x_wconf 83' lang='lat' dir='ltr'><strong>quae</strong></span> <span class='ocrx_word' id='word_1_315' title='bbox 681 2370 787 2393; x_wconf 78' lang='lat' dir='ltr'><strong>num·</strong></span> <span class='ocrx_word' id='word_1_316' title='bbox 809 2358 932 2393; x_wconf 88' lang='lat' dir='ltr'><strong>etiam</strong></span> <span class='ocrx_word' id='word_1_317' title='bbox 951 2363 1081 2392; x_wconf 84' lang='lat' dir='ltr'><strong>aetate</strong></span> <span class='ocrx_word' id='word_1_318' title='bbox 1099 2369 1190 2392; x_wconf 89' lang='lat' dir='ltr'><strong>mea</strong></span> <span class='ocrx_word' id='word_1_319' title='bbox 1219 2363 1370 2402; x_wconf 78' lang='lat' dir='ltr'><strong>extant,</strong></span> <span class='ocrx_word' id='word_1_320' title='bbox 1405 2353 1460 2391; x_wconf 88' lang='lat' dir='ltr'><strong>ait</strong></span> <span class='ocrx_word' id='word_1_321' title='bbox 1482 2354 1643 2405; x_wconf 87' lang='lat' dir='ltr'><strong>Dionys.</strong></span> 
     </span>
     <span class='ocr_line' id='line_1_38' title="bbox 130 2411 1645 2463; baseline -0.003 -12"><span class='ocrx_word' id='word_1_322' title='bbox 130 2413 155 2452; x_wconf 91' lang='lat' dir='ltr'><strong>l.</strong></span> <span class='ocrx_word' id='word_1_323' title='bbox 187 2427 219 2451; x_wconf 79' lang='lat' dir='ltr'><strong>c,</strong></span> <span class='ocrx_word' id='word_1_324' title='bbox 267 2413 512 2451; x_wconf 77' lang='lat' dir='ltr'><strong>Ambraciae</strong></span> <span class='ocrx_word' id='word_1_325' title='bbox 541 2428 631 2451; x_wconf 68' lang='lat' dir='ltr'><strong>vero</strong></span> <span class='ocrx_word' id='word_1_326' title='bbox 662 2414 838 2450; x_wconf 76' lang='lat' dir='ltr'><strong>eiusdem</strong></span> <span class='ocrx_word' id='word_1_327' title='bbox 868 2414 966 2450; x_wconf 80' lang='lat' dir='ltr'><strong>deae</strong></span> <span class='ocrx_word' id='word_1_328' title='bbox 998 2413 1214 2463; x_wconf 76' lang='lat' dir='ltr'><strong>templum,</strong></span> <span class='ocrx_word' id='word_1_329' title='bbox 1256 2420 1293 2448; x_wconf 83' lang='lat' dir='ltr'><strong>et</strong></span> <span class='ocrx_word' id='word_1_330' title='bbox 1322 2412 1484 2448; x_wconf 84' lang='lat' dir='ltr'><strong>Aeneae</strong></span> <span class='ocrx_word' id='word_1_331' title='bbox 1511 2411 1645 2448; x_wconf 78' lang='lat' dir='ltr'><strong>sacel-</strong></span> 
     </span>
     <span class='ocr_line' id='line_1_39' title="bbox 131 2470 1644 2521; baseline -0.002 -13"><span class='ocrx_word' id='word_1_332' title='bbox 131 2471 237 2518; x_wconf 83' lang='lat' dir='ltr'><strong>lum,</strong></span> <span class='ocrx_word' id='word_1_333' title='bbox 270 2485 400 2521; x_wconf 80' lang='lat' dir='ltr'><strong>prope</strong></span> <span class='ocrx_word' id='word_1_334' title='bbox 433 2485 613 2521; x_wconf 73' lang='lat' dir='ltr'><strong>parvum</strong></span> <span class='ocrx_word' id='word_1_335' title='bbox 649 2471 872 2518; x_wconf 66' lang='lat' dir='ltr'><strong>theatrum,</strong></span> <span class='ocrx_word' id='word_1_336' title='bbox 917 2473 960 2507; x_wconf 85' lang='lat' dir='ltr'><strong>in</strong></span> <span class='ocrx_word' id='word_1_337' title='bbox 996 2484 1074 2521; x_wconf 81' lang='lat' dir='ltr'><strong>quo</strong></span> <span class='ocrx_word' id='word_1_338' title='bbox 1105 2472 1228 2507; x_wconf 85' lang='lat' dir='ltr'><strong>etiam</strong></span> <span class='ocrx_word' id='word_1_339' title='bbox 1257 2477 1313 2506; x_wconf 78' lang='lat' dir='ltr'><strong>est</strong></span> <span class='ocrx_word' id='word_1_340' title='bbox 1344 2483 1483 2518; x_wconf 63' lang='lat' dir='ltr'><strong>parva</strong></span> <span class='ocrx_word' id='word_1_341' title='bbox 1514 2470 1644 2518; x_wconf 83' lang='lat' dir='ltr'><strong>operis</strong></span> 
     </span>
     <span class='ocr_line' id='line_1_40' title="bbox 131 2525 1645 2580; baseline -0.001 -16"><span class='ocrx_word' id='word_1_342' title='bbox 131 2529 290 2578; x_wconf 78' lang='lat' dir='ltr'><strong>antiqui</strong></span> <span class='ocrx_word' id='word_1_343' title='bbox 318 2536 475 2576; x_wconf 79' lang='lat' dir='ltr'><strong>statua,</strong></span> <span class='ocrx_word' id='word_1_344' title='bbox 507 2543 611 2580; x_wconf 82' lang='lat' dir='ltr'><strong>quae</strong></span> <span class='ocrx_word' id='word_1_345' title='bbox 642 2530 789 2566; x_wconf 75' lang='lat' dir='ltr'><strong>elicitur</strong></span> <span class='ocrx_word' id='word_1_346' title='bbox 818 2529 996 2575; x_wconf 82' lang='lat' dir='ltr'><strong>Aeneae,</strong></span> <span class='ocrx_word' id='word_1_347' title='bbox 1030 2542 1197 2578; x_wconf 79' lang='lat' dir='ltr'><strong>eamque</strong></span> <span class='ocrx_word' id='word_1_348' title='bbox 1226 2526 1437 2574; x_wconf 60' lang='lat' dir='ltr'><strong>sacrificiis</strong></span> <span class='ocrx_word' id='word_1_349' title='bbox 1465 2525 1645 2563; x_wconf 86' lang='lat' dir='ltr'><strong>colebant</strong></span> 
     </span>
     <span class='ocr_line' id='line_1_41' title="bbox 131 2579 1644 2636; baseline 0.001 -15"><span class='ocrx_word' id='word_1_350' title='bbox 131 2584 376 2633; x_wconf 77' lang='lat' dir='ltr'><strong>sacerdotes,</strong></span> <span class='ocrx_word' id='word_1_351' title='bbox 411 2599 513 2636; x_wconf 82' lang='lat' dir='ltr'><strong>quas</strong></span> <span class='ocrx_word' id='word_1_352' title='bbox 543 2588 624 2636; x_wconf 82' lang='lat' dir='ltr'><strong>ipsi</strong></span> <span class='ocrx_word' id='word_1_353' title='bbox 653 2586 910 2636; x_wconf 77' lang='lat' dir='ltr'><strong>amplzipolos</strong></span> <span class='ocrx_word' id='word_1_354' title='bbox 943 2584 1143 2622; x_wconf 67' lang='lat' dir='ltr'><strong>vocabant</strong></span> <span class='ocrx_word' id='word_1_355' title='bbox 1173 2582 1237 2636; x_wconf 81' lang='grc' dir='ltr'><strong>(αἱ</strong></span> <span class='ocrx_word' id='word_1_356' title='bbox 1263 2579 1514 2635; x_wconf 78' lang='grc' dir='ltr'><strong><em>καλούμεναι</em></strong></span> <span class='ocrx_word' id='word_1_357' title='bbox 1542 2579 1644 2635; x_wconf 83' lang='grc' dir='ltr'><em>παρ’</em></span> 
     </span>
     <span class='ocr_line' id='line_1_42' title="bbox 134 2637 1645 2694; baseline -0.001 -13"><span class='ocrx_word' id='word_1_358' title='bbox 134 2637 270 2689; x_wconf 69' lang='grc' dir='ltr'><em>αὐτοῖς</em></span> <span class='ocrx_word' id='word_1_359' title='bbox 295 2637 550 2694; x_wconf 62' lang='grc' dir='ltr'><strong>ἀμφίπολοι).</strong></span> <span class='ocrx_word' id='word_1_360' title='bbox 610 2643 712 2694; x_wconf 82' lang='lat' dir='ltr'><strong>Ergo</strong></span> <span class='ocrx_word' id='word_1_361' title='bbox 743 2648 884 2694; x_wconf 83' lang='lat' dir='ltr'><strong>poetae</strong></span> <span class='ocrx_word' id='word_1_362' title='bbox 913 2643 1080 2680; x_wconf 83' lang='lat' dir='ltr'><strong>invento</strong></span> <span class='ocrx_word' id='word_1_363' title='bbox 1110 2641 1189 2679; x_wconf 89' lang='lat' dir='ltr'><strong>hoc</strong></span> <span class='ocrx_word' id='word_1_364' title='bbox 1218 2641 1306 2679; x_wconf 85' lang='lat' dir='ltr'><strong>Ioco</strong></span> <span class='ocrx_word' id='word_1_365' title='bbox 1337 2640 1537 2679; x_wconf 87' lang='lat' dir='ltr'><strong>debentur</strong></span> <span class='ocrx_word' id='word_1_366' title='bbox 1555 2641 1645 2679; x_wconf 76' lang='lat' dir='ltr'><strong>ludj</strong></span> 
     </span>
     <span class='ocr_line' id='line_1_43' title="bbox 133 2697 1644 2752; baseline 0.001 -16"><span class='ocrx_word' id='word_1_367' title='bbox 133 2699 182 2737; x_wconf 86' lang='lat' dir='ltr'><strong>ab</strong></span> <span class='ocrx_word' id='word_1_368' title='bbox 211 2697 343 2736; x_wconf 90' lang='lat' dir='ltr'><strong>Aenea</strong></span> <span class='ocrx_word' id='word_1_369' title='bbox 372 2699 568 2748; x_wconf 88' lang='lat' dir='ltr'><strong>instituti,</strong></span> <span class='ocrx_word' id='word_1_370' title='bbox 601 2706 639 2737; x_wconf 88' lang='lat' dir='ltr'><strong>et</strong></span> <span class='ocrx_word' id='word_1_371' title='bbox 670 2713 882 2752; x_wconf 88' lang='lat' dir='ltr'><strong>suspensus</strong></span> <span class='ocrx_word' id='word_1_372' title='bbox 913 2700 1084 2751; x_wconf 83' lang='lat' dir='ltr'><strong>clipeus,</strong></span> <span class='ocrx_word' id='word_1_373' title='bbox 1125 2699 1167 2736; x_wconf 88' lang='lat' dir='ltr'><strong>in</strong></span> <span class='ocrx_word' id='word_1_374' title='bbox 1195 2699 1308 2736; x_wconf 89' lang='lat' dir='ltr'><strong>cuius</strong></span> <span class='ocrx_word' id='word_1_375' title='bbox 1337 2704 1473 2737; x_wconf 82' lang='lat' dir='ltr'><strong>tamen</strong></span> <span class='ocrx_word' id='word_1_376' title='bbox 1504 2712 1644 2737; x_wconf 89' lang='lat' dir='ltr'><strong>conse-</strong></span> 
     </span>
     <span class='ocr_line' id='line_1_44' title="bbox 134 2756 1645 2808; baseline 0.001 -15"><span class='ocrx_word' id='word_1_377' title='bbox 134 2757 312 2794; x_wconf 79' lang='lat' dir='ltr'><strong>eratione</strong></span> <span class='ocrx_word' id='word_1_378' title='bbox 351 2763 470 2808; x_wconf 86' lang='lat' dir='ltr'><strong>poeta</strong></span> <span class='ocrx_word' id='word_1_379' title='bbox 519 2757 670 2807; x_wconf 85' lang='lat' dir='ltr'><strong>aliquid</strong></span> <span class='ocrx_word' id='word_1_380' title='bbox 708 2757 894 2795; x_wconf 86' lang='lat' dir='ltr'><strong>habuisse</strong></span> <span class='ocrx_word' id='word_1_381' title='bbox 940 2757 1124 2805; x_wconf 85' lang='lat' dir='ltr'><strong>videtur,</strong></span> <span class='ocrx_word' id='word_1_382' title='bbox 1164 2756 1275 2807; x_wconf 87' lang='lat' dir='ltr'><strong>quod</strong></span> <span class='ocrx_word' id='word_1_383' title='bbox 1324 2763 1518 2807; x_wconf 82' lang='lat' dir='ltr'><strong>sequutus</strong></span> <span class='ocrx_word' id='word_1_384' title='bbox 1559 2763 1645 2807; x_wconf 79' lang='lat' dir='ltr'><strong>est3</strong></span> 
     </span>
     <span class='ocr_line' id='line_1_45' title="bbox 134 2813 1646 2866; baseline 0.001 -15"><span class='ocrx_word' id='word_1_385' title='bbox 134 2827 226 2852; x_wconf 89' lang='lat' dir='ltr'><strong>nam</strong></span> <span class='ocrx_word' id='word_1_386' title='bbox 254 2815 366 2852; x_wconf 86' lang='lat' dir='ltr'><strong>Serv.</strong></span> <span class='ocrx_word' id='word_1_387' title='bbox 397 2813 449 2852; x_wconf 84' lang='lat' dir='ltr'><strong>ad</strong></span> <span class='ocrx_word' id='word_1_388' title='bbox 478 2815 544 2865; x_wconf 81' lang='grc' dir='ltr'>ΙΙΙ,</span> <span class='ocrx_word' id='word_1_389' title='bbox 576 2817 659 2856; x_wconf 81' lang='lat'><strong>287</strong></span> <span class='ocrx_word' id='word_1_390' title='bbox 692 2816 905 2852; x_wconf 65' lang='lat' dir='ltr'><strong>Sciendum</strong></span> <span class='ocrx_word' id='word_1_391' title='bbox 943 2823 1100 2863; x_wconf 78' lang='lat' dir='ltr'><strong>tamen,</strong></span> <span class='ocrx_word' id='word_1_392' title='bbox 1143 2814 1297 2865; x_wconf 88' lang='lat' dir='ltr'><strong>inquit,</strong></span> <span class='ocrx_word' id='word_1_393' title='bbox 1334 2814 1441 2853; x_wconf 79' lang='lat' dir='ltr'><strong>hunc</strong></span> <span class='ocrx_word' id='word_1_394' title='bbox 1469 2817 1646 2866; x_wconf 78' lang='lat' dir='ltr'><strong>clipeum</strong></span> 
     </span>
     <span class='ocr_line' id='line_1_46' title="bbox 134 2870 1648 2925; baseline 0.001 -17"><span class='ocrx_word' id='word_1_395' title='bbox 134 2870 186 2908; x_wconf 83' lang='lat' dir='ltr'><strong>ab</strong></span> <span class='ocrx_word' id='word_1_396' title='bbox 227 2871 367 2908; x_wconf 84' lang='lat' dir='ltr'><strong>Aenea</strong></span> <span class='ocrx_word' id='word_1_397' title='bbox 403 2873 522 2922; x_wconf 81' lang='lat' dir='ltr'><strong>apud</strong></span> <span class='ocrx_word' id='word_1_398' title='bbox 560 2872 886 2910; x_wconf 71' lang='lat' dir='ltr'><strong>Samothraciam</strong></span> <span class='ocrx_word' id='word_1_399' title='bbox 932 2875 974 2909; x_wconf 84' lang='lat' dir='ltr'><strong>in</strong></span> <span class='ocrx_word' id='word_1_400' title='bbox 1013 2873 1159 2922; x_wconf 80' lang='lat' dir='ltr'><strong>templo</strong></span> <span class='ocrx_word' id='word_1_401' title='bbox 1199 2881 1492 2922; x_wconf 74' lang='lat' dir='ltr'><strong>consecratum,</strong></span> <span class='ocrx_word' id='word_1_402' title='bbox 1540 2872 1648 2925; x_wconf 81' lang='lat' dir='ltr'><strong>quod</strong></span> 
     </span>
     <span class='ocr_line' id='line_1_47' title="bbox 129 2929 1647 2981; baseline 0.001 -15"><span class='ocrx_word' id='word_1_403' title='bbox 129 2936 252 2979; x_wconf 80' lang='lat' dir='ltr'><strong>poeta</strong></span> <span class='ocrx_word' id='word_1_404' title='bbox 275 2942 354 2980; x_wconf 83' lang='lat' dir='ltr'><strong>per</strong></span> <span class='ocrx_word' id='word_1_405' title='bbox 380 2931 591 2968; x_wconf 78' lang='lat' dir='ltr'><strong>transitum</strong></span> <span class='ocrx_word' id='word_1_406' title='bbox 621 2932 764 2981; x_wconf 78' lang='lat' dir='ltr'><strong>tetigit.</strong></span> <span class='ocrx_word' id='word_1_407' title='bbox 826 2930 1037 2969; x_wconf 83' lang='lat' dir='ltr'><strong>Deduxere</strong></span> <span class='ocrx_word' id='word_1_408' title='bbox 1064 2943 1156 2968; x_wconf 85' lang='lat' dir='ltr'><strong>eum</strong></span> <span class='ocrx_word' id='word_1_409' title='bbox 1184 2930 1227 2968; x_wconf 90' lang='lat' dir='ltr'><strong>in</strong></span> <span class='ocrx_word' id='word_1_410' title='bbox 1257 2929 1415 2969; x_wconf 83' lang='lat' dir='ltr'><strong>donarii</strong></span> <span class='ocrx_word' id='word_1_411' title='bbox 1440 2930 1647 2970; x_wconf 85' lang='lat' dir='ltr'><strong>notionem</strong></span> 
     </span>
    </p>
   </div>
  </div>
 </body>
</html>
