1827 3436
384 218 795 267 AENEIDos
834 219 1065 282 LIB.11,
1104 224 1326 274 40--52

1513 233 1610 276 273

107 343 383 410 Quidquid
407 343 461 392 id
487 353 585 404 est,
624 344 791 393 timeo
813 346 1023 393 Danaos
1052 353 1102 393 et
1130 344 1270 393 dona
1290 345 1519 400 serentis,

106 417 191 464 Sic
213 413 376 476 fatus,
416 413 602 461 validis
622 414 896 478 ingentem
928 414 1126 463 viribus
1150 414 1351 463 hastam

1549 423 1613 470 50

103 487 165 535 In
186 484 319 532 latus
340 483 504 551 inque
524 482 625 532 feri
652 501 865 532 curvam
889 483 1212 550 conpagibus
1237 484 1410 534 alvum

106 553 392 605 Contorsit.

468 554 625 603 Stetit
667 553 752 602 illa
791 563 1055 617 tremens,
1101 562 1366 621 uteroque
1402 572 1612 605 recusso

173 692 220 727 49
243 692 334 725 haec
359 692 458 726 dona
480 693 641 726 Parrhas.
668 692 852 738 (ferentes
876 693 1002 727 Medic.
1030 694 1126 737 lVr.)
1182 694 1228 730 50
1250 694 1384 728 validis
1406 703 1617 740 contorquet

104 738 246 772 viribus
270 751 338 771 sec.
365 740 489 773 Moret.

585 741 627 775 51
656 742 884 785 Quantopere
904 748 1039 773 veteres
1059 741 1282 773 Grammatici
1299 741 1333 773 in
1357 740 1438 786 feri
1455 743 1615 786 trepida—

105 786 193 828 rint,
224 798 264 818 ex
283 786 409 820 lacinia
429 787 660 831 intelligitur,
685 799 787 831 quani
809 788 1019 832 Pomponius
1041 787 1076 820 h.
1102 787 1126 820 l.
1150 800 1190 820 ex
1213 794 1296 820 vett.
1315 788 1464 821 Scholiis
1495 801 1614 821 serva—

105 833 176 867 vit:
210 834 314 866 FERI
327 859 335 874 ,

383 835 421 866 id
456 843 534 875 est,
571 836 670 879 equi,
714 847 797 867 nam
824 834 883 867 lib.
910 836 994 875 VII,
1026 833 1093 869 489
1111 833 1237 880 serum
1269 835 1434 880 appellat
1461 848 1614 867 cervum.

103 881 346 927 Apronianus
364 880 454 925 legit
472 881 579 921 Ferit,
603 893 668 926 pro
687 883 872 927 percussit
891 894 1038 913 curvam
1059 882 1179 914 alvum
1202 882 1241 914 ιή
1274 881 1505 927 compagibus
1535 882 1615 926 (hoe

103 927 139 959 in
158 927 244 960 Cod.
271 925 432 960 Medice‘o
464 929 633 969 habetur,
667 940 872 972 quamquam
894 941 913 961 a
940 929 1075 960 nemine
1100 928 1212 960 adhuc
1230 929 1417 971 notatum).

1465 929 1542 961 Alii
1560 928 1616 960 le-

103 983 199 1020 gunt
216 974 308 1014 Feri⁷
336 983 376 1006 ut
397 975 583 1021 sdserus,
601 975 698 1020 seri,
718 988 789 1020 pro
811 987 924 1020 equo,
952 983 992 1006 ut
1004 974 1114 1021 sera,
1132 974 1260 1019 serae,
1286 986 1350 1017 pro
1370 975 1615 1020 quadrupede.

105 1022 185 1055 Alii
203 1022 333 1067 legunt
350 1022 457 1062 Feri,
496 1031 535 1054 ut
564 1023 615 1054 sic
632 1024 697 1063 sit,
731 1022 770 1054 id
802 1030 857 1054 est
874 1021 1019 1067 seram,
1050 1029 1204 1067 propter
1230 1020 1339 1053 verba
1368 1021 1532 1053 similiter
1552 1034 1616 1053 ca·

105 1068 233 1101 dentice
261 1069 313 1111 (ut
334 1067 379 1099 sit
402 1080 467 1112 pro
493 1068 617 1114 feram
645 1081 795 1101 curvam
822 1068 956 1111 alvum)
983 1087 1028 1093 —
1059 1069 1169 1100 Porro
1185 1066 1265 1113 feri
1281 1080 1308 1099 c.
1337 1069 1558 1113 compaginis
1582 1080 1614 1100 u.

104 1116 175 1148 MS.
199 1114 368 1147 Prisciani
385 1128 421 1159 p.
445 1116 512 1150 134
533 1122 691 1148 notatum
713 1114 748 1146 in
774 1115 918 1147 Collect.
939 1118 1016 1148 Sax.
1067 1115 1186 1147 alvom
1208 1114 1296 1147 Gud.

1389 1116 1434 1149 52
1459 1115 1613 1147 Intorsit

105 1174 173 1194 sec.
194 1161 363 1194 Rottend.
385 1163 479 1205 quod
500 1162 643 1195 defendi
662 1161 787 1207 possit.
837 1174 964 1195 recuso
983 1163 1070 1205 Reg.
1094 1174 1112 1193 a
1144 1173 1187 1193 m.
1217 1172 1270 1205 pr.
1300 1166 1334 1192 et
1355 1167 1435 1193 tert.
1467 1160 1609 1193 Mentel.

106 1221 182 1241 cum
206 1208 297 1241 binis
321 1209 429 1242 Goth.
480 1210 623 1242 recluso
645 1221 698 1254 pr.
721 1208 845 1242 Hamb.
870 1215 905 1241 et
934 1221 1002 1241 sec.
1021 1210 1151 1240 Moret.
1170 1219 1363 1252 perperam.

105 1314 221 1367 ἄκρα.
280 1315 387 1353 unde
424 1321 661 1367 prospectus
695 1328 832 1353 versus

103 1374 228 1412 littus.

163 1488 232 1529 46.
258 1488 311 1525 Ut
331 1488 382 1525 sit
399 1501 473 1539 pro
498 1488 603 1526 tusri
619 1488 718 1525 rotis
735 1487 833 1524 sub-

103 1546 214 1584 iectis
246 1559 362 1585 muro
391 1545 598 1583 admoveri
630 1545 756 1593 solita,
787 1551 836 1582 ut

107 1604 276 1642 demisso
311 1609 435 1654 ponte
480 1616 662 1640 escensus
691 1601 763 1639 fiat
795 1602 836 1639 in

105 1675 281 1700 murum.
314 1686 366 1691 —
399 1661 467 1701 47.
497 1660 573 1707 Ut,
605 1660 674 1710 qui
696 1659 837 1697 inclusi

106 1725 221 1768 sunt,
254 1732 304 1756 ex
325 1732 390 1765 ea,
420 1724 628 1768 tamquam
651 1731 701 1755 ex
718 1717 837 1765 turri,

107 1777 304 1830 speculari
346 1777 487 1831 urbem
520 1782 559 1813 et
588 1775 758 1826 desuper
788 1787 837 1811 ex

107 1836 248 1873 altiore
289 1835 379 1872 loco
418 1834 460 1871 in
500 1847 637 1871 muros
683 1833 839 1870 desilire

105 1895 270 1946 possint.
331 1907 435 1929 error
456 1905 553 1929 mox
581 1905 654 1943 pro
685 1890 840 1939 fraude,

107 1951 316 2002 exquisite.
361 1950 551 2002 (aliquis,
584 1949 609 1987 i.
639 1961 670 1986 e.
705 1948 839 1985 alius

108 2023 131 2060 q
145 2009 247 2057 uis;
281 2022 400 2059 quam
417 2007 743 2058 significationem
764 2005 841 2043 fuit

107 2067 177 2118 qui
215 2067 314 2104 salso
346 2064 441 2103 huic
473 2078 559 2103 voc.
586 2064 711 2102 tribui
742 2077 839 2101 con-

107 2124 315 2174 tenderet3
357 2122 453 2161 Aen.
476 2123 544 2171 IX,
577 2125 693 2163 186:
735 2120 842 2170 „Aut

108 2197 296 2234 pugnam,
318 2187 388 2219 aut
424 2180 627 2230 aliquid
656 2179 734 2217 iam
760 2179 840 2216 du-

116 2240 214 2278 dum
252 2239 442 2278 invadere
492 2251 679 2289 magnum
730 2236 841 2274 Mens

109 2298 232 2349 agitat
266 2296 415 2335 1nil1i.“
478 2296 555 2334 Cic.
597 2295 645 2332 de
677 2295 774 2346 Rep.
811 2294 839 2342 Ι,

115 2358 199 2397 18.;
231 2356 447 2405 „observat
467 2354 572 2391 Iovis
586 2354 686 2391 Cum
707 2365 840 2404 capra,

111 2420 182 2451 aut
211 2427 334 2465 nepa,
375 2418 444 2450 aut
478 2411 663 2449 exoritur
694 2422 840 2447 nomen

111 2471 326 2522 aliquod
356 2470 535 2507 beluae.“
580 2468 635 2509 id.
658 2467 706 2506 de
728 2468 840 2505 Orat.

114 2529 161 2578 ΙΙ,
191 2529 278 2573 42.;
320 2528 465 2576 „Plura
486 2526 589 2564 enim
612 2526 740 2564 multo
763 2524 841 2562 llo-

112 2586 235 2624 mines
259 2587 438 2624 iudicant
459 2584 575 2631 odio,
607 2590 678 2622 aut
697 2595 843 2630 amore,

112 2650 183 2682 aut
223 2644 467 2696 cupiditate,
515 2648 584 2679 aut
626 2640 845 2687 iracundia,

891 1314 1018 1352 habeo
1056 1314 1211 1350 Danaos
1248 1320 1450 1364 suspectos
1482 1314 1612 1362 etiam,

892 1386 982 1410 cum
1002 1371 1111 1410 ultro
1131 1371 1303 1408 offerunt
1327 1370 1442 1408 dona.

951 1488 1015 1527 50.
1053 1486 1097 1524 V
1092 1487 1212 1524 <elidis
1244 1484 1390 1522 viribus
1423 1498 1497 1536 pro
1527 1499 1613 1523 nia-

893 1544 988 1594 gnis.
1049 1543 1146 1581 Mox
1184 1543 1431 1581 ornatissime
1467 1543 1613 1581 iteruin

894 1614 1040 1651 equum
1064 1601 1235 1652 ligneum
1261 1600 1449 1638 declarat.
1491 1600 1535 1637 In
1548 1602 1613 1637 la-

895 1668 958 1696 tus
976 1665 1015 1695 et
1039 1660 1168 1707 alvus,
1199 1671 1299 1709 quae
1317 1658 1358 1695 in
1376 1671 1502 1695 unum
1522 1658 1611 1695 iun-

897 1723 983 1764 cta,
1026 1730 1107 1754 non
1128 1722 1186 1753 est
1205 1715 1482 1768 argutandum.
1519 1715 1614 1752 Iun-

896 1780 1047 1825 guntur
1084 1788 1105 1810 a
1128 1774 1256 1825 poetis
1285 1786 1506 1824 synonyma
1535 1773 1615 1809 sine

898 1831 1006 1869 omni
1027 1832 1258 1869 subtilitate.
1302 1831 1374 1880 (ita
1393 1837 1539 1873 tamen,
1570 1836 1616 1867 ut

899 1890 1013 1927 alteri
1052 1890 1201 1927 nomini
1233 1888 1407 1926 addatur
1449 1887 1611 1937 aliquid,

899 1947 1009 1998 quod
1036 1947 1100 1984 vel
1141 1947 1190 1984 ad
1218 1947 1375 1998 plenam
1413 1945 1614 1982 notionem

900 2005 1166 2053 denda-etus,
1236 2010 1307 2042 aut
1342 2003 1393 2040 ad
1431 2009 1615 2040 ornatum

902 2064 1113 2113 pertineat,
1133 2060 1230 2100 uth.
1250 2062 1274 2100 l.
1298 2074 1487 2106 (·ῑινιάηι;
1514 2066 1551 2096 et
1575 2061 1612 2095 in

899 2122 1005 2158 latus
1031 2129 1066 2157 et
1095 2134 1259 2157 curvam
1288 2119 1426 2154 alvum
1452 2117 1476 2154 i.
1509 2131 1543 2166 q.
1574 2118 1612 2152 in

900 2192 1065 2215 curvum
1099 2179 1218 2214 lectus.
1289 2175 1377 2212 Vid.
1421 2174 1535 2211 ctiam
1565 2174 1613 2219 Q.

900 2236 947 2274 V.
976 2235 1173 2283 XXXIII,
1212 2234 1250 2276 5.
1294 2231 1409 2285 Ilsr.)
1485 2230 1614 2267 Etiam

901 2291 1120 2344 Tryphiod.
1153 2294 1204 2333 61
1243 2290 1360 2329 Ποίει
1386 2284 1427 2329 δ’
1454 2283 1615 2340 εὐρυτά-

899 2367 970 2402 της
1004 2347 1077 2400 μὲν
1111 2349 1127 2383 ἕ
1164 2349 1170 2361 “
1205 2349 1379 2399 πλευρῆς
1417 2340 1615 2397 ἀραρυῖαν

903 2406 1092 2459 Γαστὲρα.
1151 2406 1257 2444 infra
1285 2418 1322 2442 v.
1346 2406 1439 2444 231.
1464 2411 1615 2452 tergum

899 2465 1076 2518 ponitur.
1137 2465 1180 2501 In
1206 2462 1380 2514 partium
1401 2474 1445 2496 ac
1464 2461 1615 2497 sorma-

900 2536 992 2561 rum
1039 2532 1305 2573 generumque
1354 2516 1617 2568 designatione

902 2593 1095 2619 summam
1144 2579 1368 2616 libertatem
1427 2573 1616 2612 orationis

905 2638 1083 2690 poeticae
1120 2636 1274 2674 indoles
1307 2648 1351 2671 ao
1387 2632 1490 2669 ratio
1525 2632 1614 2667 sert.

112 2708 183 2739 aut
202 2701 353 2750 dolore,
384 2706 455 2738 aut
472 2699 634 2748 laetitia,
666 2705 735 2737 aut
759 2711 839 2750 spe,
886 2697 1028 2748 serum
1057 2694 1251 2745 exquisite
1274 2691 1377 2729 dixit
1402 2703 1474 2740 pro
1503 2702 1613 2738 equo,

112 2765 182 2797 aut
223 2759 392 2807 timore,
447 2763 517 2795 aut
562 2770 720 2804 errore,

112 2816 157 2854 al
169 2817 182 2854 i
194 2831 218 2867 q
231 2831 258 2854 u
269 2831 291 2853 a
354 2815 606 2869 permotione
646 2813 802 2851 mentis.
818 2814 840 2833 “

112 2874 191 2912 Csr.
231 2875 349 2912 etiam
388 2872 588 2910 Schaefer.
629 2871 679 2909 ad
720 2869 843 2922 Sopll.

113 2931 258 2970 Trach.
289 2934 385 2973 390.
431 2928 548 2981 ll‘r.)
631 2929 698 2970 49.
722 2928 780 2966 Ἠ.
813 2941 844 2965 e.

180 3000 389 3048 VmGn„
431 2998 571 3045 ΤΟΜ.
610 2997 670 3044 ΙΙ.

771 2761 842 2793 aut
900 2760 944 2792 ut
968 2753 1113 2790 docent
1131 2751 1273 2789 Lexica
1292 2755 1330 2785 et
1346 2747 1419 2785 xiri
1441 2746 1547 2783 docti
1567 2744 1615 2781 ud

900 2810 1139 2849 Phaedrum.
1188 2810 1236 2846 cf.
1267 2806 1306 2844 h.
1334 2804 1357 2842 l.
1406 2803 1529 2840 Corda
1572 2816 1615 2837 ac.

902 2869 1062 2906 Petron.
1100 2870 1175 2915 89,
1220 2868 1283 2908 12.
1331 2861 1403 2914 (ita
1436 2861 1534 2897 insi-a
1570 2858 1612 2903 V,

905 2928 1021 2967 818.;
1052 2922 1380 2977 „spumantiaque
1395 2918 1500 2955 addit
1518 2916 1611 2952 Fre-

1272 2987 1338 3032 18
