1827 3436
345 271 758 325 AENEIDos
795 272 942 321 LIB.
980 271 1045 333 Π,
1079 276 1370 323 681—691
1514 277 1617 325 363

101 407 211 454 Nos
255 399 431 468 pavidi
479 396 749 464 trepidare
796 405 972 459 mem,
1040 396 1354 462 crinemque
1394 395 1621 462 flagran—

886 475 1000 514 tem
1520 471 1621 520 685

103 544 363 592 Excutere
381 579 394 602 ‚
442 547 494 587 et
524 545 733 586 sanctos
761 536 1093 600 restinguere
1120 533 1361 586 fontibus
1391 537 1552 602 ignes.

103 614 169 662 At
190 618 341 675 pater
363 608 620 658 Anchises
649 607 835 655 oculos
858 606 923 655 ad
950 605 1121 655 s1dera
1142 605 1309 655 laetus

106 679 333 739 Extulit„
375 687 427 728 et
449 676 602 727 coelo
623 676 823 743 palmas
846 693 968 725 cum
996 692 1129 725 voce
1154 676 1407 727 tetendit:

106 750 347 815 Iuppiter
371 749 741 813 omnipotens,
778 746 1026 813 precibus
1057 747 1097 795 si
1115 744 1345 796 flecteris
1370 745 1506 807 ullis,

107 819 335 885 Adspice
380 835 481 868 nos
527 817 632 866 hoc
677 825 913 876 tantum3
988 825 1063 878 et,
1118 819 1159 866 si
1203 818 1400 883 pietate
1448 832 1623 864 mere-

896 904 1020 935 mur
1524 891 1626 937 690

107 962 186 1010 Da
232 956 431 1008 deinde
477 955 751 1019 auxilium,
819 965 993 1022 pater,
1023 927 1034 949 ³
1061 964 1222 1023 atque
1265 955 1398 1005 haec
1445 956 1627 1004 omina

901 1025 1071 1077 firma.

181 1103 294 1151 690.
331 1111 457 1157 Nos3
498 1110 604 1145 noc

206 1237 275 1273 685
306 1237 442 1282 trepidi
466 1235 575 1269 wau.
624 1247 734 1268 manu
757 1236 960 1280 crinemque
979 1237 1115 1280 Hugen.
1197 1235 1266 1269 686
1290 1245 1418 1268 sacros
1435 1233 1541 1266 Goth.
1562 1246 1630 1266 sec.

113 1285 258 1318 Mentel.
278 1296 345 1317 sec.
368 1291 403 1316 et
423 1283 477 1316 ed.
496 1284 595 1324 Dan„
622 1294 665 1315 ex
682 1283 891 1326 compendio
914 1283 1122 1316 litterarum.
1148 1294 1181 1315 v.
1204 1283 1316 1315 Burm.
1354 1281 1511 1313 Macrob.
1527 1282 1583 1322 111,
1597 1281 1631 1314 3.

115 1340 285 1373 sanctos,
309 1342 457 1369 sacrm,
492 1331 577 1375 quia
612 1330 790 1363 divinitus
817 1331 1063 1375 contigerunt.
1112 1331 1346 1373 exstinguere
1367 1340 1424 1372 qu.
1444 1329 1573 1360 Moret.
1597 1334 1633 1359 et

115 1380 219 1411 Voss.
312 1378 381 1412 687
407 1380 456 1409 Et
470 1390 507 1422 p.
525 1378 648 1409 Franc.
742 1378 811 1412 688
836 1381 890 1409 Ac
912 1377 1004 1410 coeli
1018 1376 1187 1409 Rottend.
1209 1388 1262 1420 pr.
1313 1383 1348 1408 et
1363 1374 1511 1420 palmas
1529 1374 1631 1406 coelo

117 1425 249 1458 Zulich.
300 1424 349 1456 ad
375 1423 513 1456 coelum
533 1423 668 1467 aliquot
684 1423 775 1457 Pier.
825 1425 874 1457 ad
901 1424 1022 1456 coelos
1042 1436 1078 1469 p.
1103 1422 1272 1455 Rottend.
1297 1434 1378 1461 sec„
1404 1421 1503 1453 male.
1540 1421 1632 1453 conf.

118 1473 234 1505 Burm.
331 1472 402 1505 690
429 1470 496 1502 llos
519 1482 585 1513 pro
611 1471 679 1503 lzoc
702 1471 842 1512 Medic.,
867 1471 930 1503 sed
955 1483 974 1503 a
999 1483 1044 1504 m.
1070 1482 1123 1514 pr.
1173 1482 1241 1502 nos
1265 1477 1410 1501 tantum
1435 1475 1471 1500 et
1496 1469 1528 1500 si
1547 1467 1634 1512 qaid

112 1532 151 1565 p.
178 1519 314 1562 Hugen.
365 1515 475 1560 (Quid
500 1517 570 1550 hoc
596 1523 669 1549 est:
702 1518 861 1564 Adspice
892 1529 979 1555 nos3
1016 1518 1084 1550 lzoc
1107 1515 1278 1549 tantum?
1313 1514 1508 1559 explicant:
1544 1513 1634 1546 nihil

119 1565 213 1598 aliud
233 1565 295 1597 abs
320 1570 356 1596 te
382 1571 487 1607 pet03
513 1564 608 1608 quod
631 1563 734 1598 facile
773 1565 881 1597 sentis
908 1576 1009 1608 quam
1035 1564 1081 1596 sit
1105 1563 1318 1607 languidum.
1367 1564 1412 1593 At
1436 1568 1474 1593 tu
1500 1573 1634 1594 mecum

118 1612 222 1655 iunge
246 1610 398 1656 pessime
423 1610 589 1643 dii-emta:
624 1611 782 1657 Adspice
806 1623 874 1644 nos
898 1612 966 1644 hoc
990 1612 1157 1644 tantum!
1191 1610 1213 1643 i.
1237 1621 1266 1643 e.
1291 1609 1383 1641 hunc
1408 1614 1542 1640 tantum
1568 1608 1636 1640 ad-

119 1665 277 1702 spectum
302 1669 366 1690 nos
392 1656 554 1701 adspice3
579 1657 623 1690 de
648 1669 716 1701 quo
742 1658 911 1702 loquendi
945 1669 1073 1702 genere
1098 1657 1230 1690 dictum
1257 1662 1310 1688 est
1335 1655 1371 1688 in
1396 1656 1480 1688 Not.
1508 1655 1552 1687 ad
1576 1656 1635 1696 111,

119 1706 193 1744 56.;
225 1705 335 1748 sivet‘
357 1704 465 1736 omnis
491 1704 725 1737 Troianorum
750 1706 889 1738 fortuna
914 1717 1017 1749 quum
1043 1703 1236 1742 corruerit,
1271 1703 1361 1735 hanc
1395 1708 1530 1734 tantum
1561 1701 1635 1734 eius

119 1760 255 1796 partem
280 1751 434 1795 adspice.
484 1752 534 1782 En
562 1752 687 1784 bonum
712 1752 860 1785 factum!
899 1752 1004 1784 modo
1039 1751 1143 1784 video
1178 1751 1282 1782 etiam
1317 1762 1337 1782 a
1362 1749 1545 1793 praeclaro
1572 1748 1636 1781 illo

120 1799 282 1831 Mediceo
308 1798 432 1831 abesse
458 1798 633 1830 sublatam
657 1810 677 1831 a
701 1810 756 1831 me
783 1799 1060 1832 distinctionem.
1090 1796 1185 1837 lVr.)
1271 1798 1337 1831 691
1365 1796 1559 1828 Turbatum
1580 1795 1638 1828 hic

120 1845 253 1890 aliquid
279 1845 361 1878 olim
389 1857 464 1877 esse
489 1845 630 1886 debuit,
655 1845 684 1878 si
709 1848 878 1891 Pompon.
903 1845 1067 1879 Sabinum
1092 1843 1275 1889 inspicias:
1302 1841 1448 1876 Probas
1471 1844 1542 1875 ait:
1579 1849 1638 1875 at·-

120 1904 188 1936 que
212 1893 301 1925 haec
326 1891 441 1924 omina
466 1892 583 1933 firma,
616 1894 690 1925 nisi
722 1895 815 1926 enim
839 1894 1005 1938 petiisset
1031 1893 1169 1932 omina,
1205 1902 1392 1935 nunquam
1426 1890 1641 1933 confirmari

123 1947 286 1985 optasset
310 1941 367 1982 (an
392 1939 461 1972 hoc
490 1939 534 1971 ad
559 1938 744 1973 lectionem
771 1942 889 1973 omina
913 1939 1105 1984 spectavit,
1129 1949 1196 1982 pro
1223 1948 1291 1982 quo
1316 1937 1351 1968 in
1375 1936 1491 1968 multis
1519 1937 1639 1968 omnia

122 1985 279 2030 legitur?
327 1985 448 2018 Fuisse
483 1985 641 2030 suspicor
678 1986 713 2019 in
747 1986 941 2019 nonnullis:
990 1994 1101 2031 atque
1131 1986 1221 2018 haec
1259 1985 1374 2017 omine
1401 1983 1541 2026 firma.)
1591 1985 1640 2015 Et

122 2034 364 2078 Apronianus
387 2031 550 2064 auxilium
577 2033 684 2077 legit,
712 2042 752 2066 ut
776 2035 842 2066 sic:
879 2037 937 2066 Da
962 2033 1095 2066 deinde
1127 2031 1303 2065 auxilium
1328 2038 1436 2075 pater
1462 2039 1498 2062 et
1521 2030 1641 2073 firma

126 2080 257 2112 omina.
305 2079 411 2123 Atqui
443 2079 533 2111 haec
569 2087 732 2113 constans
767 2080 918 2113 omnium
954 2078 1125 2112 librorum
1159 2084 1212 2110 est
1245 2077 1365 2110 lectio.
1415 2077 1520 2109 Forte
1556 2075 1641 2108 olim

126 2125 210 2157 fuit:
243 2129 301 2158 Da
335 2125 467 2158 deinde
501 2126 714 2170 auspicium.
762 2127 852 2160 llaec
877 2126 1043 2160 omissum
1076 2125 1113 2158 in
1146 2126 1282 2168 Hugen.
1309 2130 1343 2156 et
1374 2124 1498 2167 fragm.
1523 2122 1640 2156 Vatic.

127 2244 172 2283 ge
214 2239 322 2268 tacta
360 2233 522 2268 innoxia
533 2245 550 2277 ;
604 2231 686 2271 vid.
726 2231 772 2270 V.
811 2233 852 2270 L.

133 2287 243 2341 lVr.)
313 2288 531 2336 Lambere,
578 2291 723 2338 pasci,
777 2303 851 2340 pro

130 2345 270 2383 ardere
310 2359 428 2396 quarn
467 2348 624 2383 ornate!
671 2360 721 2384 ex
753 2347 852 2398 ignis

130 2409 289 2441 natura.
360 2403 563 2452 sontibus,
620 2404 736 2443 docte
779 2419 852 2456 pro

130 2462 253 2509 fonte,
284 2466 324 2497 et
339 2459 417 2498 hoc
434 2475 508 2512 pro
530 2475 644 2511 aqua.
703 2463 856 2500 ornate

131 2525 264 2557 autem
298 2518 405 2556 dicta
435 2519 600 2569 singula.
640 2522 688 2558 cf.
718 2521 856 2558 imita—

131 2578 281 2614 tionem
301 2576 446 2614 Valerii
468 2577 598 2615 Flacci
617 2577 644 2626 I,
674 2578 756 2620 570
774 2593 857 2629 sqq.

135 2631 216 2685 (-
247 2633 343 2676 685.
372 2635 525 2684 pavidi
553 2644 657 2672 mem
687 2636 858 2687 iungen-

135 2690 231 2727 dum
256 2704 336 2728 esse
370 2692 486 2729 docet
518 2693 671 2731 Wakes.
704 2694 756 2731 ad
775 2695 857 2732 Lu-

137 2753 232 2786 cret.
253 2748 299 2796 II,
331 2749 397 2788 44.
425 2749 535 2803 ΖΓΛ)

195 2806 289 2845 690.
301 2806 478 2856 Adspice
495 2822 578 2856 nos,
599 2821 672 2858 pro
691 2807 860 2859 vulgari,

139 2863 295 2910 respice,
327 2868 373 2899 ut
394 2864 568 2902 animum
593 2865 644 2902 ad
668 2866 861 2903 Troianos

140 2917 346 2966 ndve1=tat3
369 2933 456 2956 nam
476 2921 608 2960 adhuc
628 2936 791 2961 aversus
812 2923 860 2960 ab

140 2974 185 3011 iis
209 2987 289 3011 esse
310 2975 530 3016 videbatur.
555 2977 641 3030 (sed
661 2980 743 3018 vid.
761 2981 806 3019 V.
820 2981 861 3020 L.

918 2234 1014 2272 lVr.
1045 2254 1095 2260 -
1116 2231 1295 2281 Adspice
1310 2251 1366 2259 —
1387 2229 1641 2282 ἔπίβλεπε-

913 2289 1129 2327 convenire
1170 2288 1291 2339 magis
1329 2287 1495 2326 videtur
1540 2286 1642 2324 allo—

912 2347 1062 2397 quenti.
1104 2347 1204 2384 Nam
1230 2348 1418 2396 respicere
1449 2344 1644 2396 significat

912 2418 1051 2442 curam
1074 2404 1234 2452 habere,
1265 2403 1425 2452 iuvare3
1457 2409 1498 2440 at
1518 2402 1643 2441 verbo

914 2463 1117 2513 adspicere
1145 2475 1216 2514 per
1236 2474 1275 2499 se
1301 2475 1384 2498 non
1407 2460 1511 2498 inest
1531 2467 1643 2499 notio

913 2520 1203 2572 prospiciendi;
1253 2520 1299 2557 cs.
1335 2519 1408 2567 IV,
1448 2521 1566 2567 3723
1606 2523 1646 2555 et

914 2578 1106 2617 Anchises
1134 2578 1176 2615 id
1210 2576 1446 2630 praesertim
1477 2576 1644 2628 expetit,

915 2642 963 2674 ut
992 2637 1143 2688 Iupiter
1168 2636 1209 2673 in
1246 2648 1286 2672 se
1309 2648 1480 2685 suosque
1510 2634 1645 2672 oculos

919 2700 1150 2742 convertat,
1190 2699 1278 2730 tum
1306 2694 1479 2730 alterum
1513 2697 1645 2742 rogat:

920 2753 973 2790 da
996 2753 1208 2789 marilian».
1245 2749 1388 2803 chlz.)
1451 2750 1525 2787 hoc
1553 2757 1646 2785 lan-

920 2818 1026 2858 tum,
1067 2823 1118 2847 sc.
1154 2809 1271 2860 plura
1304 2822 1325 2845 a
1355 2814 1396 2846 te
1429 2821 1511 2845 non
1541 2812 1645 2857 peto.

919 2867 988 2905 ins.
1010 2867 1082 2914 IX,
1115 2869 1197 2908 636
1219 2869 1312 2903 Hoc
1330 2874 1490 2902 [aulum
1513 2865 1646 2901 Asea-

920 2927 1024 2962 nius.
1066 2922 1187 2976 (Add.
1218 2923 1315 2963 Aen.
1343 2924 1373 2971 Ι,
1415 2925 1503 2963 79.;
1555 2922 1648 2957 Iloc

917 2983 1105 3033 primum.
1124 2982 1194 3021 W
1188 2979 1268 3033 cll.)
1310 2983 1404 3023 691.
1426 2980 1525 3016 haec
1547 2978 1647 3014 omi-
