1811 3388
297 213 713 265 AENEIDOS
751 212 900 262 LIB.
939 213 1026 276 VI,
1064 218 1356 269 667—683
1498 224 1598 272 957

84 343 246 403 Dixit,
286 349 337 390 et
371 348 493 389 ante
515 337 635 387 tulit
656 352 923 401 gressum,
965 353 1288 403 camposque
1313 340 1523 391 nitentis

84 416 330 476 Desuper
375 415 629 466 ostentat3
689 406 887 455 dehinc
933 423 1143 455 summa
1190 410 1463 459 cacumina
1499 411 1598 461 lin-

873 484 1058 541 quunt.

155 552 221 598 At
241 556 392 614 pater
415 544 667 595 Anchises
687 545 899 611 penitus
931 544 1167 594 convalle
1189 545 1379 594 virenti

86 618 318 668 Inclusas
339 617 560 676 animas,
598 631 964 681 superumque
988 614 1054 663 ad
1076 614 1260 664 lumen
1286 616 1461 677 ituras,
1501 623 1601 668 680

85 687 361 738 Lustrabat
383 685 560 734 studio
588 685 859 746 recolens,
899 701 1230 750 omnemque
1259 701 1485 743 suorum

85 761 245 807 Forte
267 755 582 806 recensebat
609 771 898 803 numerum
914 795 926 817 ,
962 771 1219 820 carosque
1241 764 1483 820 nepotes,

85 831 335 893 Fataque,
366 826 717 890 fortunasque
740 825 925 886 virum,
950 840 1257 890 moresque,
1286 841 1599 891 manusque.

179 968 247 1003 677
266 977 419 1008 gressu-s·
437 966 575 1009 Menag.
597 977 666 999 sec.
693 965 868 1009 (nitentes
885 964 1012 997 Medic.
1044 966 1139 1007 JVr.)
1210 965 1278 1000 678
1304 967 1352 997 Et
1370 976 1481 1010 super
1504 964 1601 996 Dor-

87 1015 159 1048 vill.
210 1021 398 1047 ostentant
417 1013 539 1055 fragm.
564 1012 675 1047 Vatic.
700 1024 720 1045 a
743 1025 787 1044 m.
810 1024 862 1055 pr.
884 1011 990 1044 Goth.
1014 1017 1095 1043 tert.
1146 1011 1306 1044 ostendit
1326 1011 1394 1043 duo
1416 1012 1598 1044 Burmann.

87 1061 194 1094 Goth.
226 1072 295 1092 sec.
327 1065 363 1091 et
396 1059 450 1092 ed.
475 1061 560 1091 Veu.
610 1059 742 1105 linquit
772 1060 857 1091 Veri.
908 1059 1073 1102 linquent
1108 1058 1229 1090 Frauc.
1290 1058 1458 1102 linquunt
1493 1057 1598 1100 Gud.,

86 1109 178 1141 unde
198 1107 330 1140 illatum
351 1112 426 1138 erat
441 1105 483 1138 ab
506 1104 662 1138 Heinsio.
689 1106 786 1149 (dein
801 1117 830 1137 s.
843 1104 1004 1147 Sangall.,
1031 1104 1088 1148 qui
1107 1104 1198 1137 hunc
1216 1115 1349 1136 versum
1360 1110 1442 1147 post
1453 1116 1500 1137 vs.
1515 1104 1598 1140 695.

87 1155 296 1188 collocatum
314 1152 431 1185 habet.
457 1153 552 1195 Wr.)

649 1152 717 1187 679
737 1153 774 1184 in
796 1152 895 1185 valle
916 1151 1075 1183 Parrhas.
1108 1157 1143 1182 et
1164 1152 1250 1183 Ven.
1294 1163 1372 1182 cam
1404 1151 1503 1183 valle
1530 1151 1598 1183 duo

87 1202 158 1234 alii.
207 1201 341 1234 nitenti
357 1211 410 1243 pr.
432 1199 555 1231 Hamb.
604 1199 695 1231 Male
714 1199 750 1234 h.
772 1199 796 1231 l.
846 1198 973 1230 Nitere
1003 1197 1090 1229 enirn
1107 1197 1257 1229 refertur
1280 1197 1324 1229 ad
1342 1197 1470 1229 cultum
1495 1197 1598 1230 loco-

86 1261 173 1281 rum.
197 1248 267 1281 vid.
289 1248 374 1279 Not.
423 1246 515 1278 Male
534 1246 636 1278 etiam
660 1245 797 1278 Servius
818 1244 930 1287 iungit
951 1246 1097 1289 penitus
1122 1244 1268 1283 virenti,
1304 1255 1378 1276 curn
1396 1243 1458 1284 sit,

430 1294 499 1327 680
518 1293 759 1337 Inclusasque
780 1304 830 1336 pr.
851 1291 975 1323 Hamb.
1026 1291 1190 1322 illustres
1208 1290 1368 1322 Parrhas.
1420 1290 1468 1322 ad
1488 1291 1596 1322 limen

88 1303 149 1328 tus
165 1296 202 1328 in
226 1293 334 1327 valle.

1490 1245 1598 1288 peni-

87 1342 156 1375 duo
179 1341 299 1373 Heius.
316 1352 356 1372 ac
378 1339 446 1372 duo
466 1341 577 1372 Burm.
600 1351 676 1372 cum
697 1339 796 1370 trinis
819 1338 937 1379 Goth„
970 1337 1063 1381 quod
1089 1336 1207 1368 ornari
1233 1336 1356 1378 possit.
1405 1336 1472 1369 Sed
1504 1336 1596 1369 cons.

85 1388 147 1421 inf.
173 1389 252 1423 829.

346 1388 416 1421 682
440 1398 611 1419 numeros
627 1387 766 1418 Excurs.
790 1387 900 1418 Burm.
949 1385 1139 1428 clarosque
1160 1383 1210 1415 ed.
1237 1384 1322 1415 Dan.

1419 1383 1488 1417 683
1520 1386 1596 1415 Fa·-

86 1444 216 1480 ctaque
234 1435 355 1467 Franc.
404 1445 595 1478 genusque
615 1432 702 1465 alios
732 1432 850 1476 legere
874 1430 1005 1463 Pierius
1030 1430 1073 1462 ad
1100 1429 1290 1473 marginem
1318 1436 1510 1468 notaverat,
1537 1429 1598 1462 sed

85 1482 222 1515 videtur
239 1493 280 1513 ex
297 1480 538 1513 emendatione
561 1480 777 1524 profectum3
803 1478 883 1524 quia
910 1477 1088 1511 obscurius
1117 1483 1191 1519 est,
1220 1476 1302 1522 quid
1326 1488 1457 1509 manu-5
1477 1476 1534 1509 sit.

88 1599 398 1652 (superate—et,
416 1598 498 1636 vid.
516 1598 567 1646 Q.
581 1598 625 1638 V.
643 1597 813 1645 XXXV,

89 1661 154 1700 12.
179 1656 317 1709 lsVr.).
357 1657 496 1694 Anteit
524 1663 611 1694 tum
632 1655 815 1693 Musaeus

86 1715 188 1767 ipse3
211 1714 278 1752 ubi
301 1727 351 1751 ex
373 1728 529 1752 summo
554 1713 663 1751 collis
684 1712 813 1751 verti-

87 1786 130 1810 ce
158 1773 291 1810 locum
329 1772 586 1821 ostendisset,
626 1777 710 1808 tum
733 1771 812 1808 Ae-

86 1844 179 1869 neas
202 1836 241 1867 et
267 1830 415 1881 Sibylla
437 1829 562 1866 altera
590 1835 704 1880 parte
727 1827 814 1865 col-

84 1889 132 1926 lis
151 1887 421 1937 descendunt,
464 1887 637 1925 discessu
666 1886 813 1924 scilicet

86 1960 106 1984 a
131 1945 292 1983 Musaeo
314 1946 433 1984 facto.
493 1958 657 1994 campos
682 1946 813 1980 milen-

87 2013 165 2053 tes,
216 2017 288 2055 pro
333 2003 506 2041 amoenis
544 2015 651 2039 nunc
697 2001 813 2038 dixit.

87 2063 183 2113 Sup.
204 2062 345 2112 Georg.
370 2061 399 2109 I,
436 2062 512 2102 153
535 2059 582 2096 de
609 2059 720 2096 cultu
749 2058 812 2095 di-

88 2133 178 2157 cum
210 2125 317 2168 erat,
347 2120 514 2155 nitentia
536 2118 645 2154 culta
667 2121 706 2153 et
728 2128 813 2152 sae-

86 2190 135 2229 pe
154 2177 231 2215 alii.

147 2237 229 2276 679
260 2247 343 2284 sqq.
383 2232 435 2269 De
475 2244 643 2268 occursu
676 2229 814 2266 matris

87 2292 237 2344 Ulyssis
259 2290 451 2329 nonnulla
481 2288 522 2326 in
551 2287 717 2324 similem
746 2301 814 2324 ra-

87 2350 236 2388 tionem
248 2355 341 2386 sunt
354 2362 413 2399 ap.
426 2347 658 2392 Homerum,
674 2344 816 2395 Odyss.

88 2410 121 2457 λ,
165 2410 240 2448 151
278 2419 384 2456 sqq.;
425 2404 492 2441 sed
532 2404 642 2440 locus
673 2401 738 2439 hic
767 2401 815 2438 de

92 2463 260 2502 Anchisa
289 2462 490 2514 praeclare
519 2475 540 2497 a
564 2460 727 2510 Virgilio
757 2465 817 2495 est

88 2527 298 2562 tractatus,
380 2518 606 2557 Artificium
676 2522 817 2568 poetae

90 2579 286 2631 egregium
304 2578 343 2615 in
366 2577 463 2625 hoc,
494 2575 603 2626 quod
628 2573 816 2611 Anchises

88 2637 167 2676 hoc
190 2638 271 2688 ipso
292 2642 466 2686 tempore
486 2634 525 2670 in
542 2645 705 2670 recensu
727 2632 813 2668 ani—

89 2708 245 2733 marum
274 2694 315 2730 in
342 2692 446 2730 hanc
472 2691 593 2729 vitam
616 2689 813 2727 transitu-

89 2765 224 2790 rarum
258 2756 473 2801 occupatus
501 2749 547 2785 ab
583 2748 713 2785 Aenea
742 2747 813 2784 de-

89 2808 365 2862 prehenditur.
387 2805 584 2844 Traduxit
598 2805 700 2842 enim
714 2818 812 2856 poe—

89 2874 131 2905 ta
153 2872 191 2904 et
209 2865 409 2903 convertit
433 2864 473 2900 in
496 2876 579 2900 rem
604 2876 715 2900 suam
741 2875 812 2899 ve-

88 2931 154 2962 tus
176 2922 275 2961 illud
295 2920 663 2974 philosophantium
686 2920 811 2971 placi-

873 1601 974 1643 tum,
1004 1608 1083 1644 quo
1106 1594 1259 1632 animae
1280 1594 1355 1631 iam
1379 1599 1469 1631 ante
1492 1595 1598 1631 vitae

872 1652 993 1691 huius
1009 1653 1225 1702 ingressum
1248 1652 1435 1688 exsistere
1449 1657 1599 1702 putan-

874 1717 954 1751 tur,
1014 1710 1095 1747 Iam
1130 1710 1175 1747 iis
1205 1716 1338 1747 certus
1375 1709 1485 1746 locus
1512 1714 1598 1746 erat

872 1767 1142 1818 assignandus,
1175 1767 1239 1805 cui
1256 1766 1429 1804 inclusae
1451 1772 1599 1815 essent;

875 1825 1102 1863 docendum
1134 1838 1276 1876 porro,
1315 1823 1423 1861 unde
1444 1823 1485 1860 in
1508 1837 1598 1861 euin

873 1884 1005 1921 locum
1027 1888 1154 1920 essent
1176 1882 1382 1920 deductae.
1443 1881 1501 1918 Ita
1522 1895 1599 1932 op-

873 1941 1102 1993 portunitas
1131 1940 1219 1977 data
1250 1939 1421 1990 mythis,
1453 1940 1599 1989 partim

872 2005 918 2035 nt
949 1999 1081 2035 locum
1113 1997 1336 2034 accuratius
1367 1996 1598 2044 declararet,

872 2056 1019 2106 partim
1038 2060 1084 2092 ut
1101 2059 1318 2103 statueret,
1362 2053 1509 2090 animas
1535 2066 1599 2090 eas

871 2113 948 2150 iam
973 2119 1088 2150 antea
1111 2111 1284 2149 humana
1316 2124 1485 2161 corpora
1509 2112 1599 2147 ani-

871 2183 1008 2218 masse,
1040 2170 1202 2219 vitaque
1223 2170 1381 2206 functas
1407 2167 1446 2204 in
1473 2180 1516 2204 ea
1536 2168 1597 2204 lo-

873 2242 917 2265 ca
946 2227 1203 2264 descendisse.
1264 2225 1387 2275 Atqui
1417 2224 1482 2261 hic
1503 2238 1597 2262 rur-

874 2299 940 2322 sus
964 2299 1068 2322 nova
1099 2284 1348 2321 coniectandi
1379 2282 1597 2331 necessitas,

874 2342 1076 2393 quomodo
1100 2342 1263 2388 animae,
1295 2340 1473 2390 corporis
1499 2353 1598 2377 con-

874 2401 979 2450 tagio
1006 2399 1309 2446 contaminatae,
1329 2398 1436 2434 vitiis
1464 2403 1502 2435 et
1533 2410 1598 2434 er-

874 2458 1033 2495 roribus
1057 2456 1214 2494 liberari
1236 2455 1406 2507 possint,
1440 2461 1510 2492 aut
1528 2455 1599 2492 iis-

875 2515 964 2553 dem
996 2516 1036 2552 in
1069 2514 1185 2562 locis,
1225 2519 1293 2551 aut
1323 2519 1534 2562 antequam
1555 2525 1599 2549 ea

872 2573 912 2610 in
945 2573 1032 2610 loca
1056 2571 1339 2624 pervenissent,
1407 2573 1502 2612 680.
1534 2571 1598 2606 in-

873 2631 1021 2677 clamas,
1057 2630 1239 2667 collectas
1260 2629 1301 2666 in
1318 2627 1428 2665 hunc
1454 2628 1597 2667 locum,

872 2688 954 2727 vid.
981 2688 1049 2725 ins.
1082 2687 1164 2729 705
1185 2700 1290 2737 seqq.
1351 2686 1594 2729 Recolimus,

873 2746 1004 2783 animo
1029 2745 1188 2796 proprie
1210 2743 1436 2796 praeterita,
1468 2741 1531 2778 hic
1561 2754 1596 2777 v.

874 2806 952 2844 681
978 2802 1104 2854 simpl.
1130 2814 1346 2847 recensere,
1390 2798 1598 2847 exquirere

872 2867 912 2898 et
946 2860 1150 2897 addiscere
1181 2860 1314 2897 sutura
1348 2858 1446 2893 sacta
1470 2860 1508 2891 et
1536 2866 1597 2891 res

872 2918 1030 2956 sortiter
1046 2923 1185 2969 gestas.
1247 2917 1341 2956 683.
1361 2926 1505 2949 nzctnzts
1530 2923 1598 2948 seu
