1811 3388
466 233 589 280 AD
663 234 1094 287 LIBRUM
1169 243 1247 291 v1
1476 253 1604 302 1025

107 352 164 404 git
187 351 297 406 (nam
329 354 378 393 de
408 358 640 407 quaestione
673 367 786 399 extra
817 364 997 404 ordinem
1028 369 1215 407 mandata
1245 369 1312 408 hic
1338 385 1418 410 non
1444 376 1604 430 agitur),

107 410 190 448 sive
208 411 254 460 is,
287 413 349 450 eui
369 413 435 451 ille
456 415 652 467 delegavit
675 420 954 469 quaestionem.
1016 425 1210 465 Adsident
1229 428 1262 465 ei
1282 430 1431 467 iudices
1459 434 1602 484 selecti,

109 468 197 517 qui,
239 469 448 508 sortitione
481 474 686 512 nominum
716 490 765 514 ex
796 477 964 517 decuriis
1001 496 1021 519 a
1057 482 1185 521 iudice
1217 486 1455 535 quaestionis
1484 490 1602 541 facta,

107 537 265 563 caussae
285 527 424 578 cuique
442 531 704 582 contigerunt.
762 534 828 572 Fit
854 538 1045 577 iudicium
1063 547 1103 578 et
1123 540 1171 578 de
1191 555 1325 580 caussa
1341 547 1601 595 cognoscitur.

104 580 234 621 Audit
264 583 477 631 Quaesitor
504 588 677 627 dicentes
706 604 899 643 caussam,
939 596 1238 648 interrogantur
1268 606 1385 638 testes
1406 603 1602 656 (vitasque

107 647 145 676 et
164 643 334 678 erimina
354 644 500 691 disvin
534 660 625 684 nam
649 648 807 698 docere,
841 651 1008 702 discere,
1050 669 1163 692 nosse
1183 671 1372 708 caussa-9,
1406 661 1601 700 vocabula

103 696 201 735 iuris
225 700 388 750 propria
423 701 556 756 sunt),
602 705 823 745 mittuntur
854 709 1004 749 iudices
1040 712 1082 750 in
1112 714 1336 765 consilium,
1386 716 1600 770 feruntque

102 757 351 794 sententiam.

203 868 268 908 Ad
291 870 402 910 hunc
419 872 554 924 itaque
575 876 741 914 modum
764 884 881 929 poeta
916 879 1053 918 faciem
1082 882 1217 921 iudicii
1248 887 1466 928 constituit.
1526 890 1598 929 Vi-

101 925 265 965 deamus
293 929 342 966 de
368 930 540 981 singulis.
600 934 689 971 [Vec-
718 949 806 972 vero
838 936 916 974 hae
944 939 1026 974 sine
1053 950 1152 977 sorte
1184 943 1319 992 (latae,
1352 948 1436 982 siue
1466 948 1596 985 iudc'oe

100 985 225 1034 sedes,
259 986 327 1023 sed
348 988 482 1038 potius
502 989 680 1028 iudicum
701 993 843 1030 sortito
866 993 1051 1032 datorum
1073 999 1285 1037 sententiis.
1331 1000 1436 1040 Hinc
1461 1004 1596 1053 Quae-

100 1042 198 1078 sitor
221 1044 364 1082 slffinos
383 1060 526 1083 umam
553 1058 704 1096 movet,
738 1050 906 1088 sortitur
927 1052 1086 1092 iudices.
1143 1055 1243 1092 Male
1266 1056 1342 1095 hoc
1362 1059 1412 1096 ad
1434 1073 1594 1098 caussa—

99 1112 191 1136 rum
211 1102 459 1140 sortitionem
480 1104 660 1143 referunt
687 1107 864 1156 Servius,
902 1109 1091 1161 Pompon.
1120 1113 1209 1151 Sab.
1231 1119 1269 1150 et
1299 1115 1376 1154 alii.
1434 1117 1594 1156 Poterat

98 1156 163 1194 vel
193 1158 362 1196 Senecae
393 1160 562 1198 imitatio
593 1170 769 1201 errantes
799 1178 987 1203 revocare
1016 1167 1132 1206 Herc.
1165 1170 1242 1208 sur.
1273 1174 1352 1214 731
1375 1174 1472 1211 [Yon
1492 1190 1593 1213 unus

99 1214 186 1251 alta
208 1216 298 1252 secte
316 1219 517 1267 quaesitor
533 1221 670 1256 sedens
687 1220 835 1258 Iudicia
865 1224 1026 1272 trepidis
1047 1239 1134 1262 sera
1156 1227 1320 1265 sortitur
1340 1232 1428 1266 reis.
1484 1232 1590 1268 Acti-

103 1279 169 1307 ίαν
187 1272 256 1309 illo
280 1273 474 1311 Gnossius
494 1277 635 1313 Minos
648 1277 741 1328 soro
755 1278 769 1326 ,‘
815 1279 1154 1320 Rhadamanthus
1182 1285 1251 1321 itto
1265 1313 1275 1332 ,
1316 1286 1490 1324 Thetidis
1518 1288 1591 1326 hoe

96 1328 213 1366 audit
234 1344 353 1368 socer.
417 1331 480 1369 Ad
502 1333 749 1372 sortitionem
780 1349 1028 1387 caussarum,
1070 1352 1147 1388 quo
1176 1341 1314 1378 ordine
1343 1343 1591 1383 inducendae

95 1385 187 1435 sint,
210 1387 372 1439 respicit
395 1388 500 1426 idem
523 1390 723 1441 Aga1n.24
743 1406 841 1442 quos
862 1414 918 1422 —
944 1395 1152 1443 Quaesitor
1168 1412 1268 1435 urna
1291 1400 1483 1438 Gnossius
1503 1417 1589 1439 rer-

94 1451 159 1480 sat
175 1458 273 1482 reos.
335 1445 444 1483 Idem
465 1447 540 1484 alio
564 1448 672 1486 loco:
703 1450 784 1491 578
816 1458 854 1487 et
879 1453 950 1502 qui
964 1452 1095 1501 fronte
1116 1456 1235 1491 nimis
1264 1458 1430 1495 crimina
1456 1461 1589 1497 tetrica

102 1500 307 1550 Quaerunt
327 1517 377 1540 ae
397 1512 541 1541 veteres
567 1508 769 1543 excutiwzt
787 1522 883 1555 reos,
918 1509 1075 1546 Flentes
1100 1511 1322 1561 Eurydicen
1342 1515 1500 1552 iuridici
1526 1531 1587 1552 se·-

93 1558 198 1595 a'ent.
261 1558 325 1595 Sic
341 1573 497 1611 quoque
518 1562 625 1613 apud
646 1563 895 1614 Propertium
919 1565 1070 1603 Aeacus
1097 1567 1207 1606 sedet
1227 1570 1425 1618 quaesitor
1442 1578 1480 1609 et
1502 1586 1588 1610 sor-—

95 1615 196 1652 titur
214 1615 382 1657 iudices:
412 1619 477 1667 IV,
513 1622 576 1668 11,
610 1623 661 1662 19
687 1622 770 1658 ])et
796 1630 914 1671 paler
930 1622 996 1660 hie
1018 1623 1177 1662 umbrae
1199 1627 1337 1664 mollia
1369 1630 1457 1665 iura
1477 1643 1586 1666 meae

94 1672 230 1724 (Pluto
256 1673 392 1712 mitem
429 1676 477 1712 de
505 1689 567 1713 me
596 1678 831 1715 sententiam
859 1678 1000 1732 serat):
1033 1683 1119 1718 Aut
1147 1684 1184 1718 si
1210 1684 1300 1733 quis
1319 1687 1454 1733 posita
1474 1688 1587 1723 iuxta

93 1731 201 1767 sedet
220 1732 380 1769 Aeacus
401 1747 517 1782 urna,
552 1735 603 1771 ln
622 1748 711 1774 mea
730 1738 867 1772 sortita
886 1738 1057 1774 vindicet
1079 1752 1168 1776 ossa
1183 1741 1277 1788 pila
1302 1739 1356 1792 (h.
1380 1748 1446 1779 aut
1467 1755 1588 1792 quae—

94 1788 192 1825 sitor
211 1788 259 1825 ab
286 1801 331 1826 eo
363 1795 476 1828 extra
508 1791 688 1829 ordinem
720 1792 838 1830 datus
860 1801 1069 1844 cognoseat
1090 1794 1137 1832 de
1155 1809 1239 1833 me:
1267 1798 1358 1847 pila
1377 1801 1512 1836 sortita
1540 1800 1587 1838 de

91 1845 301 1883 sortitione
330 1846 508 1885 iudicum
536 1849 662 1898 sacta,
690 1850 778 1900 pilis
808 1849 850 1887 in
874 1864 1015 1888 urnam
1045 1853 1243 1892 coniectis.
1309 1856 1524 1893 Vindia-are
1547 1860 1585 1894 in

91 1916 182 1940 ossa
210 1903 428 1942 insolenter
459 1905 627 1954 dictum,
667 1913 714 1944 ut
739 1907 814 1944 alia
837 1921 857 1944 a
881 1908 1119 1960 Propertio).
1176 1911 1391 1948 Aestateant
1406 1912 1583 1962 sratre3;

93 1961 211 1997 iuxta
246 1962 411 1998 stttnoia
442 1963 570 2008 sella;
619 1972 655 1999 et
686 1965 953 2001 Eumenidum
980 1968 1124 2002 intento
1167 1967 1279 2003 turba
1311 1983 1445 2006 severa
1468 1970 1580 2019 Jbro.

93 2015 200 2067 (Sint
227 2030 437 2054 assessores
466 2019 609 2056 fratres
638 2019 968 2058 Rhadamanthus
995 2028 1034 2058 et
1056 2022 1199 2060 Minos:
1247 2024 1274 2061 f.
1302 2024 1376 2061 suit
1398 2027 1586 2064 Ass-ulem

76 2074 226 2124 fiater,
261 2076 374 2111 iuxta
393 2084 429 2111 et
451 2077 615 2113 flltnota
639 2078 754 2124 sella,
789 2092 839 2115 se.
860 2079 922 2125 sit,
954 2084 1043 2126 stet,
1073 2078 1152 2129 pro'
1166 2080 1248 2130 ipso
1274 2080 1428 2132 Minoe).
1460 2083 1582 2121 Porro

92 2131 303 2178 Quaesitor
332 2131 479 2180 Minos,
529 2133 734 2171 sortitione
763 2134 937 2171 iudicum
969 2136 1094 2183 sacta,
1142 2138 1326 2173 silentum
1364 2140 1582 2176 Concilium

89 2197 217 2237 roc-at,
251 2188 312 2226 die
333 2189 441 2226 dicto
463 2189 557 2227 citat
578 2203 666 2227 reos
690 2191 739 2228 ad
767 2191 955 2230 iudicium
989 2191 1108 2243 (cons.
1138 2193 1229 2231 var.
1247 2194 1369 2247 Lect.)
1401 2199 1581 2248 vitasque

92 2253 129 2282 et
149 2248 319 2283 crimina
349 2247 486 2296 cttsett,
521 2247 655 2285 audita
671 2249 877 2299 utriusque
905 2250 1028 2300 partis
1048 2250 1236 2288 oratione.

204 2358 286 2396 Iam
315 2360 656 2398 Rhadamanthus
681 2361 796 2412 longe
823 2362 898 2400 alio
928 2362 1014 2400 loco
1046 2376 1091 2400 ac
1114 2363 1233 2401 modo
1261 2364 1500 2402 constitutus
1521 2373 1578 2404 est

86 2415 128 2453 in
149 2415 340 2465 Tartaro,
371 2431 452 2454 non
476 2423 558 2455 tam
579 2419 702 2456 iudex
735 2426 804 2456 aut
822 2420 1095 2469 magistratus,
1128 2422 1195 2470 qui
1214 2422 1479 2471 quaestionem
1507 2436 1578 2460 ex-

86 2479 216 2522 ercet,
248 2481 287 2511 et
305 2487 460 2511 caussas
483 2476 666 2526 capitales
691 2478 963 2526 persequitur:
998 2484 1043 2514 ut
1064 2477 1211 2526 Minos,
1241 2479 1308 2515 sed
1330 2481 1395 2528 qui
1414 2479 1576 2517 Trium-

86 2530 267 2568 virorum
297 2532 520 2582 capitalium
551 2546 661 2570 more
693 2535 905 2571 sententias
934 2534 1109 2571 iudicum
1139 2536 1386 2584 exsequitur,
1425 2537 1577 2587 suppli-

86 2587 191 2625 cium
211 2588 342 2637 sumit,
374 2595 412 2625 et
434 2589 538 2626 idem
563 2589 610 2626 de
633 2590 825 2627 inferioris
849 2591 998 2628 ordinis
1021 2591 1256 2640 hominibus,
1286 2593 1395 2640 furti,
1426 2608 1574 2643 grassa-

85 2644 223 2694 tionis,
266 2646 476 2696 sacrilegii,
517 2647 593 2684 reis
629 2648 845 2697 cognoscit,
890 2649 1024 2697 itaque
1054 2649 1147 2686 item
1174 2655 1373 2686 tormenta
1403 2650 1573 2697 adhibet,

85 2701 277 2740 scelerum
302 2704 506 2741 convictos
531 2706 758 2753 quaestione
787 2704 942 2742 admota
978 2706 1091 2743 fateri
1116 2707 1215 2756 cogit
1248 2708 1404 2744 occulto
1434 2720 1572 2757 perpe-

84 2763 210 2797 trata:
241 2773 280 2797 v.
298 2761 380 2802 566
407 2762 599 2799 Gnossz‘us
628 2762 727 2798 haec
756 2762 1097 2799 Rhadamanthus
1126 2763 1243 2800 habet
1275 2765 1487 2800 ‹luris-sima
1509 2778 1571 2802 re·-

80 2828 195 2865 gna,
238 2816 497 2869 Castigatque
519 2819 708 2870 auditque
735 2820 870 2867 dolos,
904 2820 1128 2871 subigitque
1153 2820 1300 2869 fateri,
1341 2822 1453 2868 Quae
1485 2823 1572 2870 quis

82 2872 197 2921 apud
216 2887 396 2922 superos,
425 2876 545 2925 sarto
571 2877 743 2913 laetatus
775 2878 888 2913 inani
901 2906 910 2923 ‚
952 2878 1122 2914 Distulit
1143 2880 1182 2913 iu
1203 2892 1331 2914 seram.
1350 2879 1571 2914 commissa

75 2930 247 2978 piacula
266 2938 440 2968 mortem.

149 2997 354 3045 VIRGIL.
397 2998 534 3046 Tom.
574 2998 635 3047 II.
1229 3000 1295 3045 65
