1779 3420
175 252 278 299 412
569 235 1297 291 EXCURSUSV

174 374 236 430 (h.
260 388 292 414 e.
313 374 383 423 iis,
415 372 485 423 qui
505 385 595 410 eum
616 370 680 409 vel
697 368 818 406 latine
841 365 1083 414 redderent,
1116 371 1162 403 ut
1193 364 1401 403 Cornelius
1431 363 1591 413 Gallus,
1633 363 1698 401 vel

173 447 265 472 eum
288 431 516 471 imitatione
535 432 796 480 sequerentur
820 430 891 462 aut
913 423 1076 461 omnino
1098 423 1217 462 valde
1247 420 1568 475 frequentarent)
1598 433 1698 458 con-

172 491 299 530 temni
332 490 406 539 ait3
444 488 593 526 scilicet
618 484 827 523 tersiorem
856 488 898 519 et
936 481 1141 533 puriorem
1175 480 1445 533 Euphorionis
1473 478 1697 517 orationem

172 548 407 588 iudicabant
442 546 635 584 Enniana.
705 542 834 579 Etiam
877 539 1085 577 Tiberium
1133 540 1341 577 Caesarem
1383 537 1696 590 Euphorionem,

171 607 396 650 Rhianum,
432 610 471 641 et
498 599 759 641 Parthenium
790 597 1011 636 admodum
1040 598 1249 649 probasse,
1291 603 1337 635 ut
1369 602 1408 634 et
1433 609 1574 633 eorum
1605 595 1697 632 imi—

172 666 325 703 tatione
344 661 521 700 carmina
546 672 685 711 graeca
708 657 924 704 scriberet,
959 669 978 692 e
1002 657 1169 696 Sueten.
1190 655 1276 693 Tib.
1296 658 1351 696 70
1374 659 1545 692 constat.
1604 654 1697 690 Non

171 723 293 774 igitur
324 720 409 760 veri
447 719 546 756 adeo
579 715 768 755 dissimile
798 714 930 753 videri
960 720 1117 765 potest,
1159 713 1191 750 si
1222 713 1311 764 quis
1342 710 1645 764 Euphorionem
1674 724 1696 748 a

171 780 335 832 Virgilio
358 779 398 816 in
417 776 493 815 hac
512 774 647 814 sabula
672 786 908 825 expressum
928 785 1010 809 esse
1034 778 1193 809 censeat
1207 801 1217 820 ,
1248 785 1360 820 cum,
1394 783 1495 822 quae
1517 784 1538 806 a
1555 768 1696 808 Servio

174 852 224 876 ex
242 852 288 875 eo
311 838 697 881 commemorentur,
730 830 954 882 Virgilianis
984 831 1069 868 fere
1103 829 1360 868 conveniant.
1422 827 1533 866 Idem
1561 827 1604 864 in
1630 827 1695 864 sa—

171 896 265 935 bula
292 895 339 932 de
358 893 539 931 Coroebo
562 896 702 928 auctor
730 889 893 941 Virgilio
912 888 1033 926 fuisse
1052 887 1312 940 perhibetur:
1340 886 1409 925 inf.
1442 886 1610 924 Excurs.
1643 886 1694 923 X.

285 987 386 1024 Tota
414 991 551 1022 tamen
573 983 700 1030 ratio,
741 995 819 1032 qua
842 986 959 1032 poeta
992 979 1072 1018 hoc
1103 979 1330 1031 episodium
1359 977 1577 1026 tractavit,
1608 982 1695 1014 tra-

169 1045 298 1096 gicum
318 1043 453 1095 potius
472 1041 659 1094 spiritum
681 1041 985 1089 orationemque
1014 1039 1223 1076 affectibus
1249 1050 1410 1088 gravem
1441 1042 1481 1074 et
1509 1040 1694 1073 ornatam

170 1103 341 1154 prodere
362 1101 538 1139 videtur.
598 1099 746 1136 Debuit
774 1103 906 1135 autem
939 1097 980 1134 in
1005 1096 1143 1134 multis
1175 1095 1393 1147 tragoediis
1421 1094 1571 1146 graecis
1599 1093 1695 1130 lati-

169 1161 328 1210 nisque,
362 1172 532 1210 quarum
564 1163 801 1208 argumenta
827 1155 1030 1192 excidium
1051 1155 1271 1192 Troianum
1296 1153 1564 1205 respicerent,
1595 1150 1695 1188 haec

169 1218 344 1256 narratio
374 1228 598 1256 occurrere.
668 1214 856 1266 Inprimis
899 1219 1035 1251 tamen
1067 1212 1212 1250 nobilis
1247 1212 1342 1249 olim
1370 1211 1447 1249 fuit
1485 1210 1694 1260 Sophoclis

168 1275 393 1327 tragoedia,
425 1276 620 1312 Laocoon
643 1273 860 1324 inscripta,
890 1284 910 1308 e
928 1284 1007 1322 qua
1028 1284 1169 1308 versus
1197 1270 1352 1321 aliquot
1384 1268 1563 1307 servavit
1594 1267 1693 1304 Dio-

167 1348 255 1386 nys.
274 1334 403 1372 Halic.
423 1333 452 1381 I,
474 1334 529 1372 48
552 1329 688 1382 (quem
709 1328 819 1383 vide)
843 1335 882 1367 et
902 1329 983 1367 duo
1010 1329 1106 1366 alios
1127 1326 1428 1380 Harpocration
1458 1326 1500 1364 in
1533 1319 1692 1379 ἆγυιᾶς.

167 1393 229 1430 Ex
249 1392 386 1430 eadem
411 1403 492 1428 esse
514 1389 699 1438 videtur,
732 1388 841 1439 quod
867 1385 1051 1425 Eustath.
1073 1387 1124 1424 ad
1145 1386 1290 1438 Odyss.
1326 1399 1364 1437 p.
1394 1384 1504 1427 1496
1533 1384 1559 1422 l·
1588 1385 1642 1425 36
1671 1397 1693 1419 a

167 1450 366 1502 Sophocle
404 1450 564 1499 Equum
594 1448 817 1485 Troianum
855 1446 1057 1497 eleganter
1084 1441 1270 1485 ὕπουλον
1299 1443 1454 1481 dictum
1482 1446 1692 1480 memorat.

168 1508 230 1546 An
250 1522 303 1546 ex
332 1508 399 1545 illa
430 1505 664 1557 Sophoclis,
701 1504 858 1553 nescio,
897 1504 968 1541 sed
1001 1517 1052 1540 ex
1077 1503 1209 1553 aliqua
1241 1507 1348 1539 certe
1377 1500 1519 1539 Graeci
1553 1504 1693 1551 poetae

167 1566 373 1617 tragoedia
412 1563 591 1602 breviter
625 1569 789 1600 narrata
837 1567 896 1599 est
934 1561 1068 1599 fabula
1109 1561 1158 1598 ab
1196 1560 1355 1612 Hygino
1394 1560 1421 1600 f.
1467 1559 1567 1607 1353
1613 1557 1691 1594 iam

168 1631 303 1662 autem
327 1624 362 1661 is
383 1636 476 1661 cum
495 1621 662 1673 Virgilio
683 1621 815 1659 multo
833 1620 953 1672 magis
962 1649 972 1670 ,
1004 1633 1124 1671 quam
1152 1632 1244 1657 cum
1275 1617 1415 1656 ceteris
1445 1615 1691 1665 auctoribus,

168 1683 380 1721 consentit.

283 1763 364 1801 Iam
384 1762 563 1801 omnium
581 1761 731 1799 horum
750 1761 905 1798 fontem
930 1773 1056 1796 unum
1082 1759 1253 1810 aliquem
1283 1771 1332 1795 ex
1361 1755 1527 1809 Cyclicis
1556 1754 1687 1806 poetis

168 1821 306 1870 fuisse,
352 1821 507 1858 dudum
546 1819 801 1871 suspicabar,
849 1817 1110 1870 inprimisque
1142 1816 1339 1864 Leschen,
1389 1827 1508 1865 quem
1548 1812 1690 1862 utique

169 1879 348 1927 Quintus
370 1878 607 1929 expressisse
630 1878 737 1916 visus
759 1883 855 1914 erat.
918 1875 1216 1913 Dubitationem
1238 1880 1370 1911 tamen
1400 1872 1568 1910 faciebat
1597 1870 1688 1919 hoc,

169 1937 277 1989 quod
302 1937 455 1974 Tabula
477 1937 615 1984 Iliaca,
654 1948 754 1985 quae
792 1940 883 1986 post
909 1934 1131 1971 Homerum
1163 1939 1203 1971 et
1231 1932 1445 1971 Arctinum
1477 1943 1528 1967 ex
1555 1928 1690 1966 Iliade

162 2010 298 2046 parva
318 2008 503 2046 expressa
539 2000 619 2041 est,
664 1994 933 2030 Laocoontem
963 1992 1135 2042 ignorat.
1197 1991 1273 2028 Sed
1309 1990 1444 2041 potuit
1475 2001 1519 2025 ea
1550 2000 1612 2024 res
1644 2000 1689 2024 ac

169 2053 308 2091 debuit
328 2067 419 2091 cum
446 2052 605 2099 ceteris,
647 2064 748 2101 quae
781 2050 1085 2098 desiderantur,
1125 2049 1167 2086 in
1196 2050 1321 2086 altera
1355 2047 1530 2084 Tabulae
1561 2050 1688 2097 parte,

167 2125 267 2162 quae
289 2111 427 2162 periit,
459 2109 654 2147 exhiberi.
714 2110 830 2146 Nunc
858 2122 907 2145 ex
926 2108 1055 2145 Procli
1076 2109 1216 2158 fragm.
1247 2106 1346 2144 haec
1375 2104 1538 2143 tradere
1573 2104 1689 2140 licet:

167 2170 407 2221 Praecipuus
436 2167 556 2206 huius
588 2167 744 2204 fabulae
782 2166 933 2204 fundus
970 2166 1045 2203 suit
1071 2162 1186 2206 Ἰλίου
1216 2164 1357 2217 πέρσις
1387 2162 1563 2201 Arctiui:
1605 2174 1687 2208 seu,

166 2227 274 2278 quod
296 2226 501 2278 probabile
521 2225 587 2273 fit,
620 2224 802 2274 Leschis3
830 2224 872 2262 in
893 2224 1007 2262 cuius
1026 2224 1140 2261 initio
1169 2223 1304 2261 statim
1332 2220 1561 2273 expositum
1594 2219 1687 2256 suit:

168 2285 224 2332 ὥς
262 2283 310 2324 τοὶ
350 2284 441 2336 περὶ
472 2282 543 2324 τόν
575 2282 705 2322 ἵππον
735 2283 777 2322 οἵ
811 2286 944 2336 Τρῶες
973 2279 1169 2330 ’ὑπόπτως
1203 2281 1381 2333 ἔχοντες,
1427 2272 1688 2331 περιστάντες

166 2339 455 2395 βουλεύονται,
487 2338 576 2389 &sn
611 2337 686 2392 χρ»)
714 2344 866 2380 ποιεῖν·
929 2339 996 2379 καὶ
1025 2344 1110 2388 τοῖς
1136 2337 1209 2391 μὲν
1232 2340 1345 2378 δοκεῖ
1365 2335 1687 2389 κατακρημνίσαι

166 2397 316 2448 αὐτόν,
347 2404 432 2446 τοῖς
460 2397 503 2438 δὲ
530 2397 813 2451 καταφλέγειν.
874 2397 916 2437 οἵ
950 2395 993 2437 δὲ
1027 2395 1138 2450 ἴτρόν
1168 2392 1295 2436 αὐτὸν
1328 2395 1486 2445 ἔφασαν
1521 2394 1606 2432 δεῖν
1637 2394 1687 2446 τῇ

164 2454 324 2512 Ἀθηνᾷ
361 2459 605 2508 καταθῆναι.
646 2478 699 2483 —
746 2455 789 2495 ἐν
832 2457 945 2507 αὐτῷ
983 2453 1026 2494 δὲ
1060 2450 1135 2494 δύο
1172 2450 1391 2506 δράκοντες
1421 2448 1686 2501 ἐπιφανέντες

165 2513 234 2555 τόν
262 2510 507 2553 Λαοκόωντα
528 2512 595 2551 καὶ
619 2510 690 2551 τόν
714 2512 848 2563 ἕτερον
865 2514 949 2550 τῶν
970 2513 1130 2551 παίδων
1154 2512 1483 2561 διαφθείρουσιν.
1535 2508 1683 2544 Contra

166 2574 204 2610 in
229 2573 372 2609 Iliadis
388 2586 546 2621 parvae
567 2575 822 2619 argumento,
856 2568 965 2618 quod
994 2569 1032 2605 in
1067 2569 1164 2618 Equi
1197 2568 1234 2604 in
1268 2568 1406 2604 urbem
1440 2565 1685 2602 deductione

165 2630 364 2677 subsistit,
408 2628 516 2665 nulla
557 2627 795 2663 Laovoontis
840 2627 883 2663 lit
927 2627 1087 2663 mentio.
1160 2624 1389 2662 Secundum
1419 2623 1531 2661 hunc
1564 2623 1683 2661 alium

165 2687 312 2733 habco,
362 2699 478 2735 quem
528 2684 636 2720 inter
678 2684 826 2733 primos,
871 2682 1026 2719 fabulae
1072 2690 1257 2720 auctores
1300 2682 1505 2719 nominare
1547 2681 1683 2732 possis,

171 2745 483 2794 Bacch-ididan,-
528 2755 618 2778 nam
658 2741 711 2789 is,
763 2741 902 2778 Servio
942 2740 1101 2789 quidem
1144 2747 1260 2788 toste,
1310 2741 1358 2777 <le
1394 2742 1618 2776 Laocoonte
1649 2747 1684 2774 el

164 2819 282 2840 uxore
305 2803 389 2838 edus
417 2802 480 2836 vel
498 2801 545 2835 ‹le
569 2799 814 2847 .s·‹217›entil›as
836 2814 862 2835 (ι
895 2799 913 2833 (
924 2799 1087 2847 ’(ιζι’(Ινιιῖ.ς
1120 2800 1263 2835 insulis
1292 2797 1534 2834 venientibus
1564 2805 1684 2847 alque

163 2864 201 2898 in
222 2861 400 2897 homines
422 2859 620 2894 convers-150·
647 2856 902 2901 meminerat,
934 2855 1013 2902 Qui
1034 2886 1042 2901 ,
1075 2857 1105 2892 si
1138 2857 1328 2906 aiiliquus
1358 2855 1424 2892 ille
1456 2855 1534 2892 suit
1567 2856 1684 2905 μελο-

163 2916 302 2965 ποιὸς,
344 2915 506 2953 Pindari
542 2914 737 2963 acqualis,
789 2914 827 2950 in
871 2914 1004 2964 lyricis
1038 2914 1118 2951 suis
1148 2920 1218 2951 aut
1249 2913 1465 2950 Stesichori
1497 2911 1684 2962 exemplo

163 2975 348 3014 carminis
368 2978 648 3025 argumentum
673 2972 825 3020 faeere,
857 2976 925 3009 aut
951 2970 1193 3022 digressione
1213 2973 1319 3010 sacta
1346 2971 1523 3009 subulam
1555 2969 1683 3008 attin—

1776 259 1779 383 J

1777 395 1779 502 l
