1811 3388
471 216 592 262 AD
665 214 1099 262 LIBRUM
1172 216 1254 263 vl
1481 220 1611 266 1027

115 342 235 379 ducta
264 342 386 379 altera
407 354 536 379 uxore
563 339 824 388 Themistene‚
856 340 1031 378 resciscit
1052 342 1212 378 Inonem
1236 341 1272 377 in
1303 341 1491 380 Parnasso
1514 344 1609 381 bac-

114 399 289 436 chationi
312 399 522 446 interesse,
555 404 596 435 et
612 410 656 434 ea
677 397 732 434 sic
753 396 1086 448 deprehenditur:
1118 400 1163 435 cf.
1187 398 1329 448 Hygin.
1351 399 1375 435 s.
1400 399 1437 439 4.
1481 401 1609 439 Etiam

113 457 153 494 in
182 456 423 493 Athamante
454 462 494 493 et
524 454 674 493 Phrixo
705 454 908 506 Sophoclis
938 457 1043 506 orgia
1074 454 1216 492 Bacchi
1249 455 1296 491 ad
1320 456 1494 494 furorem
1516 458 1609 495 inii-

113 513 300 551 ciendum
320 513 438 551 fuisse
461 512 639 550 adhibita
658 512 893 563 intelligitur
913 525 961 549 cx
983 514 1027 550 iis
1045 526 1144 563 quae
1167 513 1272 563 apud
1294 512 1435 562 Hygin.
1448 520 1486 551 et
1513 515 1609 552 alios

112 570 311 621 leguntur.
371 571 464 608 Fuit
483 583 639 620 quoque
662 569 809 607 Helena
832 584 851 606 a
871 570 1011 606 Paride
1031 570 1135 607 inter
1155 569 1259 620 orgia
1281 569 1473 608 Bacchica
1494 578 1609 623 rapta

113 628 221 679 apud
253 627 448 679 Lycophr.
484 631 574 676 106,
602 627 670 664 ubi
694 641 730 666 v.
753 626 882 664 Schol.
901 627 952 663 ad
971 630 1035 667 93.
1098 627 1222 664 Etiam
1246 627 1284 663 in
1306 627 1468 677 sabulis,
1509 642 1608 679 quae

112 685 297 736 Λήμνιαι
318 686 529 736 inscriptae
549 691 682 731 erant,
714 685 839 734 qualis
860 683 1064 735 Sophoclis
1088 685 1176 731 suit,
1216 683 1436 721 Thoantem
1455 692 1607 736 patrem

113 742 329 794 Hypsipyle
351 743 456 780 inter
479 742 585 792 orgia
595 741 736 779 Bacchi
757 742 993 778 incolumem
1015 741 1253 778 abduxerat:
1274 747 1410 778 narrat
1433 755 1515 780 rem
1539 757 1608 780 or-

111 807 205 837 nate
226 800 353 838 valer.
381 800 439 840 El.
459 800 487 848 I,
520 799 602 842 264
620 813 702 849 sqq.
751 800 800 836 Et
820 799 860 835 in
877 798 1003 835 insula
1026 800 1149 849 Scyro
1172 798 1342 836 Achilles
1368 800 1472 836 inter
1491 800 1607 836 semi-

112 871 182 894 nas
214 858 376 895 latitans
410 856 726 908 deprehenditur
760 856 809 893 ab
843 856 976 906 Ulysse
1011 856 1195 906 tripudiis
1223 856 1327 892 inter
1357 856 1481 906 orgia:
1525 857 1604 894 vid.

111 915 260 952 Statius
283 914 424 952 Achill.
446 915 475 964 I,
507 914 599 955 593.
621 915 712 954 608.
747 913 791 962 ΙΙ,
817 914 908 954 152.
947 913 1003 950 Ne
1018 913 1246 950 Proetidum
1267 913 1508 950 sanationem
1535 927 1606 963 per

113 972 220 1022 orgia
240 972 465 1009 institutam
487 985 508 1008 a
528 970 775 1022 Melampode
802 983 1103 1007 commemorem
1129 970 1234 1021 apud
1256 969 1483 1020 Apollodor.
1502 971 1547 1019 ΙΙ,
1566 974 1605 1011 2.

111 1035 213 1067 extr.
272 1029 525 1067 Manifestum
545 1028 609 1076 fit,
641 1041 661 1064 e
695 1027 865 1077 Tragicis
895 1027 1104 1078 profecisse
1137 1033 1292 1077 poetam
1310 1027 1348 1064 in
1374 1027 1458 1064 loco
1487 1041 1605 1077 prae-

111 1087 219 1124 claro
252 1087 323 1128 inf.
353 1087 436 1135 VH,
469 1086 517 1123 de
535 1086 692 1133 Amata,
724 1098 823 1135 quae
844 1084 1044 1122 Laviniam
1075 1084 1195 1121 liliam
1214 1085 1350 1120 Turno
1372 1085 1603 1133 promissam

110 1143 260 1195 nuptiis
282 1158 372 1182 cum
388 1144 519 1182 Aenea
539 1143 758 1180 subducere
776 1142 934 1179 volens:
965 1142 1046 1183 385
1077 1142 1180 1188 (min
1201 1143 1320 1178 eliam
1341 1143 1378 1176 ίη
1402 1143 1526 1178 silvas
1545 1144 1603 1178 si-

111 1203 262 1239 mulato
292 1204 452 1239 numine
486 1200 646 1238 Bacchi
663 1222 717 1228 —-
740 1200 888 1236 Et’olal
905 1228 914 1245 ‚
964 1207 999 1235 el
1025 1206 1164 1234 natam
1177 1199 1385 1248 frondosi-s·
1411 1198 1604 1235 montibus·

110 1259 245 1306 abdit,
297 1260 383 1308 Quo
404 1259 630 1296 thalamum
659 1259 805 1306 eripiat
847 1258 1005 1292 Teucris
1039 1255 1254 1305 taedas-qne
1283 1263 1460 1301 moretur,
1496 1257 1603 1292 [It-oe

112 1316 298 1354 ‚Bac-elle!
318 1316 496 1367 fremens
507 1331 521 1363 ;
553 1316 681 1353 solum
700 1322 736 1351 te
758 1314 910 1363 virgine
930 1313 1098 1364 <lignum
1123 1310 1165 1349 V
1165 1312 1356 1361 occ'shraus
1377 1317 1448 1348 etc.

381 1649 1067 1708 EXCURSUS
1150 1648 1342 1704 ΧΓΜΕ

199 1767 482 1821 Tempora
525 1765 827 1807 descensus
868 1763 1090 1805 Aeneae
1130 1762 1203 1803 ad
1242 1761 1515 1816 Elysium.

219 1893 282 1941 VI,
316 1892 553 1935 535—539.
583 1893 682 1928 Hac
704 1894 789 1929 vice
818 1903 1039 1927 sermonum
1070 1890 1189 1926 roseis
1213 1890 1370 1924 Aurora,
1394 1886 1600 1936 qztaclrtgris

107 1952 201 1988 Iam
226 1951 400 1986 mediam
416 1949 586 1985 aetherio
611 1963 727 1985 cursa
752 1950 957 1984 lraiecerab
975 1960 1091 1982 axem
1107 1962 1118 1982 .·
1152 1946 1204 1981 Ill
1218 1945 1310 1993 sors·
1331 1957 1441 1979 omne
1461 1943 1599 1978 <lasum

107 2007 301 2044 traherem
316 2021 393 2055 per
413 2006 514 2042 talia
536 2013 714 2054 tempus;
744 2004 825 2040 Sed
847 2017 974 2039 come-s·
1003 2003 1230 2048 admonuit,
1265 2000 1500 2049 ln'et'c'lerque
1521 1998 1596 2034 acl-

93 2066 198 2115 JZzla
235 2063 317 2113 Sib)
329 2064 388 2099 lla
409 2070 490 2106 est;
525 2063 626 2098 on
649 2063 753 2107 νιιίί,
788 2062 949 2104 Aenea;
989 2072 1059 2094 nos·
1079 2058 1222 2106 stemlo
1257 2058 1436 2092 ducimus
1460 2055 1592 2090 horas.

106 2121 286 2159 Obscura
315 2125 371 2156 est
395 2119 436 2155 in
468 2118 529 2155 his
567 2118 759 2168 temporis
787 2116 961 2163 notati03
1003 2114 1206 2163 multoque
1235 2113 1374 2162 magis,
1416 2112 1446 2148 si
1477 2124 1594 2160 supe-

105 2180 213 2217 riora
242 2184 281 2215 et
314 2183 442 2214 totum
475 2188 609 2213 rerum
637 2180 887 2211 narratarum
924 2171 1104 2209 ordinem
1138 2170 1382 2220 expenderis.
1441 2167 1592 2204 Scilicet

107 2236 382 2274 difficultatem
411 2233 505 2269 facit
534 2232 634 2280 hoc,
690 2231 798 2280 quod
831 2237 1008 2280 tempora
1041 2228 1248 2265 descensus
1280 2240 1324 2263 ac
1360 2224 1511 2262 reditus
1545 2237 1593 2260 ex

105 2295 240 2332 inseris
273 2307 293 2329 a
326 2297 440 2342 poeta
470 2303 549 2327 non
574 2289 719 2325 diserte
754 2287 848 2324 satis
882 2285 1097 2323 constituta
1131 2291 1236 2322 sunt.
1305 2286 1466 2319 Sumere
1505 2281 1593 2318 licet

106 2352 207 2389 duo:
246 2350 435 2395 alterum,
474 2360 552 2384 una
573 2345 786 2394 eademque
816 2349 932 2381 nocte
960 2342 1056 2379 haee
1082 2342 1183 2392 geri,
1215 2341 1382 2377 alterum
1410 2338 1593 2375 noctibus

106 2407 290 2456 diversis3
322 2405 455 2455 atqui,
487 2409 794 2451 utrumcumque
823 2414 966 2451 ponas,
998 2405 1113 2446 sunt,
1153 2411 1251 2448 quae
1277 2410 1415 2447 parum
1443 2408 1591 2432 conve-

112 2466 239 2504 niant.
299 2463 358 2500 Ex
389 2461 615 2498 notionibus
645 2466 825 2497 veterum
853 2458 944 2494 satis
972 2462 1148 2502 constat,
1199 2454 1386 2505 quicquid
1418 2452 1467 2488 ad
1499 2452 1591 2488 deos

104 2524 268 2569 inferos,
301 2519 351 2557 ad
373 2519 526 2564 Manes,
559 2517 608 2554 ad
630 2530 738 2553 sacra
756 2515 921 2564 magica,
956 2519 1161 2563 spectaret,
1193 2512 1250 2548 ml
1266 2519 1415 2547 noctem
1435 2509 1587 2555 rescrri3

106 2581 168 2618 die
190 2585 279 2617 orto
303 2576 432 2614 omnia
459 2575 578 2612 huius
603 2573 752 2623 generis
780 2572 883 2609 liniri
903 2571 1040 2607 solent.
1101 2570 1197 2606 Cum
1227 2573 1319 2605 ortu
1344 2567 1434 2604 solis
1459 2566 1589 2602 Manes

105 2638 155 2675 ad
180 2637 267 2674 loca
299 2635 426 2671 infera
453 2632 645 2677 redeunt,
684 2644 722 2668 v.
744 2644 775 2666 e.
806 2642 889 2677 sup.
920 2627 985 2664 lib.
1015 2626 1059 2673 V,
1090 2628 1184 2666 738.
1213 2627 1306 2665 739.
1333 2625 1426 2665 537.
1468 2624 1515 2659 cs.
1539 2622 1587 2657 ad

105 2695 168 2742 VI,
199 2692 294 2734 255.
322 2690 552 2728 Homericos
583 2701 719 2725 versus
751 2698 934 2736 compara
964 2683 1103 2732 Odyss.
1128 2698 1169 2730 π,
1201 2685 1295 2721 220.
1326 2697 1369 2729 φ,
1403 2682 1495 2719 226.
1527 2678 1586 2714 Ad

104 2762 330 2789 communes
350 2749 482 2796 itaque
504 2746 681 2783 notiones
703 2744 818 2780 etiam
846 2740 1121 2791 interpretatio
1139 2745 1198 2776 est
1222 2736 1474 2774 moderanda.

216 2807 301 2857 lpse
329 2811 441 2855 poeta
474 2810 699 2854 temporum
730 2807 843 2838 notas
871 2798 980 2836 dedit
1007 2796 1097 2844 has,
1139 2808 1293 2832 sacrum
1331 2793 1411 2830 lieri
1444 2799 1582 2828 not-la.-

103 2864 186 2905 252
212 2871 421 2899 nocturnas
458 2860 617 2897 inchoat
654 2873 760 2895 aras.
828 2857 927 2893 Tum
966 2854 1128 2900 litatur,
1172 2864 1324 2888 sacrum
1361 2851 1405 2886 lit
1440 2854 1584 2893 ratuni,

104 2933 237 2973 preces
254 2918 550 2965 exaudiuntur,
580 2916 710 2954 aditus
730 2914 780 2952 ad
799 2913 883 2951 loca
911 2912 1035 2949 infera
1066 2915 1194 2962 patet:
1224 2909 1348 2957 primi
1369 2905 1440 2943 sub
1465 2906 1585 2942 lumi-

1202 2973 1310 3020 65*
