<?xml version="1.0" encoding="UTF-8"?>
<!DOCTYPE html PUBLIC "-//W3C//DTD XHTML 1.0 Transitional//EN"
    "http://www.w3.org/TR/xhtml1/DTD/xhtml1-transitional.dtd">
<html xmlns="http://www.w3.org/1999/xhtml" xml:lang="en" lang="en">
 <head>
  <title>
</title>
<meta http-equiv="Content-Type" content="text/html;charset=utf-8" />
  <meta name='ocr-system' content='tesseract 3.04.00' />
  <meta name='ocr-capabilities' content='ocr_page ocr_carea ocr_par ocr_line ocrx_word'/>
</head>
<body>
  <div class='ocr_page' id='page_1' title='image "./publiusvirgilius02virguoft/publiusvirgilius02virguoft_0946.png"; bbox 0 0 1779 3420; ppageno 0'>
   <div class='ocr_carea' id='block_1_1' title="bbox 102 188 1282 249">
    <p class='ocr_par' dir='ltr' id='par_1_1' title="bbox 102 188 1282 249">
     <span class='ocr_line' id='line_1_1' title="bbox 102 188 1282 249; baseline -0.011 0"><span class='ocrx_word' id='word_1_1' title='bbox 102 202 204 249; x_wconf 82' lang='lat'>938</span> <span class='ocrx_word' id='word_1_2' title='bbox 433 195 488 242; x_wconf 93' lang='lat' dir='ltr'>P.</span> <span class='ocrx_word' id='word_1_3' title='bbox 526 191 874 243; x_wconf 89' lang='lat' dir='ltr'>VIRGILII</span> <span class='ocrx_word' id='word_1_4' title='bbox 909 188 1282 239; x_wconf 88' lang='lat' dir='ltr'><strong>MARONIS</strong></span> 
     </span>
    </p>
   </div>
   <div class='ocr_carea' id='block_1_2' title="bbox 99 313 1638 518">
    <p class='ocr_par' dir='ltr' id='par_1_2' title="bbox 99 313 1638 518">
     <span class='ocr_line' id='line_1_2' title="bbox 99 313 1525 387; baseline -0.005 -15"><span class='ocrx_word' id='word_1_5' title='bbox 99 321 354 383; x_wconf 82' lang='lat' dir='ltr'>Lumina3</span> <span class='ocrx_word' id='word_1_6' title='bbox 391 319 852 387; x_wconf 86' lang='lat' dir='ltr'>praecipitemque</span> <span class='ocrx_word' id='word_1_7' title='bbox 873 316 1074 366; x_wconf 84' lang='lat' dir='ltr'>inmani</span> <span class='ocrx_word' id='word_1_8' title='bbox 1095 315 1311 364; x_wconf 80' lang='lat' dir='ltr'>turbine</span> <span class='ocrx_word' id='word_1_9' title='bbox 1337 313 1525 378; x_wconf 83' lang='lat' dir='ltr'>adegit.</span> 
     </span>
     <span class='ocr_line' id='line_1_3' title="bbox 100 383 1636 454; baseline -0.008 -10"><span class='ocrx_word' id='word_1_10' title='bbox 100 397 214 445; x_wconf 88' lang='lat' dir='ltr'>Nec</span> <span class='ocrx_word' id='word_1_11' title='bbox 269 408 383 441; x_wconf 88' lang='lat' dir='ltr'>non</span> <span class='ocrx_word' id='word_1_12' title='bbox 439 399 492 441; x_wconf 86' lang='lat' dir='ltr'>et</span> <span class='ocrx_word' id='word_1_13' title='bbox 552 391 782 454; x_wconf 75' lang='lat' dir='ltr'>Tityon,</span> <span class='ocrx_word' id='word_1_14' title='bbox 841 392 1040 437; x_wconf 79' lang='lat' dir='ltr'>Terrae</span> <span class='ocrx_word' id='word_1_15' title='bbox 1087 386 1475 452; x_wconf 82' lang='lat' dir='ltr'>omniparentis</span> <span class='ocrx_word' id='word_1_16' title='bbox 1524 383 1636 433; x_wconf 85' lang='lat' dir='ltr'>alu-</span> 
     </span>
     <span class='ocr_line' id='line_1_4' title="bbox 890 457 1638 518; baseline 0 -13"><span class='ocrx_word' id='word_1_17' title='bbox 890 473 1100 518; x_wconf 78' lang='lat' dir='ltr'>mnum,</span> <span class='ocrx_word' id='word_1_18' title='bbox 1533 457 1638 505; x_wconf 88' lang='lat'>595</span> 
     </span>
    </p>
   </div>
   <div class='ocr_carea' id='block_1_3' title="bbox 98 527 1515 668">
    <p class='ocr_par' dir='ltr' id='par_1_3' title="bbox 98 527 1515 668">
     <span class='ocr_line' id='line_1_5' title="bbox 102 527 1515 596; baseline -0.007 -13"><span class='ocrx_word' id='word_1_19' title='bbox 102 534 342 584; x_wconf 81' lang='lat' dir='ltr'><strong>Cernere</strong></span> <span class='ocrx_word' id='word_1_20' title='bbox 365 539 501 591; x_wconf 82' lang='lat' dir='ltr'>erat3</span> <span class='ocrx_word' id='word_1_21' title='bbox 539 546 639 596; x_wconf 90' lang='lat' dir='ltr'>per</span> <span class='ocrx_word' id='word_1_22' title='bbox 655 537 766 578; x_wconf 82' lang='lat' dir='ltr'>tota</span> <span class='ocrx_word' id='word_1_23' title='bbox 786 543 991 577; x_wconf 79' lang='lat' dir='ltr'>novem</span> <span class='ocrx_word' id='word_1_24' title='bbox 1015 527 1097 576; x_wconf 90' lang='lat' dir='ltr'>cui</span> <span class='ocrx_word' id='word_1_25' title='bbox 1118 528 1296 591; x_wconf 81' lang='lat' dir='ltr'>iugera</span> <span class='ocrx_word' id='word_1_26' title='bbox 1321 542 1515 590; x_wconf 88' lang='lat' dir='ltr'>corpus</span> 
     </span>
     <span class='ocr_line' id='line_1_6' title="bbox 98 596 1441 668; baseline -0.007 -15"><span class='ocrx_word' id='word_1_27' title='bbox 98 604 420 668; x_wconf 72' lang='lat' dir='ltr'>Porrigstur,</span> <span class='ocrx_word' id='word_1_28' title='bbox 457 609 745 666; x_wconf 87' lang='lat' dir='ltr'>rostroque</span> <span class='ocrx_word' id='word_1_29' title='bbox 775 597 1004 647; x_wconf 89' lang='lat' dir='ltr'>inmanis</span> <span class='ocrx_word' id='word_1_30' title='bbox 1026 596 1205 646; x_wconf 80' lang='lat' dir='ltr'>voltur</span> <span class='ocrx_word' id='word_1_31' title='bbox 1224 597 1441 645; x_wconf 87' lang='lat' dir='ltr'>obunco</span> 
     </span>
    </p>
   </div>
   <div class='ocr_carea' id='block_1_4' title="bbox 170 688 692 742">
    <p class='ocr_par' dir='ltr' id='par_1_4' title="bbox 170 688 692 742">
     <span class='ocr_line' id='line_1_7' title="bbox 170 688 692 742; baseline -0.021 -2"><span class='ocrx_word' id='word_1_32' title='bbox 170 689 286 740; x_wconf 85' lang='lat'><strong>597.</strong></span> <span class='ocrx_word' id='word_1_33' title='bbox 322 688 692 742; x_wconf 83' lang='lat' dir='ltr'>PORRIGITUR3</span> 
     </span>
    </p>
   </div>
   <div class='ocr_carea' id='block_1_5' title="bbox 93 794 1635 1509">
    <p class='ocr_par' dir='ltr' id='par_1_5' title="bbox 93 794 1635 1509">
     <span class='ocr_line' id='line_1_8' title="bbox 193 794 1632 849; baseline -0.009 -10"><span class='ocrx_word' id='word_1_34' title='bbox 193 803 264 839; x_wconf 81' lang='lat'>594</span> <span class='ocrx_word' id='word_1_35' title='bbox 287 814 442 849; x_wconf 82' lang='lat' dir='ltr'>corpore</span> <span class='ocrx_word' id='word_1_36' title='bbox 458 800 620 834; x_wconf 82' lang='lat' dir='ltr'>Parrhas.</span> <span class='ocrx_word' id='word_1_37' title='bbox 669 797 792 843; x_wconf 76' lang='lat' dir='ltr'>abegit</span> <span class='ocrx_word' id='word_1_38' title='bbox 821 797 876 830; x_wconf 85' lang='lat' dir='ltr'>ed.</span> <span class='ocrx_word' id='word_1_39' title='bbox 905 798 996 831; x_wconf 88' lang='lat' dir='ltr'>Ven.</span> <span class='ocrx_word' id='word_1_40' title='bbox 1094 796 1164 831; x_wconf 87' lang='lat'>595</span> <span class='ocrx_word' id='word_1_41' title='bbox 1192 795 1460 841; x_wconf 62' lang='lat' dir='ltr'>omnipotentis*</span> <span class='ocrx_word' id='word_1_42' title='bbox 1483 794 1632 827; x_wconf 89' lang='lat' dir='ltr'>Arusia-</span> 
     </span>
     <span class='ocr_line' id='line_1_9' title="bbox 97 841 1633 892; baseline -0.008 -7"><span class='ocrx_word' id='word_1_43' title='bbox 97 864 162 885; x_wconf 91' lang='lat' dir='ltr'>nus</span> <span class='ocrx_word' id='word_1_44' title='bbox 182 858 217 884; x_wconf 84' lang='lat' dir='ltr'>et</span> <span class='ocrx_word' id='word_1_45' title='bbox 239 850 375 884; x_wconf 90' lang='lat' dir='ltr'>Nonius</span> <span class='ocrx_word' id='word_1_46' title='bbox 388 875 397 891; x_wconf 87' lang='lat'>‚</span> <span class='ocrx_word' id='word_1_47' title='bbox 421 848 576 892; x_wconf 85' lang='lat' dir='ltr'><strong>librique</strong></span> <span class='ocrx_word' id='word_1_48' title='bbox 595 846 753 879; x_wconf 83' lang='lat' dir='ltr'>nonnulli</span> <span class='ocrx_word' id='word_1_49' title='bbox 772 845 880 878; x_wconf 86' lang='lat' dir='ltr'>Pierii</span> <span class='ocrx_word' id='word_1_50' title='bbox 897 858 917 878; x_wconf 89' lang='lat' dir='ltr'>a</span> <span class='ocrx_word' id='word_1_51' title='bbox 935 857 980 877; x_wconf 90' lang='lat' dir='ltr'>m.</span> <span class='ocrx_word' id='word_1_52' title='bbox 999 856 1069 878; x_wconf 85' lang='lat' dir='ltr'>sec.</span> <span class='ocrx_word' id='word_1_53' title='bbox 1082 870 1090 886; x_wconf 94' lang='lat'>‚</span> <span class='ocrx_word' id='word_1_54' title='bbox 1117 843 1209 875; x_wconf 85' lang='lat' dir='ltr'>inter</span> <span class='ocrx_word' id='word_1_55' title='bbox 1228 853 1315 886; x_wconf 90' lang='lat' dir='ltr'>quos</span> <span class='ocrx_word' id='word_1_56' title='bbox 1336 843 1437 874; x_wconf 85' lang='lat' dir='ltr'>Rom.</span> <span class='ocrx_word' id='word_1_57' title='bbox 1464 848 1498 874; x_wconf 82' lang='lat' dir='ltr'>et</span> <span class='ocrx_word' id='word_1_58' title='bbox 1518 841 1633 874; x_wconf 86' lang='lat' dir='ltr'>Hein-</span> 
     </span>
     <span class='ocr_line' id='line_1_10' title="bbox 97 888 1633 942; baseline -0.008 -10"><span class='ocrx_word' id='word_1_59' title='bbox 97 898 187 933; x_wconf 83' lang='lat' dir='ltr'>siani</span> <span class='ocrx_word' id='word_1_60' title='bbox 206 898 342 942; x_wconf 77' lang='lat' dir='ltr'>aliquot</span> <span class='ocrx_word' id='word_1_61' title='bbox 358 896 575 930; x_wconf 84' lang='lat' dir='ltr'><strong>recentiores</strong></span> <span class='ocrx_word' id='word_1_62' title='bbox 595 906 671 927; x_wconf 85' lang='lat' dir='ltr'>cum</span> <span class='ocrx_word' id='word_1_63' title='bbox 694 893 784 932; x_wconf 82' lang='lat' dir='ltr'>Erf.,</span> <span class='ocrx_word' id='word_1_64' title='bbox 811 895 862 937; x_wconf 79' lang='lat' dir='ltr'>(et</span> <span class='ocrx_word' id='word_1_65' title='bbox 886 894 940 927; x_wconf 94' lang='grc'>11.</span> <span class='ocrx_word' id='word_1_66' title='bbox 973 891 1068 935; x_wconf 75' lang='lat' dir='ltr'>lVr.)</span> <span class='ocrx_word' id='word_1_67' title='bbox 1094 890 1157 923; x_wconf 90' lang='lat' dir='ltr'>sed</span> <span class='ocrx_word' id='word_1_68' title='bbox 1181 901 1257 922; x_wconf 89' lang='lat' dir='ltr'>cum</span> <span class='ocrx_word' id='word_1_69' title='bbox 1288 888 1330 920; x_wconf 88' lang='lat' dir='ltr'>iis</span> <span class='ocrx_word' id='word_1_70' title='bbox 1361 895 1477 921; x_wconf 88' lang='lat' dir='ltr'>tamen</span> <span class='ocrx_word' id='word_1_71' title='bbox 1504 888 1633 921; x_wconf 88' lang='lat' dir='ltr'>Medic.</span> 
     </span>
     <span class='ocr_line' id='line_1_11' title="bbox 96 935 1635 990; baseline -0.006 -11"><span class='ocrx_word' id='word_1_72' title='bbox 96 959 118 980; x_wconf 87' lang='lat' dir='ltr'>a</span> <span class='ocrx_word' id='word_1_73' title='bbox 136 958 180 979; x_wconf 83' lang='lat' dir='ltr'>m.</span> <span class='ocrx_word' id='word_1_74' title='bbox 202 958 279 990; x_wconf 90' lang='lat' dir='ltr'>pr.‚</span> <span class='ocrx_word' id='word_1_75' title='bbox 304 945 345 978; x_wconf 85' lang='lat' dir='ltr'>it.</span> <span class='ocrx_word' id='word_1_76' title='bbox 366 945 492 987; x_wconf 80' lang='lat' dir='ltr'>fragm.</span> <span class='ocrx_word' id='word_1_77' title='bbox 512 943 628 976; x_wconf 82' lang='lat' dir='ltr'>Vatic.</span> <span class='ocrx_word' id='word_1_78' title='bbox 648 954 666 974; x_wconf 86' lang='lat' dir='ltr'>a</span> <span class='ocrx_word' id='word_1_79' title='bbox 693 953 738 973; x_wconf 88' lang='lat' dir='ltr'>m.</span> <span class='ocrx_word' id='word_1_80' title='bbox 769 951 822 984; x_wconf 88' lang='lat' dir='ltr'>pr.</span> <span class='ocrx_word' id='word_1_81' title='bbox 856 951 932 973; x_wconf 87' lang='lat' dir='ltr'>cum</span> <span class='ocrx_word' id='word_1_82' title='bbox 964 939 1055 972; x_wconf 89' lang='lat' dir='ltr'>binis</span> <span class='ocrx_word' id='word_1_83' title='bbox 1087 937 1197 971; x_wconf 84' lang='lat' dir='ltr'>Goth.</span> <span class='ocrx_word' id='word_1_84' title='bbox 1249 935 1413 969; x_wconf 88' lang='lat' dir='ltr'>Vincitur</span> <span class='ocrx_word' id='word_1_85' title='bbox 1441 936 1498 968; x_wconf 89' lang='lat' dir='ltr'>hic</span> <span class='ocrx_word' id='word_1_86' title='bbox 1531 935 1635 969; x_wconf 87' lang='lat' dir='ltr'><strong>codd.</strong></span> 
     </span>
     <span class='ocr_line' id='line_1_12' title="bbox 96 980 1635 1031; baseline -0.008 -5"><span class='ocrx_word' id='word_1_87' title='bbox 96 1004 288 1027; x_wconf 81' lang='lat' dir='ltr'>consensus</span> <span class='ocrx_word' id='word_1_88' title='bbox 309 998 344 1024; x_wconf 89' lang='lat' dir='ltr'>et</span> <span class='ocrx_word' id='word_1_89' title='bbox 365 991 558 1024; x_wconf 78' lang='lat' dir='ltr'>auctoritas</span> <span class='ocrx_word' id='word_1_90' title='bbox 576 989 707 1022; x_wconf 87' lang='lat' dir='ltr'>iudicio</span> <span class='ocrx_word' id='word_1_91' title='bbox 738 987 948 1031; x_wconf 80' lang='lat' dir='ltr'>elegantiae.</span> <span class='ocrx_word' id='word_1_92' title='bbox 999 988 1042 1019; x_wconf 89' lang='lat' dir='ltr'>Et</span> <span class='ocrx_word' id='word_1_93' title='bbox 1067 980 1318 1028; x_wconf 79' lang='grc' dir='ltr'><em>Παμμήτειρα</em></span> <span class='ocrx_word' id='word_1_94' title='bbox 1349 995 1550 1028; x_wconf 77' lang='lat' dir='ltr'>expressum</span> <span class='ocrx_word' id='word_1_95' title='bbox 1579 981 1635 1016; x_wconf 83' lang='lat' dir='ltr'>vi·-</span> 
     </span>
     <span class='ocr_line' id='line_1_13' title="bbox 95 1029 1635 1085; baseline -0.008 -12"><span class='ocrx_word' id='word_1_96' title='bbox 95 1041 172 1073; x_wconf 85' lang='lat' dir='ltr'>deri</span> <span class='ocrx_word' id='word_1_97' title='bbox 197 1045 331 1085; x_wconf 87' lang='lat' dir='ltr'>potest.</span> <span class='ocrx_word' id='word_1_98' title='bbox 381 1038 663 1083; x_wconf 71' lang='lat' dir='ltr'>(omniparentis</span> <span class='ocrx_word' id='word_1_99' title='bbox 681 1034 810 1067; x_wconf 82' lang='lat' dir='ltr'><strong>Medic.</strong></span> <span class='ocrx_word' id='word_1_100' title='bbox 841 1047 859 1067; x_wconf 90' lang='lat' dir='ltr'>a</span> <span class='ocrx_word' id='word_1_101' title='bbox 879 1047 924 1066; x_wconf 89' lang='lat' dir='ltr'>m.</span> <span class='ocrx_word' id='word_1_102' title='bbox 946 1046 995 1074; x_wconf 87' lang='lat' dir='ltr'>s.‚</span> <span class='ocrx_word' id='word_1_103' title='bbox 1022 1033 1115 1065; x_wconf 78' lang='lat' dir='ltr'>idem</span> <span class='ocrx_word' id='word_1_104' title='bbox 1144 1035 1179 1064; x_wconf 90' lang='lat' dir='ltr'>in</span> <span class='ocrx_word' id='word_1_105' title='bbox 1205 1030 1463 1074; x_wconf 80' lang='lat' dir='ltr'>antiquioribus</span> <span class='ocrx_word' id='word_1_106' title='bbox 1498 1029 1635 1062; x_wconf 86' lang='lat' dir='ltr'>Heinsii</span> 
     </span>
     <span class='ocr_line' id='line_1_14' title="bbox 97 1078 1633 1127; baseline -0.008 -7"><span class='ocrx_word' id='word_1_107' title='bbox 97 1087 186 1120; x_wconf 88' lang='lat' dir='ltr'>etin</span> <span class='ocrx_word' id='word_1_108' title='bbox 206 1086 334 1127; x_wconf 59' lang='lat' dir='ltr'>Palae,</span> <span class='ocrx_word' id='word_1_109' title='bbox 361 1087 484 1119; x_wconf 83' lang='lat' dir='ltr'>eadem</span> <span class='ocrx_word' id='word_1_110' title='bbox 508 1092 561 1117; x_wconf 89' lang='lat' dir='ltr'>est</span> <span class='ocrx_word' id='word_1_111' title='bbox 581 1084 689 1116; x_wconf 79' lang='lat' dir='ltr'>altera</span> <span class='ocrx_word' id='word_1_112' title='bbox 711 1083 836 1126; x_wconf 80' lang='lat' dir='ltr'>fragm.</span> <span class='ocrx_word' id='word_1_113' title='bbox 860 1082 974 1115; x_wconf 79' lang='lat' dir='ltr'>Vatic.</span> <span class='ocrx_word' id='word_1_114' title='bbox 996 1080 1125 1120; x_wconf 81' lang='lat' dir='ltr'>lecti03</span> <span class='ocrx_word' id='word_1_115' title='bbox 1150 1091 1253 1123; x_wconf 80' lang='lat' dir='ltr'>quam</span> <span class='ocrx_word' id='word_1_116' title='bbox 1275 1078 1423 1111; x_wconf 77' lang='lat' dir='ltr'><strong>servavi.</strong></span> <span class='ocrx_word' id='word_1_117' title='bbox 1474 1078 1542 1111; x_wconf 79' lang='lat' dir='ltr'>Vix</span> <span class='ocrx_word' id='word_1_118' title='bbox 1565 1078 1633 1109; x_wconf 86' lang='lat' dir='ltr'>(lu-</span> 
     </span>
     <span class='ocr_line' id='line_1_15' title="bbox 94 1125 1633 1178; baseline -0.008 -11"><span class='ocrx_word' id='word_1_119' title='bbox 94 1135 191 1168; x_wconf 90' lang='lat' dir='ltr'>bium</span> <span class='ocrx_word' id='word_1_120' title='bbox 216 1141 290 1175; x_wconf 80' lang='lat' dir='ltr'>est,</span> <span class='ocrx_word' id='word_1_121' title='bbox 316 1133 399 1178; x_wconf 89' lang='lat' dir='ltr'>quin</span> <span class='ocrx_word' id='word_1_122' title='bbox 420 1133 527 1165; x_wconf 89' lang='lat' dir='ltr'>modo</span> <span class='ocrx_word' id='word_1_123' title='bbox 557 1142 801 1176; x_wconf 78' lang='lat' dir='ltr'><strong>praegressum</strong></span> <span class='ocrx_word' id='word_1_124' title='bbox 828 1141 878 1162; x_wconf 89' lang='lat' dir='ltr'>vs.</span> <span class='ocrx_word' id='word_1_125' title='bbox 908 1130 988 1162; x_wconf 72' lang='lat'>592.</span> <span class='ocrx_word' id='word_1_126' title='bbox 1017 1129 1244 1173; x_wconf 76' lang='lat' dir='ltr'>omnipotens</span> <span class='ocrx_word' id='word_1_127' title='bbox 1272 1125 1434 1157; x_wconf 79' lang='lat' dir='ltr'>librarios</span> <span class='ocrx_word' id='word_1_128' title='bbox 1463 1125 1498 1157; x_wconf 88' lang='lat' dir='ltr'>in</span> <span class='ocrx_word' id='word_1_129' title='bbox 1530 1136 1633 1157; x_wconf 88' lang='lat' dir='ltr'>crro-</span> 
     </span>
     <span class='ocr_line' id='line_1_16' title="bbox 94 1172 1632 1221; baseline -0.007 -7"><span class='ocrx_word' id='word_1_130' title='bbox 94 1194 170 1215; x_wconf 86' lang='lat' dir='ltr'><strong>rem</strong></span> <span class='ocrx_word' id='word_1_131' title='bbox 193 1181 388 1219; x_wconf 75' lang='lat' dir='ltr'>induxerit3</span> <span class='ocrx_word' id='word_1_132' title='bbox 428 1192 491 1212; x_wconf 90' lang='lat' dir='ltr'>nec</span> <span class='ocrx_word' id='word_1_133' title='bbox 523 1186 620 1212; x_wconf 76' lang='lat' dir='ltr'>recte</span> <span class='ocrx_word' id='word_1_134' title='bbox 656 1177 963 1221; x_wconf 88' lang='lat' dir='ltr'>omnipotens</span> <span class='ocrx_word' id='word_1_135' title='bbox 998 1176 1223 1219; x_wconf 85' lang='lat' dir='ltr'>Olympus</span> <span class='ocrx_word' id='word_1_136' title='bbox 1260 1180 1293 1205; x_wconf 81' lang='lat' dir='ltr'>et</span> <span class='ocrx_word' id='word_1_137' title='bbox 1328 1172 1632 1217; x_wconf 89' lang='lat' dir='ltr'>omnipotens</span> 
     </span>
     <span class='ocr_line' id='line_1_17' title="bbox 94 1220 1633 1272; baseline -0.006 -10"><span class='ocrx_word' id='word_1_138' title='bbox 94 1231 246 1262; x_wconf 84' lang='lat' dir='ltr'>Terra</span> <span class='ocrx_word' id='word_1_139' title='bbox 272 1234 530 1272; x_wconf 89' lang='lat' dir='ltr'>componuntur</span> <span class='ocrx_word' id='word_1_140' title='bbox 552 1239 571 1259; x_wconf 88' lang='lat' dir='ltr'>a</span> <span class='ocrx_word' id='word_1_141' title='bbox 595 1225 728 1258; x_wconf 68' lang='lat' dir='ltr'>latinio,</span> <span class='ocrx_word' id='word_1_142' title='bbox 760 1224 856 1267; x_wconf 80' lang='lat' dir='ltr'>Wr.)</span> <span class='ocrx_word' id='word_1_143' title='bbox 910 1223 1170 1266; x_wconf 69' lang='lat' dir='ltr'>omnipotentis</span> <span class='ocrx_word' id='word_1_144' title='bbox 1195 1220 1293 1252; x_wconf 83' lang='lat' dir='ltr'>Leid.</span> <span class='ocrx_word' id='word_1_145' title='bbox 1319 1227 1352 1252; x_wconf 90' lang='lat' dir='ltr'>et</span> <span class='ocrx_word' id='word_1_146' title='bbox 1379 1220 1507 1252; x_wconf 78' lang='lat' dir='ltr'>Medio.</span> <span class='ocrx_word' id='word_1_147' title='bbox 1538 1232 1556 1252; x_wconf 92' lang='lat' dir='ltr'>a</span> <span class='ocrx_word' id='word_1_148' title='bbox 1588 1232 1633 1253; x_wconf 88' lang='lat' dir='ltr'>m.</span> 
     </span>
     <span class='ocr_line' id='line_1_18' title="bbox 96 1268 1632 1321; baseline -0.007 -12"><span class='ocrx_word' id='word_1_149' title='bbox 96 1289 166 1309; x_wconf 86' lang='lat' dir='ltr'>sec.</span> <span class='ocrx_word' id='word_1_150' title='bbox 203 1276 280 1321; x_wconf 81' lang='lat' dir='ltr'>(sed</span> <span class='ocrx_word' id='word_1_151' title='bbox 302 1276 400 1320; x_wconf 87' lang='lat' dir='ltr'>prior</span> <span class='ocrx_word' id='word_1_152' title='bbox 418 1284 431 1307; x_wconf 76' lang='lat' dir='ltr'>t</span> <span class='ocrx_word' id='word_1_153' title='bbox 455 1275 489 1307; x_wconf 87' lang='lat' dir='ltr'>in</span> <span class='ocrx_word' id='word_1_154' title='bbox 511 1273 638 1306; x_wconf 83' lang='lat' dir='ltr'>Medic.</span> <span class='ocrx_word' id='word_1_155' title='bbox 657 1273 694 1305; x_wconf 86' lang='lat' dir='ltr'>in</span> <span class='ocrx_word' id='word_1_156' title='bbox 714 1286 733 1304; x_wconf 90' lang='lat' dir='ltr'>r</span> <span class='ocrx_word' id='word_1_157' title='bbox 753 1278 918 1304; x_wconf 85' lang='lat' dir='ltr'>mutatur.</span> <span class='ocrx_word' id='word_1_158' title='bbox 949 1271 1046 1311; x_wconf 69' lang='lat' dir='ltr'>lVr.)</span> <span class='ocrx_word' id='word_1_159' title='bbox 1146 1269 1215 1306; x_wconf 79' lang='lat'>596</span> <span class='ocrx_word' id='word_1_160' title='bbox 1240 1269 1301 1300; x_wconf 74' lang='lat' dir='ltr'>cui</span> <span class='ocrx_word' id='word_1_161' title='bbox 1327 1275 1352 1300; x_wconf 82' lang='lat' dir='ltr'>t.</span> <span class='ocrx_word' id='word_1_162' title='bbox 1383 1280 1419 1300; x_wconf 86' lang='lat' dir='ltr'>n.</span> <span class='ocrx_word' id='word_1_163' title='bbox 1449 1279 1518 1312; x_wconf 80' lang='lat' dir='ltr'>per</span> <span class='ocrx_word' id='word_1_164' title='bbox 1543 1268 1632 1299; x_wconf 85' lang='lat' dir='ltr'>Par-</span> 
     </span>
     <span class='ocr_line' id='line_1_19' title="bbox 93 1313 1632 1365; baseline -0.008 -8"><span class='ocrx_word' id='word_1_165' title='bbox 93 1324 190 1357; x_wconf 85' lang='lat' dir='ltr'>rhas.</span> <span class='ocrx_word' id='word_1_166' title='bbox 286 1324 356 1359; x_wconf 81' lang='grc'>597</span> <span class='ocrx_word' id='word_1_167' title='bbox 382 1323 528 1355; x_wconf 77' lang='lat' dir='ltr'>adunco</span> <span class='ocrx_word' id='word_1_168' title='bbox 549 1334 617 1365; x_wconf 87' lang='lat' dir='ltr'>quo</span> <span class='ocrx_word' id='word_1_169' title='bbox 642 1327 786 1353; x_wconf 84' lang='lat' dir='ltr'>auctore</span> <span class='ocrx_word' id='word_1_170' title='bbox 809 1319 844 1351; x_wconf 90' lang='lat' dir='ltr'>in</span> <span class='ocrx_word' id='word_1_171' title='bbox 864 1318 978 1361; x_wconf 81' lang='lat' dir='ltr'>vulgg.</span> <span class='ocrx_word' id='word_1_172' title='bbox 998 1318 1077 1350; x_wconf 75' lang='lat' dir='ltr'>edd.</span> <span class='ocrx_word' id='word_1_173' title='bbox 1097 1315 1282 1360; x_wconf 80' lang='lat' dir='ltr'><strong>irrepserit</strong></span> <span class='ocrx_word' id='word_1_174' title='bbox 1297 1341 1305 1355; x_wconf 93' lang='lat'><strong><em>‚</em></strong></span> <span class='ocrx_word' id='word_1_175' title='bbox 1340 1326 1411 1346; x_wconf 89' lang='lat' dir='ltr'>non</span> <span class='ocrx_word' id='word_1_176' title='bbox 1444 1320 1544 1346; x_wconf 89' lang='lat' dir='ltr'>vacat</span> <span class='ocrx_word' id='word_1_177' title='bbox 1573 1313 1632 1345; x_wconf 88' lang='lat' dir='ltr'>in—</span> 
     </span>
     <span class='ocr_line' id='line_1_20' title="bbox 95 1360 1633 1416; baseline -0.008 -12"><span class='ocrx_word' id='word_1_178' title='bbox 95 1372 249 1416; x_wconf 78' lang='lat' dir='ltr'>quirere.</span> <span class='ocrx_word' id='word_1_179' title='bbox 298 1371 347 1402; x_wconf 81' lang='lat' dir='ltr'>Ex</span> <span class='ocrx_word' id='word_1_180' title='bbox 373 1382 442 1402; x_wconf 87' lang='lat' dir='ltr'>uno</span> <span class='ocrx_word' id='word_1_181' title='bbox 465 1369 594 1401; x_wconf 81' lang='lat' dir='ltr'>Medic.</span> <span class='ocrx_word' id='word_1_182' title='bbox 622 1380 683 1400; x_wconf 87' lang='lat' dir='ltr'>suo</span> <span class='ocrx_word' id='word_1_183' title='bbox 708 1367 799 1399; x_wconf 86' lang='lat' dir='ltr'>Pier.</span> <span class='ocrx_word' id='word_1_184' title='bbox 836 1365 924 1398; x_wconf 88' lang='lat' dir='ltr'>illud</span> <span class='ocrx_word' id='word_1_185' title='bbox 949 1365 1082 1397; x_wconf 85' lang='lat' dir='ltr'>laudat.</span> <span class='ocrx_word' id='word_1_186' title='bbox 1135 1362 1274 1396; x_wconf 71' lang='lat' dir='ltr'>obunco</span> <span class='ocrx_word' id='word_1_187' title='bbox 1304 1361 1424 1393; x_wconf 84' lang='lat' dir='ltr'>Heins.</span> <span class='ocrx_word' id='word_1_188' title='bbox 1454 1360 1633 1393; x_wconf 81' lang='lat' dir='ltr'>revocavit</span> 
     </span>
     <span class='ocr_line' id='line_1_21' title="bbox 95 1409 1630 1461; baseline -0.007 -10"><span class='ocrx_word' id='word_1_189' title='bbox 95 1431 138 1451; x_wconf 76' lang='lat' dir='ltr'>ex</span> <span class='ocrx_word' id='word_1_190' title='bbox 156 1417 282 1451; x_wconf 83' lang='lat' dir='ltr'>Medic.</span> <span class='ocrx_word' id='word_1_191' title='bbox 310 1417 479 1461; x_wconf 75' lang='lat' dir='ltr'>aliisque;</span> <span class='ocrx_word' id='word_1_192' title='bbox 513 1416 563 1449; x_wconf 88' lang='lat' dir='ltr'>sic</span> <span class='ocrx_word' id='word_1_193' title='bbox 590 1422 625 1448; x_wconf 87' lang='lat' dir='ltr'>et</span> <span class='ocrx_word' id='word_1_194' title='bbox 654 1414 834 1448; x_wconf 82' lang='lat' dir='ltr'>habebant</span> <span class='ocrx_word' id='word_1_195' title='bbox 867 1413 946 1445; x_wconf 85' lang='lat' dir='ltr'>edd.</span> <span class='ocrx_word' id='word_1_196' title='bbox 974 1420 1132 1450; x_wconf 83' lang='lat' dir='ltr'>veteres,</span> <span class='ocrx_word' id='word_1_197' title='bbox 1167 1410 1314 1443; x_wconf 80' lang='lat' dir='ltr'>Aldinae</span> <span class='ocrx_word' id='word_1_198' title='bbox 1342 1409 1464 1452; x_wconf 84' lang='lat' dir='ltr'>utique</span> <span class='ocrx_word' id='word_1_199' title='bbox 1497 1420 1630 1441; x_wconf 86' lang='lat' dir='ltr'>omnes.</span> 
     </span>
     <span class='ocr_line' id='line_1_22' title="bbox 94 1455 1631 1509; baseline -0.007 -10"><span class='ocrx_word' id='word_1_200' title='bbox 94 1469 141 1500; x_wconf 91' lang='lat' dir='ltr'>At</span> <span class='ocrx_word' id='word_1_201' title='bbox 161 1467 258 1498; x_wconf 85' lang='lat' dir='ltr'>Rom.</span> <span class='ocrx_word' id='word_1_202' title='bbox 279 1465 403 1509; x_wconf 80' lang='lat' dir='ltr'><strong>fragm.</strong></span> <span class='ocrx_word' id='word_1_203' title='bbox 426 1463 541 1496; x_wconf 83' lang='lat' dir='ltr'>Vatic.</span> <span class='ocrx_word' id='word_1_204' title='bbox 571 1471 605 1496; x_wconf 89' lang='lat' dir='ltr'>et</span> <span class='ocrx_word' id='word_1_205' title='bbox 633 1463 712 1503; x_wconf 90' lang='lat' dir='ltr'>alii,</span> <span class='ocrx_word' id='word_1_206' title='bbox 747 1463 837 1505; x_wconf 84' lang='lat' dir='ltr'>(cum</span> <span class='ocrx_word' id='word_1_207' title='bbox 870 1463 925 1496; x_wconf 87' lang='grc'>11.</span> <span class='ocrx_word' id='word_1_208' title='bbox 967 1460 1061 1503; x_wconf 75' lang='lat' dir='ltr'>lVr.)</span> <span class='ocrx_word' id='word_1_209' title='bbox 1099 1457 1252 1491; x_wconf 71' lang='lat' dir='ltr'>obunco.</span> <span class='ocrx_word' id='word_1_210' title='bbox 1287 1456 1330 1489; x_wconf 86' lang='lat' dir='ltr'>cf.</span> <span class='ocrx_word' id='word_1_211' title='bbox 1357 1455 1420 1489; x_wconf 84' lang='lat' dir='ltr'>inf.</span> <span class='ocrx_word' id='word_1_212' title='bbox 1454 1456 1518 1497; x_wconf 73' lang='lat' dir='ltr'>XI,</span> <span class='ocrx_word' id='word_1_213' title='bbox 1550 1457 1631 1490; x_wconf 86' lang='lat'><strong>755.</strong></span> 
     </span>
    </p>
   </div>
   <div class='ocr_carea' id='block_1_6' title="bbox 93 1502 1630 1557">
    <p class='ocr_par' dir='ltr' id='par_1_6' title="bbox 93 1502 1630 1557">
     <span class='ocr_line' id='line_1_23' title="bbox 93 1502 1630 1557; baseline -0.007 -11"><span class='ocrx_word' id='word_1_214' title='bbox 93 1511 269 1557; x_wconf 81' lang='grc' dir='ltr'><em>Αἰγυπιοὶ</em></span> <span class='ocrx_word' id='word_1_215' title='bbox 311 1509 572 1557; x_wconf 63' lang='grc' dir='ltr'><em>ἀγκυλοχεῖλαι</em></span> <span class='ocrx_word' id='word_1_216' title='bbox 608 1522 665 1555; x_wconf 87' lang='lat' dir='ltr'>ap.</span> <span class='ocrx_word' id='word_1_217' title='bbox 705 1508 853 1542; x_wconf 87' lang='lat' dir='ltr'>Hesiod.</span> <span class='ocrx_word' id='word_1_218' title='bbox 881 1510 936 1541; x_wconf 83' lang='lat' dir='ltr'>Sc.</span> <span class='ocrx_word' id='word_1_219' title='bbox 974 1508 1018 1540; x_wconf 91' lang='lat' dir='ltr'>H.</span> <span class='ocrx_word' id='word_1_220' title='bbox 1050 1507 1119 1542; x_wconf 78' lang='lat'>405</span> <span class='ocrx_word' id='word_1_221' title='bbox 1156 1516 1279 1539; x_wconf 89' lang='lat' dir='ltr'>vocem</span> <span class='ocrx_word' id='word_1_222' title='bbox 1308 1503 1507 1544; x_wconf 77' lang='lat' dir='ltr'>illustrant3</span> <span class='ocrx_word' id='word_1_223' title='bbox 1541 1502 1630 1535; x_wconf 86' lang='lat' dir='ltr'>nihil</span> 
     </span>
    </p>
   </div>
   <div class='ocr_carea' id='block_1_7' title="bbox 93 1560 255 1606">
    <p class='ocr_par' dir='ltr' id='par_1_7' title="bbox 93 1560 255 1606">
     <span class='ocr_line' id='line_1_24' title="bbox 93 1560 255 1606; baseline -0.006 -12"><span class='ocrx_word' id='word_1_224' title='bbox 93 1560 255 1606; x_wconf 83' lang='lat' dir='ltr'>amplius.</span> 
     </span>
    </p>
   </div>
   <div class='ocr_carea' id='block_1_8' title="bbox 56 1652 833 2984">
    <p class='ocr_par' dir='ltr' id='par_1_8' title="bbox 56 1652 833 2159">
     <span class='ocr_line' id='line_1_25' title="bbox 93 1652 833 1707; baseline -0.008 -13"><span class='ocrx_word' id='word_1_225' title='bbox 93 1669 217 1694; x_wconf 88' lang='lat' dir='ltr'>suave</span> <span class='ocrx_word' id='word_1_226' title='bbox 251 1655 304 1693; x_wconf 84' lang='lat' dir='ltr'>ad</span> <span class='ocrx_word' id='word_1_227' title='bbox 336 1654 643 1707; x_wconf 84' lang='lat' dir='ltr'>deprimendum</span> <span class='ocrx_word' id='word_1_228' title='bbox 674 1652 833 1690; x_wconf 85' lang='lat' dir='ltr'>Salmo-</span> 
     </span>
     <span class='ocr_line' id='line_1_26' title="bbox 93 1711 832 1752; baseline -0.007 0"><span class='ocrx_word' id='word_1_229' title='bbox 93 1727 228 1752; x_wconf 88' lang='lat' dir='ltr'>neum.</span> <span class='ocrx_word' id='word_1_230' title='bbox 289 1714 386 1751; x_wconf 90' lang='lat' dir='ltr'>Tres</span> <span class='ocrx_word' id='word_1_231' title='bbox 407 1720 522 1751; x_wconf 88' lang='lat' dir='ltr'>erant</span> <span class='ocrx_word' id='word_1_232' title='bbox 553 1711 712 1750; x_wconf 79' lang='lat' dir='ltr'>dicendi</span> <span class='ocrx_word' id='word_1_233' title='bbox 746 1711 832 1747; x_wconf 87' lang='lat' dir='ltr'>sor-</span> 
     </span>
     <span class='ocr_line' id='line_1_27' title="bbox 94 1769 831 1822; baseline -0.007 -13"><span class='ocrx_word' id='word_1_234' title='bbox 94 1773 248 1820; x_wconf 81' lang='lat' dir='ltr'>mulae,</span> <span class='ocrx_word' id='word_1_235' title='bbox 281 1785 332 1809; x_wconf 80' lang='lat' dir='ltr'>ex</span> <span class='ocrx_word' id='word_1_236' title='bbox 351 1772 497 1822; x_wconf 87' lang='lat' dir='ltr'>quibus</span> <span class='ocrx_word' id='word_1_237' title='bbox 526 1769 831 1820; x_wconf 70' lang='lat' dir='ltr'>exquisitior-em</span> 
     </span>
     <span class='ocr_line' id='line_1_28' title="bbox 93 1828 832 1882; baseline -0.007 -15"><span class='ocrx_word' id='word_1_238' title='bbox 93 1830 315 1882; x_wconf 80' lang='lat' dir='ltr'><strong>praelatam</strong></span> <span class='ocrx_word' id='word_1_239' title='bbox 346 1830 477 1867; x_wconf 83' lang='lat' dir='ltr'>vides:</span> <span class='ocrx_word' id='word_1_240' title='bbox 509 1830 652 1865; x_wconf 76' lang='lat' dir='ltr'>laedas</span> <span class='ocrx_word' id='word_1_241' title='bbox 681 1828 832 1864; x_wconf 76' lang='lat' dir='ltr'>lumine</span> 
     </span>
     <span class='ocr_line' id='line_1_29' title="bbox 82 1885 831 1940; baseline -0.007 -15"><span class='ocrx_word' id='word_1_242' title='bbox 82 1888 260 1940; x_wconf 66' lang='lat' dir='ltr'>finaeo:</span> <span class='ocrx_word' id='word_1_243' title='bbox 300 1889 436 1925; x_wconf 72' lang='lat' dir='ltr'>lumen</span> <span class='ocrx_word' id='word_1_244' title='bbox 455 1887 650 1938; x_wconf 80' lang='lat' dir='ltr'>simzemn</span> <span class='ocrx_word' id='word_1_245' title='bbox 682 1885 831 1921; x_wconf 76' lang='lat' dir='ltr'>taeda-</span> 
     </span>
     <span class='ocr_line' id='line_1_30' title="bbox 93 1943 826 1995; baseline -0.008 -11"><span class='ocrx_word' id='word_1_246' title='bbox 93 1961 184 1984; x_wconf 72' lang='lat' dir='ltr'>rum</span> <span class='ocrx_word' id='word_1_247' title='bbox 199 1977 208 1994; x_wconf 87' lang='lat'>,</span> <span class='ocrx_word' id='word_1_248' title='bbox 244 1952 284 1983; x_wconf 88' lang='lat' dir='ltr'>et</span> <span class='ocrx_word' id='word_1_249' title='bbox 309 1947 444 1984; x_wconf 77' lang='lat' dir='ltr'>lumen</span> <span class='ocrx_word' id='word_1_250' title='bbox 459 1946 654 1995; x_wconf 70' lang='lat' dir='ltr'>junceum</span> <span class='ocrx_word' id='word_1_251' title='bbox 679 1943 826 1980; x_wconf 69' lang='lat' dir='ltr'>taedis.</span> 
     </span>
     <span class='ocr_line' id='line_1_31' title="bbox 93 2001 831 2056; baseline -0.007 -14"><span class='ocrx_word' id='word_1_252' title='bbox 93 2004 247 2042; x_wconf 75' lang='lat' dir='ltr'>turbine</span> <span class='ocrx_word' id='word_1_253' title='bbox 278 2018 352 2056; x_wconf 88' lang='lat' dir='ltr'>pro</span> <span class='ocrx_word' id='word_1_254' title='bbox 388 2003 585 2051; x_wconf 82' lang='lat' dir='ltr'>fulmine,</span> <span class='ocrx_word' id='word_1_255' title='bbox 628 2007 674 2040; x_wconf 85' lang='lat' dir='ltr'>ut</span> <span class='ocrx_word' id='word_1_256' title='bbox 701 2001 831 2039; x_wconf 87' lang='lat' dir='ltr'>solent</span> 
     </span>
     <span class='ocr_line' id='line_1_32' title="bbox 56 2060 831 2113; baseline -0.006 -13"><span class='ocrx_word' id='word_1_257' title='bbox 56 2100 65 2106; x_wconf 74' lang='lat'>.</span> <span class='ocrx_word' id='word_1_258' title='bbox 93 2063 238 2111; x_wconf 68' lang='lat' dir='ltr'>nimbi,</span> <span class='ocrx_word' id='word_1_259' title='bbox 272 2062 477 2109; x_wconf 78' lang='lat' dir='ltr'>turbines,</span> <span class='ocrx_word' id='word_1_260' title='bbox 511 2060 708 2113; x_wconf 82' lang='lat' dir='ltr'><strong>procellae</strong></span> <span class='ocrx_word' id='word_1_261' title='bbox 739 2072 831 2096; x_wconf 88' lang='lat' dir='ltr'>cum</span> 
     </span>
     <span class='ocr_line' id='line_1_33' title="bbox 92 2122 514 2159; baseline -0.005 -1"><span class='ocrx_word' id='word_1_262' title='bbox 92 2134 138 2159; x_wconf 91' lang='lat' dir='ltr'>eo</span> <span class='ocrx_word' id='word_1_263' title='bbox 161 2134 242 2158; x_wconf 84' lang='lat' dir='ltr'>esse</span> <span class='ocrx_word' id='word_1_264' title='bbox 264 2122 514 2159; x_wconf 83' lang='lat' dir='ltr'>coniunctae.</span> 
     </span>
    </p>

    <p class='ocr_par' dir='ltr' id='par_1_9' title="bbox 89 2176 832 2984">
     <span class='ocr_line' id='line_1_34' title="bbox 151 2176 827 2226; baseline -0.016 -4"><span class='ocrx_word' id='word_1_265' title='bbox 151 2180 414 2224; x_wconf 78' lang='lat'>595—600.</span> <span class='ocrx_word' id='word_1_266' title='bbox 457 2178 586 2216; x_wconf 83' lang='lat' dir='ltr'>Etiam</span> <span class='ocrx_word' id='word_1_267' title='bbox 615 2176 655 2213; x_wconf 90' lang='lat' dir='ltr'>in</span> <span class='ocrx_word' id='word_1_268' title='bbox 695 2177 827 2226; x_wconf 73' lang='lat' dir='ltr'>Tityo,</span> 
     </span>
     <span class='ocr_line' id='line_1_35' title="bbox 91 2234 832 2286; baseline -0.007 -11"><span class='ocrx_word' id='word_1_269' title='bbox 91 2243 140 2275; x_wconf 86' lang='lat' dir='ltr'>ut</span> <span class='ocrx_word' id='word_1_270' title='bbox 159 2238 199 2275; x_wconf 91' lang='lat' dir='ltr'>in</span> <span class='ocrx_word' id='word_1_271' title='bbox 223 2237 393 2285; x_wconf 83' lang='lat' dir='ltr'>Aloidis,</span> <span class='ocrx_word' id='word_1_272' title='bbox 424 2237 525 2274; x_wconf 82' lang='lat' dir='ltr'>vasti</span> <span class='ocrx_word' id='word_1_273' title='bbox 548 2234 728 2286; x_wconf 87' lang='lat' dir='ltr'>corporis</span> <span class='ocrx_word' id='word_1_274' title='bbox 757 2247 832 2271; x_wconf 90' lang='lat' dir='ltr'>ro-</span> 
     </span>
     <span class='ocr_line' id='line_1_36' title="bbox 90 2292 828 2345; baseline -0.008 -11"><span class='ocrx_word' id='word_1_275' title='bbox 90 2296 201 2345; x_wconf 88' lang='lat' dir='ltr'>bur,</span> <span class='ocrx_word' id='word_1_276' title='bbox 242 2303 282 2334; x_wconf 89' lang='lat' dir='ltr'>et</span> <span class='ocrx_word' id='word_1_277' title='bbox 324 2302 417 2333; x_wconf 85' lang='lat' dir='ltr'>nata</span> <span class='ocrx_word' id='word_1_278' title='bbox 460 2295 554 2332; x_wconf 84' lang='lat' dir='ltr'>inde</span> <span class='ocrx_word' id='word_1_279' title='bbox 602 2292 828 2340; x_wconf 81' lang='lat' dir='ltr'>insolentia,</span> 
     </span>
     <span class='ocr_line' id='line_1_37' title="bbox 89 2350 827 2406; baseline -0.005 -14"><span class='ocrx_word' id='word_1_280' title='bbox 89 2350 240 2406; x_wconf 67' lang='grc' dir='ltr'><em>ῧβρις,</em></span> <span class='ocrx_word' id='word_1_281' title='bbox 285 2353 488 2391; x_wconf 82' lang='lat' dir='ltr'>declarata</span> <span class='ocrx_word' id='word_1_282' title='bbox 520 2367 542 2389; x_wconf 89' lang='lat' dir='ltr'>a</span> <span class='ocrx_word' id='word_1_283' title='bbox 574 2358 656 2390; x_wconf 81' lang='lat' dir='ltr'>vet.</span> <span class='ocrx_word' id='word_1_284' title='bbox 686 2350 827 2402; x_wconf 89' lang='lat' dir='ltr'>poetis.</span> 
     </span>
     <span class='ocr_line' id='line_1_38' title="bbox 91 2410 824 2463; baseline -0.007 -14"><span class='ocrx_word' id='word_1_285' title='bbox 91 2412 296 2460; x_wconf 86' lang='lat' dir='ltr'>Omnium,</span> <span class='ocrx_word' id='word_1_286' title='bbox 323 2413 390 2463; x_wconf 90' lang='lat' dir='ltr'>qui</span> <span class='ocrx_word' id='word_1_287' title='bbox 409 2425 580 2461; x_wconf 85' lang='lat' dir='ltr'>usquam</span> <span class='ocrx_word' id='word_1_288' title='bbox 602 2410 695 2447; x_wconf 85' lang='lat' dir='ltr'>sacti</span> <span class='ocrx_word' id='word_1_289' title='bbox 716 2414 824 2456; x_wconf 85' lang='lat' dir='ltr'>sunt,</span> 
     </span>
     <span class='ocr_line' id='line_1_39' title="bbox 90 2465 826 2521; baseline -0.007 -13"><span class='ocrx_word' id='word_1_290' title='bbox 90 2482 283 2508; x_wconf 83' lang='lat' dir='ltr'>versuum</span> <span class='ocrx_word' id='word_1_291' title='bbox 327 2470 594 2521; x_wconf 85' lang='lat' dir='ltr'>pulcerrimos</span> <span class='ocrx_word' id='word_1_292' title='bbox 629 2480 710 2505; x_wconf 84' lang='lat' dir='ltr'>esse</span> <span class='ocrx_word' id='word_1_293' title='bbox 751 2465 826 2504; x_wconf 88' lang='lat' dir='ltr'>hos</span> 
     </span>
     <span class='ocr_line' id='line_1_40' title="bbox 91 2525 827 2580; baseline -0.004 -16"><span class='ocrx_word' id='word_1_294' title='bbox 91 2540 162 2564; x_wconf 79' lang='lat' dir='ltr'>sex</span> <span class='ocrx_word' id='word_1_295' title='bbox 183 2557 192 2575; x_wconf 90' lang='lat'>,</span> <span class='ocrx_word' id='word_1_296' title='bbox 246 2528 486 2580; x_wconf 79' lang='lat' dir='ltr'>pronuntiat</span> <span class='ocrx_word' id='word_1_297' title='bbox 537 2527 607 2564; x_wconf 86' lang='lat' dir='ltr'><strong>Vir</strong></span> <span class='ocrx_word' id='word_1_298' title='bbox 669 2525 827 2562; x_wconf 85' lang='lat' dir='ltr'>doctus.</span> 
     </span>
     <span class='ocr_line' id='line_1_41' title="bbox 91 2583 828 2632; baseline -0.004 -10"><span class='ocrx_word' id='word_1_299' title='bbox 91 2587 196 2623; x_wconf 85' lang='lat' dir='ltr'>Sunt</span> <span class='ocrx_word' id='word_1_300' title='bbox 223 2599 317 2623; x_wconf 84' lang='lat' dir='ltr'>sane</span> <span class='ocrx_word' id='word_1_301' title='bbox 350 2585 612 2632; x_wconf 84' lang='lat' dir='ltr'>ornatissimi,</span> <span class='ocrx_word' id='word_1_302' title='bbox 651 2583 721 2620; x_wconf 81' lang='lat' dir='ltr'>sed</span> <span class='ocrx_word' id='word_1_303' title='bbox 755 2595 828 2620; x_wconf 90' lang='lat' dir='ltr'>nec</span> 
     </span>
     <span class='ocr_line' id='line_1_42' title="bbox 90 2639 829 2692; baseline -0.007 -11"><span class='ocrx_word' id='word_1_304' title='bbox 90 2643 245 2681; x_wconf 86' lang='lat' dir='ltr'>inventi</span> <span class='ocrx_word' id='word_1_305' title='bbox 290 2644 371 2681; x_wconf 88' lang='lat' dir='ltr'>ulla</span> <span class='ocrx_word' id='word_1_306' title='bbox 410 2644 450 2680; x_wconf 88' lang='lat' dir='ltr'>in</span> <span class='ocrx_word' id='word_1_307' title='bbox 498 2643 546 2679; x_wconf 87' lang='lat' dir='ltr'>iis</span> <span class='ocrx_word' id='word_1_308' title='bbox 588 2643 674 2679; x_wconf 86' lang='lat' dir='ltr'>laus</span> <span class='ocrx_word' id='word_1_309' title='bbox 717 2639 829 2692; x_wconf 83' lang='lat' dir='ltr'>(nam</span> 
     </span>
     <span class='ocr_line' id='line_1_43' title="bbox 90 2698 829 2753; baseline -0.007 -14"><span class='ocrx_word' id='word_1_310' title='bbox 90 2701 264 2753; x_wconf 77' lang='lat' dir='ltr'>praeivit</span> <span class='ocrx_word' id='word_1_311' title='bbox 305 2702 504 2738; x_wconf 85' lang='lat' dir='ltr'>Homerus</span> <span class='ocrx_word' id='word_1_312' title='bbox 554 2700 642 2737; x_wconf 89' lang='lat' dir='ltr'>loco</span> <span class='ocrx_word' id='word_1_313' title='bbox 690 2698 829 2746; x_wconf 83' lang='lat' dir='ltr'>nobili,</span> 
     </span>
     <span class='ocr_line' id='line_1_44' title="bbox 91 2755 832 2811; baseline -0.009 -13"><span class='ocrx_word' id='word_1_314' title='bbox 91 2760 235 2811; x_wconf 85' lang='lat' dir='ltr'>Odyss.</span> <span class='ocrx_word' id='word_1_315' title='bbox 256 2763 290 2808; x_wconf 84' lang='grc' dir='ltr'>λ,</span> <span class='ocrx_word' id='word_1_316' title='bbox 312 2759 394 2802; x_wconf 88' lang='grc'>575</span> <span class='ocrx_word' id='word_1_317' title='bbox 412 2782 456 2786; x_wconf 85' lang='lat'>-—</span> <span class='ocrx_word' id='word_1_318' title='bbox 473 2758 557 2798; x_wconf 82' lang='lat'>580</span> <span class='ocrx_word' id='word_1_319' title='bbox 578 2763 615 2794; x_wconf 88' lang='lat' dir='ltr'>et</span> <span class='ocrx_word' id='word_1_320' title='bbox 636 2758 677 2793; x_wconf 88' lang='lat' dir='ltr'>in</span> <span class='ocrx_word' id='word_1_321' title='bbox 699 2755 832 2793; x_wconf 83' lang='lat' dir='ltr'>verbis</span> 
     </span>
     <span class='ocr_line' id='line_1_45' title="bbox 90 2813 830 2866; baseline -0.009 -10"><span class='ocrx_word' id='word_1_322' title='bbox 90 2819 251 2858; x_wconf 83' lang='lat' dir='ltr'>Lucret.</span> <span class='ocrx_word' id='word_1_323' title='bbox 282 2817 348 2866; x_wconf 84' lang='lat'>111,</span> <span class='ocrx_word' id='word_1_324' title='bbox 383 2819 465 2857; x_wconf 80' lang='grc'>997</span> <span class='ocrx_word' id='word_1_325' title='bbox 497 2828 582 2865; x_wconf 82' lang='lat' dir='ltr'>sqq.</span> <span class='ocrx_word' id='word_1_326' title='bbox 622 2820 661 2850; x_wconf 91' lang='lat' dir='ltr'>et</span> <span class='ocrx_word' id='word_1_327' title='bbox 693 2813 830 2850; x_wconf 84' lang='lat' dir='ltr'>Attius</span> 
     </span>
     <span class='ocr_line' id='line_1_46' title="bbox 90 2872 828 2925; baseline -0.007 -10"><span class='ocrx_word' id='word_1_328' title='bbox 90 2877 131 2915; x_wconf 89' lang='lat' dir='ltr'>in</span> <span class='ocrx_word' id='word_1_329' title='bbox 169 2874 409 2914; x_wconf 86' lang='lat' dir='ltr'>Prometheo</span> <span class='ocrx_word' id='word_1_330' title='bbox 447 2873 557 2925; x_wconf 83' lang='lat' dir='ltr'>apud</span> <span class='ocrx_word' id='word_1_331' title='bbox 597 2872 675 2909; x_wconf 85' lang='lat' dir='ltr'>Cic.</span> <span class='ocrx_word' id='word_1_332' title='bbox 710 2872 828 2910; x_wconf 67' lang='lat' dir='ltr'>Tus-c.</span> 
     </span>
     <span class='ocr_line' id='line_1_47' title="bbox 90 2931 828 2984; baseline -0.012 -11"><span class='ocrx_word' id='word_1_333' title='bbox 90 2936 170 2983; x_wconf 84' lang='lat' dir='ltr'>Qu.</span> <span class='ocrx_word' id='word_1_334' title='bbox 192 2935 237 2984; x_wconf 80' lang='lat' dir='ltr'>ll,</span> <span class='ocrx_word' id='word_1_335' title='bbox 265 2937 329 2983; x_wconf 84' lang='lat'>10,</span> <span class='ocrx_word' id='word_1_336' title='bbox 353 2945 454 2984; x_wconf 88' lang='lat' dir='ltr'>quae</span> <span class='ocrx_word' id='word_1_337' title='bbox 474 2931 561 2969; x_wconf 85' lang='lat' dir='ltr'>loca</span> <span class='ocrx_word' id='word_1_338' title='bbox 585 2942 828 2981; x_wconf 84' lang='lat' dir='ltr'>comparan—</span> 
     </span>
    </p>
   </div>
   <div class='ocr_carea' id='block_1_9' title="bbox 884 1646 1629 2980">
    <p class='ocr_par' dir='ltr' id='par_1_10' title="bbox 884 1646 1629 2980">
     <span class='ocr_line' id='line_1_48' title="bbox 894 1646 1629 1700; baseline -0.008 -12"><span class='ocrx_word' id='word_1_339' title='bbox 894 1650 944 1688; x_wconf 84' lang='lat' dir='ltr'>da</span> <span class='ocrx_word' id='word_1_340' title='bbox 966 1656 1062 1688; x_wconf 90' lang='lat' dir='ltr'>sunt</span> <span class='ocrx_word' id='word_1_341' title='bbox 1093 1650 1135 1687; x_wconf 91' lang='lat' dir='ltr'>in</span> <span class='ocrx_word' id='word_1_342' title='bbox 1157 1648 1341 1700; x_wconf 80' lang='lat' dir='ltr'>singulis,</span> <span class='ocrx_word' id='word_1_343' title='bbox 1371 1646 1440 1684; x_wconf 86' lang='lat' dir='ltr'>sed</span> <span class='ocrx_word' id='word_1_344' title='bbox 1463 1646 1629 1696; x_wconf 88' lang='lat' dir='ltr'>aequio-</span> 
     </span>
     <span class='ocr_line' id='line_1_49' title="bbox 891 1706 1628 1755; baseline -0.005 -9"><span class='ocrx_word' id='word_1_345' title='bbox 891 1722 935 1746; x_wconf 89' lang='lat' dir='ltr'>re</span> <span class='ocrx_word' id='word_1_346' title='bbox 975 1716 1015 1746; x_wconf 91' lang='lat' dir='ltr'>et</span> <span class='ocrx_word' id='word_1_347' title='bbox 1060 1708 1225 1744; x_wconf 87' lang='lat' dir='ltr'>meliore</span> <span class='ocrx_word' id='word_1_348' title='bbox 1267 1706 1453 1754; x_wconf 84' lang='lat' dir='ltr'>iudicio,</span> <span class='ocrx_word' id='word_1_349' title='bbox 1507 1718 1628 1755; x_wconf 83' lang='lat' dir='ltr'>quam</span> 
     </span>
     <span class='ocr_line' id='line_1_50' title="bbox 892 1762 1628 1817; baseline -0.005 -14"><span class='ocrx_word' id='word_1_350' title='bbox 892 1767 1089 1817; x_wconf 79' lang='lat' dir='ltr'><strong>Scaliger,</strong></span> <span class='ocrx_word' id='word_1_351' title='bbox 1123 1765 1251 1803; x_wconf 72' lang='lat' dir='ltr'>Cei-da</span> <span class='ocrx_word' id='word_1_352' title='bbox 1284 1771 1324 1801; x_wconf 91' lang='lat' dir='ltr'>et</span> <span class='ocrx_word' id='word_1_353' title='bbox 1368 1764 1433 1800; x_wconf 89' lang='lat' dir='ltr'>alii</span> <span class='ocrx_word' id='word_1_354' title='bbox 1466 1763 1506 1800; x_wconf 92' lang='lat' dir='ltr'>in</span> <span class='ocrx_word' id='word_1_355' title='bbox 1540 1762 1628 1800; x_wconf 90' lang='lat' dir='ltr'>Ho-</span> 
     </span>
     <span class='ocr_line' id='line_1_51' title="bbox 891 1823 1629 1874; baseline -0.007 -12"><span class='ocrx_word' id='word_1_356' title='bbox 891 1838 1002 1862; x_wconf 87' lang='lat' dir='ltr'><strong>mero</strong></span> <span class='ocrx_word' id='word_1_357' title='bbox 1031 1830 1072 1861; x_wconf 87' lang='lat' dir='ltr'>et</span> <span class='ocrx_word' id='word_1_358' title='bbox 1106 1823 1270 1874; x_wconf 77' lang='lat' dir='ltr'>Virgilio</span> <span class='ocrx_word' id='word_1_359' title='bbox 1300 1824 1524 1874; x_wconf 80' lang='lat' dir='ltr'>fecerunt),</span> <span class='ocrx_word' id='word_1_360' title='bbox 1556 1834 1629 1858; x_wconf 86' lang='lat' dir='ltr'>nec</span> 
     </span>
     <span class='ocr_line' id='line_1_52' title="bbox 890 1879 1628 1933; baseline -0.005 -14"><span class='ocrx_word' id='word_1_361' title='bbox 890 1895 954 1920; x_wconf 89' lang='lat' dir='ltr'>res</span> <span class='ocrx_word' id='word_1_362' title='bbox 979 1882 1222 1933; x_wconf 79' lang='lat' dir='ltr'>exponitur,</span> <span class='ocrx_word' id='word_1_363' title='bbox 1255 1893 1355 1931; x_wconf 85' lang='lat' dir='ltr'>quae</span> <span class='ocrx_word' id='word_1_364' title='bbox 1381 1879 1513 1929; x_wconf 80' lang='lat' dir='ltr'>aliqua</span> <span class='ocrx_word' id='word_1_365' title='bbox 1536 1892 1628 1916; x_wconf 91' lang='lat' dir='ltr'>cum</span> 
     </span>
     <span class='ocr_line' id='line_1_53' title="bbox 890 1937 1628 1990; baseline -0.005 -12"><span class='ocrx_word' id='word_1_366' title='bbox 890 1941 1091 1978; x_wconf 85' lang='lat' dir='ltr'>suavitate</span> <span class='ocrx_word' id='word_1_367' title='bbox 1127 1939 1310 1990; x_wconf 83' lang='lat' dir='ltr'>cognosci</span> <span class='ocrx_word' id='word_1_368' title='bbox 1339 1937 1477 1990; x_wconf 84' lang='lat' dir='ltr'>possit.</span> <span class='ocrx_word' id='word_1_369' title='bbox 1537 1937 1628 1974; x_wconf 87' lang='lat' dir='ltr'>Non</span> 
     </span>
     <span class='ocr_line' id='line_1_54' title="bbox 890 1994 1627 2048; baseline -0.004 -12"><span class='ocrx_word' id='word_1_370' title='bbox 890 1999 996 2036; x_wconf 90' lang='lat' dir='ltr'>enim</span> <span class='ocrx_word' id='word_1_371' title='bbox 1016 1998 1158 2036; x_wconf 87' lang='lat' dir='ltr'>horret</span> <span class='ocrx_word' id='word_1_372' title='bbox 1177 1997 1334 2035; x_wconf 85' lang='lat' dir='ltr'>animus</span> <span class='ocrx_word' id='word_1_373' title='bbox 1358 1995 1534 2048; x_wconf 80' lang='lat' dir='ltr'>legentiS‚</span> <span class='ocrx_word' id='word_1_374' title='bbox 1558 1994 1627 2033; x_wconf 88' lang='lat' dir='ltr'>sed</span> 
     </span>
     <span class='ocr_line' id='line_1_55' title="bbox 890 2054 1626 2095; baseline -0.007 0"><span class='ocrx_word' id='word_1_375' title='bbox 890 2063 1102 2095; x_wconf 83' lang='lat' dir='ltr'>aversatur</span> <span class='ocrx_word' id='word_1_376' title='bbox 1134 2057 1244 2094; x_wconf 87' lang='lat' dir='ltr'>iecur</span> <span class='ocrx_word' id='word_1_377' title='bbox 1285 2055 1394 2092; x_wconf 87' lang='lat' dir='ltr'>sanie</span> <span class='ocrx_word' id='word_1_378' title='bbox 1424 2054 1626 2092; x_wconf 73' lang='lat' dir='ltr'>diffluens.</span> 
     </span>
     <span class='ocr_line' id='line_1_56' title="bbox 890 2112 1628 2165; baseline -0.003 -13"><span class='ocrx_word' id='word_1_379' title='bbox 890 2116 1104 2153; x_wconf 76' lang='lat' dir='ltr'>alumnum</span> <span class='ocrx_word' id='word_1_380' title='bbox 1126 2114 1318 2165; x_wconf 81' lang='lat' dir='ltr'>accipiam</span> <span class='ocrx_word' id='word_1_381' title='bbox 1343 2126 1418 2164; x_wconf 88' lang='lat' dir='ltr'>pro</span> <span class='ocrx_word' id='word_1_382' title='bbox 1443 2112 1550 2161; x_wconf 83' lang='lat' dir='ltr'>filio,</span> <span class='ocrx_word' id='word_1_383' title='bbox 1579 2117 1628 2150; x_wconf 82' lang='lat' dir='ltr'>ut</span> 
     </span>
     <span class='ocr_line' id='line_1_57' title="bbox 890 2166 1625 2224; baseline 0 -12"><span class='ocrx_word' id='word_1_384' title='bbox 890 2173 1094 2212; x_wconf 66' lang='lat' dir='ltr'>Homeris.</span> <span class='ocrx_word' id='word_1_385' title='bbox 1129 2174 1248 2224; x_wconf 80' lang='grc' dir='ltr'><em>γαίης</em></span> <span class='ocrx_word' id='word_1_386' title='bbox 1281 2169 1489 2224; x_wconf 77' lang='grc' dir='ltr'><strong><em>ἐρικυδέος</em></strong></span> <span class='ocrx_word' id='word_1_387' title='bbox 1518 2166 1625 2212; x_wconf 78' lang='grc' dir='ltr'><strong><em>υἱόν.</em></strong></span> 
     </span>
     <span class='ocr_line' id='line_1_58' title="bbox 891 2228 1626 2281; baseline -0.007 -11"><span class='ocrx_word' id='word_1_388' title='bbox 891 2232 1045 2271; x_wconf 86' lang='lat' dir='ltr'>Volunt</span> <span class='ocrx_word' id='word_1_389' title='bbox 1067 2238 1203 2269; x_wconf 84' lang='lat' dir='ltr'>tamen</span> <span class='ocrx_word' id='word_1_390' title='bbox 1229 2231 1361 2281; x_wconf 86' lang='lat' dir='ltr'>lntpp.</span> <span class='ocrx_word' id='word_1_391' title='bbox 1385 2235 1543 2281; x_wconf 84' lang='lat' dir='ltr'>poetam</span> <span class='ocrx_word' id='word_1_392' title='bbox 1567 2228 1626 2265; x_wconf 84' lang='lat' dir='ltr'>al-</span> 
     </span>
     <span class='ocr_line' id='line_1_59' title="bbox 890 2288 1625 2338; baseline -0.008 -10"><span class='ocrx_word' id='word_1_393' title='bbox 890 2297 1018 2328; x_wconf 84' lang='lat' dir='ltr'>teram</span> <span class='ocrx_word' id='word_1_394' title='bbox 1065 2289 1337 2328; x_wconf 84' lang='lat' dir='ltr'>narrationem</span> <span class='ocrx_word' id='word_1_395' title='bbox 1373 2288 1505 2338; x_wconf 87' lang='lat' dir='ltr'>sequi‚</span> <span class='ocrx_word' id='word_1_396' title='bbox 1546 2299 1625 2337; x_wconf 90' lang='lat' dir='ltr'>qua</span> 
     </span>
     <span class='ocr_line' id='line_1_60' title="bbox 889 2344 1624 2399; baseline -0.008 -13"><span class='ocrx_word' id='word_1_397' title='bbox 889 2362 939 2386; x_wconf 82' lang='lat' dir='ltr'>ex</span> <span class='ocrx_word' id='word_1_398' title='bbox 985 2349 1101 2386; x_wconf 88' lang='lat' dir='ltr'>Elara</span> <span class='ocrx_word' id='word_1_399' title='bbox 1150 2352 1358 2399; x_wconf 87' lang='lat' dir='ltr'>susceptus</span> <span class='ocrx_word' id='word_1_400' title='bbox 1407 2360 1428 2382; x_wconf 87' lang='lat' dir='ltr'>a</span> <span class='ocrx_word' id='word_1_401' title='bbox 1465 2344 1624 2382; x_wconf 80' lang='lat' dir='ltr'>Tellure</span> 
     </span>
     <span class='ocr_line' id='line_1_61' title="bbox 886 2402 1624 2456; baseline -0.009 -11"><span class='ocrx_word' id='word_1_402' title='bbox 886 2414 1004 2445; x_wconf 89' lang='lat' dir='ltr'>utero</span> <span class='ocrx_word' id='word_1_403' title='bbox 1019 2407 1094 2444; x_wconf 84' lang='lat' dir='ltr'>fuit</span> <span class='ocrx_word' id='word_1_404' title='bbox 1106 2411 1292 2456; x_wconf 60' lang='lat' dir='ltr'>gestatus</span> <span class='ocrx_word' id='word_1_405' title='bbox 1324 2405 1487 2442; x_wconf 85' lang='lat' dir='ltr'>Praeter</span> <span class='ocrx_word' id='word_1_406' title='bbox 1498 2402 1624 2454; x_wconf 89' lang='lat' dir='ltr'>Apol-</span> 
     </span>
     <span class='ocr_line' id='line_1_62' title="bbox 884 2459 1623 2517; baseline -0.007 -14"><span class='ocrx_word' id='word_1_407' title='bbox 884 2465 1073 2503; x_wconf 85' lang='lat' dir='ltr'>lodorum</span> <span class='ocrx_word' id='word_1_408' title='bbox 1099 2464 1146 2517; x_wconf 91' lang='lat' dir='ltr'>(I,</span> <span class='ocrx_word' id='word_1_409' title='bbox 1170 2463 1208 2512; x_wconf 83' lang='grc'>4,</span> <span class='ocrx_word' id='word_1_410' title='bbox 1232 2467 1267 2504; x_wconf 91' lang='grc'>1.</span> <span class='ocrx_word' id='word_1_411' title='bbox 1299 2462 1392 2501; x_wconf 91' lang='lat' dir='ltr'>Not.</span> <span class='ocrx_word' id='word_1_412' title='bbox 1416 2476 1453 2514; x_wconf 90' lang='lat' dir='ltr'>p.</span> <span class='ocrx_word' id='word_1_413' title='bbox 1484 2459 1556 2512; x_wconf 79' lang='lat'>43)</span> <span class='ocrx_word' id='word_1_414' title='bbox 1583 2474 1623 2498; x_wconf 91' lang='lat' dir='ltr'>v.</span> 
     </span>
     <span class='ocr_line' id='line_1_63' title="bbox 886 2522 1620 2575; baseline -0.01 -14"><span class='ocrx_word' id='word_1_415' title='bbox 886 2522 1073 2575; x_wconf 91' lang='lat' dir='ltr'>Apollon.</span> <span class='ocrx_word' id='word_1_416' title='bbox 1102 2523 1129 2571; x_wconf 87' lang='lat' dir='ltr'>l,</span> <span class='ocrx_word' id='word_1_417' title='bbox 1150 2525 1230 2563; x_wconf 81' lang='lat'>761</span> <span class='ocrx_word' id='word_1_418' title='bbox 1254 2534 1339 2571; x_wconf 80' lang='lat' dir='ltr'>sqq.</span> <span class='ocrx_word' id='word_1_419' title='bbox 1382 2534 1459 2570; x_wconf 79' lang='lat' dir='ltr'>per</span> <span class='ocrx_word' id='word_1_420' title='bbox 1477 2532 1620 2556; x_wconf 65' lang='lat' dir='ltr'>novem</span> 
     </span>
     <span class='ocr_line' id='line_1_64' title="bbox 887 2575 1623 2631; baseline -0.01 -12"><span class='ocrx_word' id='word_1_421' title='bbox 887 2585 1031 2631; x_wconf 66' lang='lat' dir='ltr'>iugera</span> <span class='ocrx_word' id='word_1_422' title='bbox 1058 2611 1067 2628; x_wconf 93' lang='lat'>‚</span> <span class='ocrx_word' id='word_1_423' title='bbox 1126 2581 1294 2629; x_wconf 88' lang='lat' dir='ltr'>antiquo</span> <span class='ocrx_word' id='word_1_424' title='bbox 1347 2589 1529 2615; x_wconf 87' lang='lat' dir='ltr'>sermone</span> <span class='ocrx_word' id='word_1_425' title='bbox 1571 2575 1623 2613; x_wconf 87' lang='lat' dir='ltr'>ad</span> 
     </span>
     <span class='ocr_line' id='line_1_65' title="bbox 888 2633 1622 2690; baseline -0.008 -14"><span class='ocrx_word' id='word_1_426' title='bbox 888 2638 1069 2690; x_wconf 83' lang='lat' dir='ltr'>eorporis</span> <span class='ocrx_word' id='word_1_427' title='bbox 1090 2638 1192 2676; x_wconf 83' lang='lat' dir='ltr'>vasti</span> <span class='ocrx_word' id='word_1_428' title='bbox 1214 2636 1384 2687; x_wconf 87' lang='lat' dir='ltr'>speciem</span> <span class='ocrx_word' id='word_1_429' title='bbox 1411 2633 1622 2672; x_wconf 78' lang='lat' dir='ltr'>declaran—</span> 
     </span>
     <span class='ocr_line' id='line_1_66' title="bbox 891 2693 1623 2744; baseline -0.007 -10"><span class='ocrx_word' id='word_1_430' title='bbox 891 2697 982 2734; x_wconf 86' lang='lat' dir='ltr'>dam</span> <span class='ocrx_word' id='word_1_431' title='bbox 1006 2696 1084 2733; x_wconf 85' lang='lat' dir='ltr'>hoe</span> <span class='ocrx_word' id='word_1_432' title='bbox 1100 2696 1233 2734; x_wconf 86' lang='lat' dir='ltr'>valere</span> <span class='ocrx_word' id='word_1_433' title='bbox 1256 2695 1404 2744; x_wconf 84' lang='lat' dir='ltr'>potuit.</span> <span class='ocrx_word' id='word_1_434' title='bbox 1466 2693 1623 2730; x_wconf 87' lang='lat' dir='ltr'>Tumu—</span> 
     </span>
     <span class='ocr_line' id='line_1_67' title="bbox 887 2750 1623 2802; baseline -0.007 -11"><span class='ocrx_word' id='word_1_435' title='bbox 887 2755 971 2792; x_wconf 90' lang='lat' dir='ltr'>lum</span> <span class='ocrx_word' id='word_1_436' title='bbox 1007 2760 1143 2791; x_wconf 81' lang='lat' dir='ltr'>tamen</span> <span class='ocrx_word' id='word_1_437' title='bbox 1186 2765 1332 2789; x_wconf 88' lang='lat' dir='ltr'>novem</span> <span class='ocrx_word' id='word_1_438' title='bbox 1368 2750 1623 2802; x_wconf 84' lang='lat' dir='ltr'>plethrorum</span> 
     </span>
     <span class='ocr_line' id='line_1_68' title="bbox 889 2807 1623 2861; baseline -0.001 -13"><span class='ocrx_word' id='word_1_439' title='bbox 889 2812 939 2849; x_wconf 80' lang='lat' dir='ltr'>ad</span> <span class='ocrx_word' id='word_1_440' title='bbox 962 2812 1167 2861; x_wconf 76' lang='lat' dir='ltr'>Panopeus</span> <span class='ocrx_word' id='word_1_441' title='bbox 1189 2809 1375 2847; x_wconf 82' lang='lat' dir='ltr'>Boeotiae</span> <span class='ocrx_word' id='word_1_442' title='bbox 1400 2807 1461 2861; x_wconf 83' lang='grc' dir='ltr'>(οἱ</span> <span class='ocrx_word' id='word_1_443' title='bbox 1482 2811 1623 2848; x_wconf 82' lang='grc' dir='ltr'><em>Πανο-</em></span> 
     </span>
     <span class='ocr_line' id='line_1_69' title="bbox 887 2864 1623 2916; baseline -0.01 -7"><span class='ocrx_word' id='word_1_444' title='bbox 887 2874 977 2916; x_wconf 83' lang='grc' dir='ltr'><em>πεῖς</em></span> <span class='ocrx_word' id='word_1_445' title='bbox 999 2869 1064 2907; x_wconf 86' lang='lat' dir='ltr'>vel</span> <span class='ocrx_word' id='word_1_446' title='bbox 1093 2868 1113 2908; x_wconf 84' lang='grc' dir='ltr'>ὁ</span> <span class='ocrx_word' id='word_1_447' title='bbox 1142 2864 1366 2915; x_wconf 78' lang='grc' dir='ltr'><em>Παναπεῦς</em></span> <span class='ocrx_word' id='word_1_448' title='bbox 1393 2867 1505 2904; x_wconf 84' lang='lat' dir='ltr'>urbis</span> <span class='ocrx_word' id='word_1_449' title='bbox 1544 2879 1623 2904; x_wconf 88' lang='lat' dir='ltr'>no—</span> 
     </span>
     <span class='ocr_line' id='line_1_70' title="bbox 887 2924 1622 2980; baseline -0.004 -16"><span class='ocrx_word' id='word_1_450' title='bbox 887 2940 979 2964; x_wconf 89' lang='lat' dir='ltr'>men</span> <span class='ocrx_word' id='word_1_451' title='bbox 998 2925 1071 2980; x_wconf 86' lang='lat' dir='ltr'>est)</span> <span class='ocrx_word' id='word_1_452' title='bbox 1093 2932 1360 2964; x_wconf 86' lang='lat' dir='ltr'>monstratum</span> <span class='ocrx_word' id='word_1_453' title='bbox 1380 2926 1548 2963; x_wconf 86' lang='lat' dir='ltr'>Pausan.</span> <span class='ocrx_word' id='word_1_454' title='bbox 1571 2924 1622 2969; x_wconf 81' lang='lat' dir='ltr'>X,</span> 
     </span>
    </p>
   </div>
  </div>
 </body>
</html>
