1779 3420
33 238 131 285 182
355 233 411 281 Ρ.
459 232 819 284 VIRGILII
865 231 1239 282 MARONIS

29 359 336 426 Inprovisus
359 359 455 409 ait:
494 360 708 420 Coram,
737 374 903 425 quem
931 358 1197 424 quaeritiS,
1219 356 1424 422 adsum,
1451 360 1558 412 595

33 434 228 480 Troius
247 434 468 488 AeneaS,
502 428 709 492 Libycis
732 436 948 494 ereptus
974 428 1038 477 ab
1064 428 1237 480 undis.

34 502 82 551 O
107 499 220 549 sola
242 497 493 550 infandos
515 498 710 547 Troiae
738 498 987 548 miserata
1007 497 1236 561 laboreS,

34 574 186 634 Quae
208 586 324 633 nos,
340 569 593 634 reliquias
611 572 872 623 Danaum,
894 576 1177 634 terraeque
1200 568 1473 634 marisque

35 640 306 692 Omnibus
328 638 608 689 exhaustos
628 638 732 686 iam
759 636 977 699 casibus,
1018 638 1264 686 omnium
1291 653 1506 701 egenos,

34 710 197 771 Urbe,
237 709 423 769 domo,
461 708 649 757 socias!
688 715 859 771 grates
882 707 1193 772 persolvere
1219 707 1401 771 dignas
1458 714 1560 760 600

34 785 158 833 Non
184 781 300 846 opis
323 787 401 827 est
421 786 651 841 nostrae,
672 776 944 839 Dido,nec
969 777 1233 844 quidquid
1257 777 1461 843 ubique
1484 786 1562 826 est

37 850 222 902 Gentis
244 848 558 910 Dardaniae,
588 862 849 911 magnum
874 864 1010 914 quae
1033 864 1209 913 sparsa
1233 864 1332 913 per
1353 847 1561 899 orbem.

35 920 101 971 Di
121 920 233 982 tibi,
271 920 312 969 si
339 935 442 985 qua
465 918 583 983 pios
603 926 909 983 respectant
929 918 1166 978 numina,
1205 918 1244 966 si
1271 917 1401 983 quid

38 992 276 1058 Usquam
298 988 490 1038 iustitia
515 996 593 1037 est
618 996 671 1036 et
692 1004 848 1036 meus
869 988 966 1036 sibi
991 989 1197 1037 conscia
1224 989 1370 1049 recti,

107 1087 225 1137 595.
262 1097 441 1134 Ausum
484 1084 542 1131 T.

132 1223 202 1260 595
227 1225 259 1257 Ι.
286 1223 393 1256 adest
431 1234 485 1267 pr.
525 1222 648 1255 Hamb.
754 1223 822 1256 5515
849 1221 1026 1268 abreptas
1051 1236 1121 1255 see.
1150 1223 1273 1256 Hamb.
1367 1224 1436 1258 598
1471 1222 1565 1254 Idem

37 1271 114 1307 fere
136 1282 257 1305 versus
276 1282 353 1316 sup.
379 1270 437 1305 30.
533 1271 602 1306 599
628 1278 776 1303 exactos
795 1269 929 1301 Zulich.
960 1282 979 1302 a
1000 1282 1044 1302 m.
1064 1282 1116 1314 pr.
1165 1271 1237 1302 iam
1257 1270 1370 1315 copiis
1389 1271 1565 1302 omniam-

39 1331 108 1363 qae
133 1318 296 1351 Parrhas.
330 1317 394 1349 sed
422 1317 459 1349 iu
485 1329 594 1360 marg.
620 1316 812 1349 exhaustis
838 1317 910 1349 iam
939 1315 1102 1349 casibus.-
1149 1317 1243 1361 quod
1275 1316 1428 1348 deterius
1458 1317 1565 1348 soret.

39 1367 104 1399 601
133 1365 202 1398 Nil
218 1366 299 1411 opis
316 1363 450 1397 Zulich.
499 1365 621 1397 nostri
639 1364 779 1407 Menag.
799 1375 852 1407 pr.
902 1371 958 1396 est
978 1363 1142 1396 omittunt
1163 1372 1232 1396 tres
1255 1363 1373 1396 Heius.
1425 1378 1443 1396 ο
1472 1363 1567 1395 Dido

39 1412 149 1446 Goth.
170 1424 240 1445 sec.
338 1412 408 1446 602
432 1410 676 1444 Dardanidae
698 1417 766 1443 tres
786 1411 879 1455 apud
899 1412 1016 1443 Burin.
1057 1423 1151 1455 qaae
1166 1423 1339 1457 magnam
1360 1423 1413 1455 pr.
1435 1411 1565 1442 Moret.

41 1467 78 1492 et
95 1458 210 1504 Bigot.
260 1471 414 1505 aspersa
434 1470 504 1491 sec.
528 1457 697 1492 Rotteud.
746 1458 816 1490 Sed
840 1457 1101 1490 hemistichium
1135 1458 1203 1491 hoc
1234 1459 1357 1491 abesse
1377 1458 1471 1490 forte
1493 1470 1568 1489 rna—

39 1506 111 1540 lis?
159 1509 274 1550 Auget
304 1512 419 1538 tamen
454 1505 651 1539 sententiae
683 1505 762 1537 vim.
835 1505 1078 1537 consederant
1113 1512 1228 1537 autem
1258 1504 1404 1537 Troiani
1434 1504 1568 1536 exsules

40 1553 166 1600 partim
195 1553 230 1585 in
253 1552 372 1586 vicinis
394 1551 546 1586 Troadis
577 1552 671 1593 oris,
697 1552 826 1597 partim
848 1553 883 1583 in
911 1552 1087 1591 Thracia,
1112 1552 1237 1593 Creta,
1278 1552 1408 1597 Epiro,
1434 1552 1565 1592 Sicilia,

40 1603 260 1634 Venetorum
289 1599 371 1632 oris.
477 1600 546 1633 603
572 1607 778 1644 [aspectent
799 1599 852 1632 ed.
876 1601 963 1631 lunt.
1056 1599 1127 1633 604
1152 1601 1185 1632 δι’
1212 1600 1299 1644 quid
1329 1602 1490 1644 Usquam
1509 1601 1570 1632 ia—

41 1649 146 1681 stitia
167 1656 234 1681 est.
287 1648 335 1680 lta
358 1646 543 1690 rescripsi,
570 1646 674 1678 etiam
696 1646 867 1678 Brunckio
893 1648 933 1679 V.
955 1646 991 1678 C.
1021 1646 1269 1691 adstipulante.
1320 1648 1368 1678 Ut
1389 1646 1493 1689 vulgo
1514 1646 1566 1678 le—

41 1694 148 1740 gitur,
183 1694 288 1727 etiam
321 1694 354 1726 in
393 1695 515 1737 fragm.
553 1693 682 1732 Vatic„
708 1694 741 1725 si
768 1694 855 1737 quid
883 1706 1038 1738 usquam
1055 1695 1220 1726 iustitiae
1242 1702 1308 1734 est,
1334 1693 1503 1736 impedita
1533 1694 1570 1725 lit

42 1742 134 1777 ratio
160 1741 245 1782 eius,
272 1741 365 1786 quod
391 1740 566 1785 sequitur:
594 1748 629 1772 et
654 1752 754 1773 mens
780 1739 849 1772 sthi
871 1742 1017 1774 conscia
1045 1742 1153 1779 recem
1180 1741 1274 1784 quod
1300 1741 1388 1772 adeo
1417 1740 1569 1784 iungen-

43 1789 125 1823 dum
150 1801 225 1822 cum
252 1800 329 1831 sup.
357 1789 418 1820 Dii
442 1796 477 1820 eb
504 1800 604 1820 mens
639 1799 667 1819 s.
697 1800 726 1819 c.
755 1800 783 1819 r.
811 1789 983 1819 Praemia
1018 1788 1134 1833 digna
1168 1788 1314 1833 serant.
1364 1789 1407 1819 ‚Et
1444 1787 1570 1820 hacte—

42 1849 107 1869 nus
131 1835 319 1869 secundum
345 1835 482 1868 Stoicos
509 1841 651 1879 poetam
671 1834 827 1866 locutum
852 1834 971 1867 dicere
996 1831 1113 1879 potuit
1138 1834 1290 1867 Servius.
1340 1834 1488 1878 Legenti
1510 1841 1568 1867 ta—

43 1894 122 1916 men
149 1882 252 1916 facile
277 1881 402 1927 cuique
429 1893 613 1914 occurrere
639 1887 777 1925 potest:
816 1883 849 1914 si
872 1882 960 1926 qaid
994 1894 1147 1926 usquam
1173 1881 1303 1914 lustitia
1332 1889 1385 1913 est
1411 1890 1446 1913 ec
1471 1895 1572 1915 mens

45 1929 115 1963 sibi
136 1931 284 1963 conscia
309 1930 409 1970 recti,
436 1928 471 1961 h.
498 1939 528 1961 e.
554 1928 588 1960 in
616 1928 686 1961 ullo
714 1927 831 1972 pretio
859 1936 920 1961 est.
971 1930 1048 1968 Quo
1076 1928 1187 1961 altera
1214 1929 1460 1974 interpretatio
1485 1931 1570 1962 Ser-

45 1977 146 2013 viana
170 1983 327 2021 spectat:
354 1978 388 2011 .ςί
413 1975 512 2010 ναίει
540 1976 641 2021 apud
665 1976 830 2008 homines
853 1976 1010 2010 iustitia.
1059 1976 1102 2008 Et
1127 1975 1312 2010 lecfionem
1350 1976 1440 2010 hanc
1463 1988 1571 2020 prae—

46 2110 169 2148 opuS,
201 2095 310 2147 quod
343 2095 542 2133 inclusum
583 2101 664 2142 est,
701 2108 775 2131 au-
837 2094 1073 2133 cohaerere:
1106 2101 1146 2133 et
1166 2094 1300 2133 Venus
1321 2096 1397 2132 tale
1416 2095 1572 2134 Aeneae

46 2160 157 2193 ctum
173 2154 347 2192 nitorem
364 2159 591 2191 mutuatur.
608 2153 658 2190 cf.
679 2151 776 2190 Aen.

45 2213 109 2261 X,
133 2213 213 2255 135
241 2226 324 2263 sqq.
360 2218 401 2250 et
427 2211 493 2249 adi
525 2212 693 2252 Excurs.
726 2210 779 2247 ad

46 2270 88 2311 h.
113 2285 176 2319 v.,
208 2270 275 2321 qui
297 2276 357 2308 est
381 2269 511 2309 XXII.
552 2269 684 2307 Verba
705 2282 779 2306 au-

47 2335 129 2366 tem
149 2328 204 2366 sie
228 2327 552 2379 interpretanda:
582 2328 725 2364 restitit
744 2335 780 2363 et

46 2386 203 2437 resubsit
233 2386 303 2424 tali
333 2400 425 2424 cum
462 2385 627 2433 decore,
659 2384 780 2436 quale

48 2459 195 2481 manus
235 2442 449 2496 (artificis)
485 2444 643 2481 addunt
677 2442 782 2480 ebori

48 2502 182 2549 (leem,
207 2500 246 2539 h.
268 2516 302 2543 e.
325 2502 442 2551 quale
462 2508 521 2539 est
542 2501 662 2540 decus
684 2513 781 2551 ope-

49 2560 104 2598 ris
133 2560 275 2597 eburni
309 2566 380 2598 aut
412 2560 566 2610 argenti
602 2572 782 2597 inarmo-

49 2618 154 2656 risve
193 2617 356 2656 candidi
392 2631 491 2655 auro
528 2616 781 2654 circumdati.

52 2674 324 2727 (Comparatio
354 2688 438 2713 esse
468 2675 631 2712 videtur
661 2673 781 2711 haee:

51 2734 284 2785 pulcritudo
307 2734 459 2771 Aeneae
482 2740 598 2770 aucta
618 2738 689 2779 est,
709 2732 782 2769 de-

51 2806 142 2830 core
172 2792 337 2843 singulis
372 2791 549 2843 partibus
577 2805 597 2827 a
631 2790 783 2828 Venere

51 2851 306 2897 circumfuso,
338 2852 442 2888 sicut
466 2850 596 2887 eboris
621 2855 691 2886 aut
715 2862 782 2886 ar—

50 2908 154 2959 genti
183 2916 254 2947 aut
282 2909 502 2955 marmoris,
536 2908 564 2944 si
590 2920 690 2944 auro
720 2908 782 2944 at-

51 2968 161 3007 fabre
196 2973 388 3015 ornatum
427 2967 684 3015 membraque
729 2966 781 3002 ita

840 2153 997 2191 addidit
1020 2153 1164 2202 deCUS,
1197 2154 1317 2205 quale
1340 2154 1496 2192 addunt
1516 2175 1572 2183 --

840 2220 912 2249 aut
937 2212 1053 2261 quale
1078 2217 1148 2259 est,
1180 2211 1260 2249 ubi.
1297 2210 1449 2264 [Vt-h.)

900 2270 983 2313 595
1014 2283 1070 2320 sq.
1103 2270 1311 2307 Praeclara
1344 2277 1384 2308 et
1410 2270 1574 2308 affectus

840 2328 954 2379 plena
997 2328 1140 2366 oratio.

841 2387 1067 2434 Danaum,
1114 2401 1135 2422 a

1231 2330 1327 2369 598.
1380 2329 1574 2379 reliquia-s·

1186 2387 1331 2424 Danais
1392 2386 1573 2435 relictos,

840 2443 1019 2495 passive,
1052 2450 1099 2481 ut
1123 2444 1257 2492 aiunt,
1288 2444 1409 2495 stragi
1432 2445 1575 2482 Troia-

842 2515 988 2539 norum
1012 2501 1202 2552 caedique
1224 2502 1273 2539 ab
1299 2501 1463 2540 Achivis
1483 2515 1576 2554 per-

842 2565 1023 2610 petratae
1043 2560 1290 2610 superstites.
1340 2560 1572 2609 exhaustos,

841 2617 1024 2665 attritos,
1088 2624 1342 2665 consumtos,
1398 2625 1576 2656 vexatos,

843 2676 890 2713 cs.
913 2675 1048 2713 Burni.
1075 2678 1217 2723 melas,
1254 2676 1302 2712 de
1321 2682 1483 2725 conatu,
1508 2689 1576 2713 re—

842 2734 972 2785 cipere
998 2734 1068 2771 vis.

902 2794 996 2832 603.
1028 2793 1072 2828 Si
1093 2792 1193 2841 ‹luicl
1216 2805 1391 2842 usquam
1421 2793 1578 2828 matitia

844 2858 925 2886 tas-l.-
969 2851 999 2887 si
1042 2864 1120 2886 non
1161 2850 1278 2886 inane
1313 2863 1457 2886 nomen
1497 2856 1578 2886 est:

845 2907 912 2944 sed
938 2921 1022 2954 res,
1056 2908 1206 2953 virtus,
1239 2908 1358 2945 laude
1386 2922 1431 2944 ac
1462 2921 1578 2958 prae-

844 2967 922 3003 mio
949 2966 1077 3017 digna.
1120 2966 1170 3006 cs.
1197 2966 1241 3005 V.
1272 2966 1313 3003 L.
1346 2966 1452 3004 Ante
1480 2979 1578 3004 ocu—
