1811 3388
322 280 733 331 AENEIDOS
771 281 914 329 LIB.
952 281 1042 343 ΙΙΙ,
1079 282 1371 332 535-548
1513 288 1614 336 523

102 409 211 457 Sed
235 417 413 455 tamen
438 405 584 454 idem
607 407 736 456 olim
761 423 919 455 curru
943 405 1234 455 succedere
1258 408 1393 455 sueti

102 475 517 541 Quadrupedes,
553 486 604 525 et
629 476 781 526 frena
803 477 927 541 iugo
955 476 1243 524 concordia
1265 475 1433 527 ferre:

103 550 235 612 Spes
265 554 316 594 et
341 547 508 612 pacis,
553 548 634 598 ait.
710 550 852 596 Tum
873 547 1095 595 numina
1126 555 1302 594 sancta
1329 564 1618 612 precamur

99 615 327 665 Palladis
357 617 680 677 armisonae,
721 634 855 683 quae
876 618 1048 683 prima
1074 616 1283 682 adcepit
1312 618 1537 678 ovantis3

98 689 165 735 Et
187 687 353 751 capita
375 695 495 735 aute
523 704 634 736 aras
656 687 886 751 Phrygio
913 686 1155 735 velamur
1175 687 1396 748 amictu3
1515 692 1618 740 545

100 757 511 823 Praeceptisque
535 757 754 820 Heleni,
789 757 1014 806 dederat
1045 773 1182 822 quae
1213 773 1481 821 maxuma,
1519 758 1620 807 rite

99 827 295 874 Iunoni
322 828 541 890 Argivae
562 828 729 877 iussos
755 827 1034 876 adolemus
1053 827 1306 878 honores

169 896 327 945 Haud
349 913 528 948 mora:
568 899 825 947 continuo
850 895 1102 964 perfectis
1126 896 1320 946 ordine
1342 898 1492 961 votis,

195 1012 261 1048 541
291 1017 339 1046 Et
359 1023 481 1047 tamen
500 1017 590 1048 Ven.
625 1016 735 1060 (quod
765 1015 890 1060 reponi
918 1015 992 1048 vult
1020 1018 1162 1048 Santen.
1190 1015 1235 1048 ad
1265 1017 1412 1048 Terent.
1440 1027 1490 1047 vs.
1517 1014 1615 1055 754.;

101 1061 163 1093 sed
183 1060 254 1093 vid.
286 1062 369 1094 Not.
397 1062 441 1094 ad
469 1063 541 1096 Ecl.
565 1065 590 1104 I,
622 1065 677 1098 19.
718 1064 816 1106 lVr.)
867 1075 978 1096 cursa
1007 1062 1114 1095 Witt.
1163 1075 1312 1095 currum
1339 1063 1533 1094 succedere
1562 1075 1620 1095 un.

101 1107 215 1148 Leid.,
239 1108 334 1140 forte
354 1109 422 1142 hoc
442 1110 658 1154 exquisitius.
690 1111 804 1143 Burni.
841 1109 961 1142 laudat
987 1117 1060 1142 not.
1094 1109 1137 1142 ad
1168 1109 1268 1142 Ovid.
1298 1110 1384 1141 Met.
1411 1110 1507 1149 XIII,
1540 1111 1619 1144 611.

102 1154 171 1189 542
196 1153 348 1199 ecferre
369 1157 391 1188 i.
411 1169 439 1188 c.
454 1156 571 1202 frena
588 1157 721 1190 Zulich.
739 1169 759 1189 a
779 1169 824 1189 m.
845 1168 916 1189 sec.
1010 1157 1080 1191 543
1107 1159 1198 1202 Spes
1229 1165 1283 1188 esc
1306 1169 1344 1202 p.
1374 1162 1454 1188 ante
1486 1156 1621 1197 Heius„

104 1209 141 1234 ut
162 1202 322 1246 plerique
344 1203 447 1236 codd.
467 1210 502 1235 et
520 1204 621 1244 edd„
647 1204 750 1236 etiam
777 1204 812 1236 in
830 1202 1005 1236 Servianis
1023 1204 1119 1236 adv.
1144 1204 1213 1238 537
1243 1210 1277 1235 et
1307 1215 1382 1247 sup.
1413 1203 1456 1235 ad
1488 1205 1513 1242 Ι,
1540 1204 1620 1239 443.

105 1249 173 1292 (εει
191 1249 301 1281 Pulat.
326 1248 421 1293 Lips.
442 1258 511 1294 utq.
530 1258 563 1283 et
586 1254 652 1293 10„
677 1251 769 1283 idem
789 1250 900 1283 Servii
918 1257 1024 1282 notae
1047 1249 1303 1294 praescriptum
1325 1250 1360 1281 in
1389 1250 1467 1282 cod.
1495 1251 1621 1283 Dresd.

109 1296 206 1337 lVr.)
256 1296 326 1328 Sed
358 1297 485 1330 Medic.
522 1310 597 1330 cum
627 1298 704 1330 aliis
733 1297 936 1330 melioribus
968 1299 1061 1342 Spes
1100 1306 1135 1329 ec
1164 1311 1196 1342 p.
1250 1300 1334 1329 Cam
1363 1296 1453 1328 alter
1481 1299 1620 1341 Menag.

105 1344 256 1375 numina
280 1352 426 1376 sancta:
467 1345 521 1377 Ad
542 1345 576 1377 h.
593 1357 626 1377 v.
649 1346 820 1388 Pompon.
844 1344 948 1377 Sab.:
977 1346 1060 1384 „Ita
1087 1353 1122 1376 et
1143 1342 1288 1376 Probus
1315 1344 1405 1388 legit
1436 1352 1472 1376 ec
1498 1349 1622 1389 Apro-

105 1390 278 1421 nianuS.“
330 1392 428 1431 Quae
446 1391 534 1423 adeo
557 1391 795 1424 memorabilis
816 1391 872 1423 hic
889 1391 934 1423 sit
952 1391 1099 1423 varietas
1115 1417 1123 1432 ‚
1148 1402 1219 1423 nou
1247 1402 1434 1435 assequor3
1471 1391 1537 1424 nisi
1568 1398 1623 1424 est

106 1436 201 1479 quod
230 1436 290 1469 alii
321 1450 430 1470 sacra
458 1438 711 1480 exhibuerunt,
758 1445 797 1471 ut
835 1450 876 1470 ex
900 1450 969 1470 sec.
996 1438 1122 1470 Hamb.
1154 1444 1188 1470 et
1212 1437 1312 1471 Leid.
1344 1437 1479 1470 notavit
1506 1440 1622 1471 Burm.

107 1498 184 1539 (sca
216 1494 311 1539 Lips.
341 1502 414 1539 utq.
446 1497 599 1537 „Eadem
624 1498 717 1530 forte
743 1497 893 1530 varietas
914 1517 957 1522 ——
976 1499 1125 1530 nomina
1151 1508 1215 1539 pro
1242 1497 1392 1529 numina
1411 1497 1538 1528 —fuit
1566 1508 1621 1540 ap.

105 1542 206 1586 Virg.
228 1544 284 1581 111,
306 1543 401 1583 543„
427 1555 495 1587 quo
515 1551 654 1588 spectat
682 1545 802 1589 Pomp.
823 1543 944 1577 Sabini
971 1547 1091 1577 nota.“
1140 1544 1233 1576 Haec
1254 1542 1557 1587 Mai-tyni—Lag.
1579 1543 1624 1576 ad

104 1590 235 1622 Lucan.
262 1591 287 1628 Ι,
318 1588 399 1624 405.
440 1591 535 1634 lVr.)
631 1591 701 1626 544
736 1604 829 1636 quae
856 1593 1009 1636 primum
1042 1591 1111 1623 duo
1135 1592 1264 1623 Moret.
1291 1597 1326 1622 et
1357 1591 1527 1623 Rottend.
1555 1603 1622 1622 sec.

105 1636 175 1672 545
200 1638 318 1682 capite
336 1637 389 1669 ed.
418 1638 508 1670 lunt.
558 1639 677 1683 capite
696 1659 739 1662 —
758 1637 909 1670 velabat
940 1638 1111 1670 Rufinian.
1145 1637 1189 1669 de
1226 1637 1362 1670 Schem.
1391 1637 1474 1670 Lex.
1506 1649 1540 1680 p.
1578 1637 1624 1671 35

107 1683 217 1728 (255).
266 1685 385 1729 capite
410 1690 445 1715 et
464 1693 596 1731 capute
617 1685 784 1718 velamus
818 1697 877 1716 sex
906 1685 962 1717 vel
993 1692 1127 1730 septem
1155 1695 1213 1727 ap.
1242 1685 1355 1715 Burm.
1384 1683 1472 1716 miro
1504 1685 1623 1728 lapsu:

107 1750 151 1754 -
174 1739 262 1762 ante
279 1742 382 1762 aram
404 1730 496 1763 idem
517 1731 690 1765 Rufiniau.
707 1732 730 1765 l.
751 1745 779 1765 c.
817 1732 926 1764 Goth.
947 1738 1042 1772 tert.,
1067 1731 1240 1764 Montall).
1263 1739 1298 1763 et
1316 1732 1419 1763 Voss.
1441 1731 1497 1763 hic
1518 1731 1623 1763 etiam

108 1777 301 1817 velantur,
329 1784 364 1809 et
383 1777 493 1811 Wall.
514 1790 533 1810 a
553 1791 596 1810 m.
616 1791 668 1824 pr.
687 1780 846 1812 velatur.
897 1780 1066 1822 (Vereor,
1092 1791 1135 1810 ne
1158 1789 1226 1810 uon
1247 1778 1292 1810 sit
1313 1777 1511 1821 genuinum,
1532 1778 1626 1822 quod

106 1823 164 1856 hic
187 1823 315 1856 editur.
368 1825 542 1857 Velamus
570 1832 605 1857 et
632 1827 805 1859 velantur
833 1825 986 1858 librariis
1018 1826 1187 1865 debetur,
1221 1824 1380 1857 faciliora
1406 1825 1626 1869 amplecten-

106 1871 210 1903 tibus.
260 1874 305 1903 At
328 1870 497 1911 velabat,
523 1873 673 1905 velatur
692 1881 725 1905 et
745 1880 937 1906 monstrum
960 1872 1047 1905 illud
1068 1881 1199 1918 captate
1221 1884 1261 1904 eo
1281 1872 1431 1913 ducunt,
1468 1881 1506 1903 ut
1535 1872 1625 1905 scri-

107 1924 204 1962 ptum
224 1917 331 1950 fuisse
364 1919 527 1950 videatur
554 1932 639 1964 cap
652 1921 926 1952 ecc-velamur.
974 1919 1030 1953 Sic
1059 1927 1171 1964 caput
1200 1918 1222 1951 i.
1248 1931 1281 1963 q.
1312 1920 1433 1963 capita
1461 1918 1552 1951 infra
1581 1920 1625 1960 V,

107 1966 209 2000 309.:
236 1964 416 2010 „flavaque
446 1973 588 2009 caput
615 1973 871 2000 nectentur
896 1967 1025 2000 oliva.“
1062 1967 1153 1999 adde
1183 1967 1246 1998 Ge.
1274 1967 1301 2006 Ι,
1334 1966 1415 2000 386.
1442 1968 1528 1999 Aen.
1561 1967 1626 2007 IX,

106 2011 188 2047 437.
238 2011 389 2044 Videtur
408 2026 431 2045 a
452 2025 469 2045 e
493 2012 651 2057 proxima
675 2026 760 2047 voce
785 2014 1008 2054 adhaesisse3
1044 2020 1079 2045 et
1104 2014 1291 2058 capitante
1320 2012 1356 2044 in
1384 2012 1462 2056 ipso
1498 2013 1625 2045 Medic.

108 2070 190 2091 am.
220 2070 274 2101 pr.
304 2065 428 2092 exstat.
453 2079 498 2084 -—-
544 2059 625 2095 546.
657 2074 689 2106 q.
714 2062 885 2108 proxima
908 2064 1005 2095 Serv.
1035 2060 1160 2092 Dresd.
1201 2059 1297 2102 lVr.)

109 2106 177 2137 ctis
200 2106 322 2138 Franc.

110 2193 236 2225 ctans.
296 2187 515 2239 Argutatur
550 2196 588 2226 et
622 2190 840 2227 Burmann.

111 2244 162 2281 ad
208 2243 310 2294 543,
349 2247 418 2296 qui
470 2260 593 2297 equos
645 2247 841 2284 candidos

112 2302 450 2353 triumphantium
512 2303 594 2342 huc
655 2305 840 2342 advocat.

111 2360 278 2397 Fundus
314 2362 678 2413 interpretationis,
721 2376 840 2412 quam

111 2416 302 2456 Anchises
322 2420 440 2467 facit,
472 2434 551 2457 non
579 2420 621 2457 in
653 2420 840 2468 candore,

110 2476 180 2513 sed
203 2476 243 2513 in
266 2491 311 2514 eo
344 2484 424 2526 est,
466 2478 576 2528 quod
606 2478 697 2528 equi
722 2478 840 2515 etiam

110 2533 248 2584 iugum
276 2536 424 2574 serunt.

170 2591 265 2633 543.
290 2594 386 2635 544.
419 2594 570 2631 Palladi
594 2607 751 2630 sacrum
776 2593 840 2630 fa-

112 2649 242 2697 ciunt,
270 2652 381 2689 cuius
399 2653 594 2703 templum
612 2651 653 2688 in
677 2664 721 2688 eo
742 2665 841 2702 por—

114 2713 179 2753 tu,
211 2721 249 2745 v.
272 2723 359 2760 sup.
383 2710 477 2751 531.
531 2710 650 2747 Hunc
672 2709 840 2757 intrant,

116 2770 156 2800 et
186 2769 335 2804 terram
377 2766 566 2817 capiunt,
606 2767 661 2803 ita
704 2773 751 2804 ut
785 2780 841 2813 ea,

115 2828 318 2870 tamquam
341 2823 533 2875 hospitio,
556 2838 621 2861 eos
644 2825 844 2875 excepisse

114 2878 241 2915 videri
272 2887 416 2930 posset.
465 2891 627 2919 ovante-s·
666 2882 845 2919 ornatius

114 2949 232 2985 quam
253 2953 338 2974 nos.
403 2938 497 2976 Mox
516 2939 598 2981 545
619 2946 774 2989 spectat
793 2940 842 2976 ad

114 3007 199 3044 sup.
220 2992 302 3036 403
327 3009 409 3045 sqq.
470 2996 564 3037 546.
595 2996 690 3038 547.
723 2998 844 3034 ‹lede-

1393 2060 1462 2094 548
1492 2072 1564 2106 pro
1559 2059 1626 2106 fe—

898 2198 964 2226 rat
994 2204 1097 2240 quae
1126 2189 1310 2225 maxima
1348 2187 1510 2239 respicit
1539 2201 1626 2239 sup.

899 2245 982 2288 435
996 2261 1120 2284 mmm
1132 2247 1237 2283 illud
1246 2260 1484 2296 —lnaeque
1495 2248 1627 2282 omni-

899 2303 973 2341 bus
1011 2319 1149 2342 unum.
1222 2306 1448 2353 praeceptis
1494 2317 1567 2341 uro
1607 2316 1627 2340 e

900 2369 1110 2413 praecepto
1145 2361 1299 2399 Heleni.
1367 2354 1549 2411 Atgz'vhe
1587 2374 1626 2400 v.

901 2433 986 2470 sup.
1012 2420 1039 2468 Ι,
1063 2420 1130 2467 24,
1153 2419 1222 2457 sed
1243 2418 1284 2457 h.
1310 2418 1336 2456 l.
1364 2425 1523 2456 tantum
1558 2433 1627 2456 or-

899 2483 980 2515 nat.
1041 2478 1246 2525 (Ceterum
1266 2476 1347 2515 vid.
1375 2477 1466 2514 Not.
1487 2477 1538 2514 ad
1559 2478 1627 2514 Ge.

898 2535 963 2584 IV,
985 2538 1079 2576 379.
1115 2534 1228 2588 llfr.)

957 2593 1039 2634 548
1051 2615 1104 2621 --
1118 2594 1212 2634 550.
1235 2593 1333 2630 Item
1352 2606 1401 2629 ex
1416 2598 1628 2644 praecepto

900 2650 1042 2688 Heleni
1070 2665 1157 2701 sup.
1188 2665 1227 2689 v.
1262 2653 1345 2691 396
1378 2664 1433 2700 Sq.
1493 2652 1630 2688 Potest

903 2722 1013 2746 sacro
1033 2708 1112 2746 hoc
1132 2710 1240 2746 facto
1261 2708 1471 2759 occupatio
1493 2709 1628 2746 ltaliae

902 2767 1005 2803 facta
1034 2766 1176 2804 videri.
1236 2765 1315 2802 Sed
1346 2766 1492 2803 similes
1527 2766 1629 2804 Iuris

902 2826 1078 2874 gentium
1101 2831 1172 2861 aut
1191 2823 1341 2875 publici
1362 2824 1544 2861 notiones
1565 2824 1630 2860 in-

906 2889 964 2919 ter
988 2889 1144 2920 veteres
1177 2895 1258 2918 non
1287 2882 1420 2930 fuere3
1460 2881 1536 2918 suit
1563 2894 1628 2917 sa-

904 2953 1016 2977 crum
1030 2938 1302 2993 χαριστήριον.
1324 2939 1559 2976 obvertimus
1577 2952 1627 2975 sc.

902 2998 1060 3049 pelago,
1102 2997 1143 3034 in
1182 2997 1362 3048 pelagus,
1402 2996 1443 3033 in
1482 2997 1627 3033 altum:
