1811 3388
338 211 755 264 AENEIDOS
791 212 934 262 LIB.
960 213 1060 275 Vl,
1097 219 1393 268 617—622
1534 222 1636 270 945

115 338 342 404 „Discite
385 338 636 387 iustitiam
683 337 909 401 moniti,
959 345 1043 399 et,
1106 353 1218 386 non
1262 347 1507 392 temnere
1557 344 1637 393 di-

902 412 1044 457 vos“

116 474 374 527 Vendidit
394 474 482 524 hic
506 492 635 525 auro
661 475 910 542 patriam,
935 476 1330 542 dominumque
1357 418 1638 543 potengziii

115 546 383 611 Inposuit3
422 544 532 594 fixit
554 545 698 610 leges
720 546 895 612 pretio
919 555 1080 612 atque
1107 544 1304 607 refixit3

188 641 918 702 622.INPOSU1T,REFIXIT

210 756 279 790 622
299 756 494 802 pretioque
529 756 584 789 ed.
611 757 700 789 Ven.
751 756 842 799 (Duo
879 767 983 800 quum
1017 760 1194 800 ponantur
1225 753 1393 808 crimina,
1426 755 1638 800 proditionis

117 802 275 842 alterum,
301 803 450 834 alterum
476 802 666 835 calumniae
691 802 775 835 iuris
813 814 884 835 non
908 802 1047 835 videtur
1072 809 1256 846 utrumque
1281 801 1316 834 in
1340 813 1443 835 unum
1469 803 1639 836 eundem-

116 861 183 893 que
209 849 481 889 conferendum;
511 850 606 894 quod
633 850 759 883 Varius
785 849 945 893 quidem,
979 850 1070 881 unde
1095 850 1182 882 haec
1217 856 1393 881 mutuatus
1427 856 1481 882 est
1513 850 1639 894 Virgi-

116 896 204 938 lius,
230 908 332 941 quum
367 895 429 928 ille
464 873 508 928 (le
541 908 608 928 uno
645 903 681 929 et
714 903 810 929 certo
845 896 962 940 aliquo
993 896 1180 940 loquatur,
1214 902 1310 928 recte
1346 896 1464 939 potuit
1502 897 1638 937 facere3

116 943 236 987 itaque
262 950 342 975 ante
359 943 450 987 fixit
475 943 666 976 semicolon
691 943 804 988 posui.
851 947 1008 988 Apparet
1034 949 1162 983 autem,
1187 942 1346 974 oratione
1374 942 1441 974 iam
1467 943 1511 975 ad
1535 943 1639 976 finem

116 996 353 1034 properante,
377 989 568 1033 Sibyllam,
594 998 778 1035 postquam
802 989 990 1033 singularia
1016 989 1184 1034 quaedam
1210 988 1352 1021 crimina
1376 989 1513 1032 tetigit,
1540 989 1638 1023 clau-

117 1036 213 1069 sulae
237 1037 318 1069 loco
343 1036 475 1068 addere
500 1036 591 1070 hunc
616 1049 770 1069 versum:
795 1038 892 1070 Ausi
916 1049 1038 1070 omnes
1062 1042 1128 1069 cet.
1180 1037 1301 1079 Itaque
1327 1035 1433 1068 totius
1458 1036 1528 1069 loci
1553 1048 1638 1069 sen—

116 1083 228 1116 tentia
252 1083 301 1116 ita
327 1089 380 1115 est
405 1083 668 1117 constituenda:
694 1084 785 1126 „Hic
811 1090 884 1124 est,
919 1083 977 1127 qui
1010 1082 1168 1115 vendidit
1199 1081 1369 1126 patriam3
1402 1102 1448 1107 -—
1479 1083 1556 1123 liic,
1592 1101 1639 1108 —·

117 1129 177 1174 qui
209 1130 307 1174 leges
343 1129 536 1173 pervertit;
572 1130 649 1171 hic,
685 1130 743 1175 qui
775 1130 965 1163 thalamum
999 1136 1101 1162 natae
1137 1128 1283 1169 invasit3
1308 1147 1354 1153 ——
1377 1129 1436 1161 hic
1459 1137 1568 1171 sunt,
1593 1150 1636 1154 —

119 1177 312 1221 quicunque
337 1176 485 1209 immane
511 1178 587 1210 ausi
611 1178 744 1210 nefas.“
793 1178 914 1221 Itaque
940 1176 1044 1209 etiam
1072 1182 1199 1221 puncta
1224 1187 1273 1207 vs.
1299 1176 1368 1209 622
1394 1188 1444 1219 sq.
1470 1176 1503 1208 in
1528 1177 1638 1209 semi-

119 1223 197 1256 cola
227 1224 368 1256 mutavi.
395 1243 439 1247 —
482 1225 575 1256 Haec
609 1225 736 1256 dudum
763 1224 991 1268 scripseram,
1022 1235 1123 1267 quum
1150 1221 1382 1266 gratissimum
1406 1234 1527 1254 munus
1552 1223 1638 1256 mihi

118 1270 227 1303 mittit
253 1270 504 1311 Weichertus‚
542 1271 711 1303 eruditam
737 1271 1073 1302 Commentationem
1107 1271 1165 1302 111.
1193 1273 1247 1301 De
1279 1271 1321 1300 L.
1362 1270 1473 1302 Vario
1508 1271 1637 1304 Poeta.

118 1319 150 1350 Is
178 1329 258 1361 pag.
283 1318 340 1352 22.
369 1317 417 1350 ita
442 1317 582 1350 scribit:
620 1317 731 1359 „Mihi
757 1329 826 1350 non
852 1317 992 1349 dubium
1019 1323 1093 1358 est,
1129 1315 1210 1361 quin
1245 1315 1395 1359 Virgilio
1432 1315 1513 1348 illos
1547 1316 1637 1350 scri-

117 1364 217 1397 beuti
241 1376 360 1396 versus
385 1370 500 1396 certus
527 1364 665 1408 quidam
689 1365 795 1397 homo
822 1376 904 1396 suae
940 1363 1063 1396 aetatis
1100 1363 1305 1396 obversatus
1341 1361 1459 1395 fuerit.
1512 1366 1638 1407 Atque,

117 1411 185 1443 nisi
210 1411 304 1443 forte
330 1411 488 1444 consulto
516 1419 549 1443 et
574 1411 699 1444 callide
726 1423 769 1443 ex
796 1411 931 1443 duobus
966 1409 1184 1451 hominibus,
1217 1409 1367 1442 Curione
1403 1415 1439 1441 et
1471 1410 1637 1452 Antonio,

119 1470 221 1490 unum
248 1470 267 1490 a
292 1458 400 1490 Poeta
426 1458 615 1490 Mantuano
641 1458 825 1490 confictum
851 1470 891 1490 ac
916 1457 1023 1489 veluti
1049 1456 1237 1490 conflatum
1265 1463 1394 1488 statuas
1421 1455 1529 1489 civem
1554 1469 1633 1489 sce-

118 1505 245 1537 lestum
272 1512 306 1537 et
330 1505 473 1548 impium
497 1504 532 1536 in
556 1505 701 1548 patriam
717 1530 726 1546 ,
759 1504 845 1536 mihi
869 1503 941 1536 veri
966 1505 1151 1537 admodum
1186 1503 1299 1535 simile
1330 1502 1490 1544 videtur,
1523 1503 1638 1536 nemi-

119 1564 198 1584 nem
224 1551 350 1594 alium,
374 1563 476 1596 quam
501 1552 548 1583 M.
573 1551 763 1585 Antonium
786 1551 844 1584 hic
868 1550 1069 1595 significari,
1093 1562 1195 1595 quem
1219 1550 1329 1583 Poeta
1353 1548 1521 1582 scelerum
1545 1562 1637 1596 poe-

120 1665 260 1711 poetae
283 1658 382 1697 haec
400 1660 584 1710 exposita
612 1658 749 1697 fuisse:
780 1657 852 1697 ubi

120 1731 159 1756 v.
188 1717 280 1755 Not.
321 1731 358 1768 p.
389 1716 472 1757 433
507 1731 562 1768 sq.
624 1717 852 1754 Contrarias

119 1775 274 1814 fabulas
295 1774 538 1825 sequebatur
560 1774 746 1826 Virgilius
765 1788 852 1825 sup.

123 1835 217 1881 122,
237 1833 305 1871 ubi
330 1832 378 1870 de
402 1845 446 1869 ea
476 1846 521 1871 re
547 1832 626 1870 iam
653 1832 853 1870 monitum

120 1896 190 1929 est.
244 1891 481 1941 Phlegyas,
517 1890 566 1928 de
588 1889 854 1940 Phlegyarum

121 1954 235 2000 gente
264 1948 330 1986 alii
358 1954 613 1999 acceperant,
648 1960 750 1998 quae
774 1947 853 1984 Mi-

120 2006 294 2058 nyadem
327 2006 516 2043 Boeotiae
543 2004 787 2043 inhabitavit
813 2010 855 2042 et

121 2069 287 2116 propter
306 2063 550 2113 impietatem
568 2077 589 2099 a
612 2062 686 2100 deo
708 2062 855 2099 abolita

122 2121 212 2159 suit.
249 2119 304 2173 (v.
336 2121 503 2158 Pausan.
532 2121 600 2168 IX,
630 2122 699 2162 36.
738 2118 854 2156 Adde

123 2178 174 2217 H.
208 2178 249 2216 in
294 2178 424 2229 Apoll.
463 2179 559 2218 278.
597 2179 694 2218 279.
753 2176 854 2213 Nam

123 2236 315 2286 Phlegyas
345 2234 588 2283 Thessaliae,
634 2234 682 2271 de
709 2234 853 2284 quibus

124 2294 270 2332 Strabo
293 2292 492 2330 videndus
520 2293 588 2340 IX,
623 2305 661 2342 p.
696 2291 780 2332 422
810 2292 852 2339 B,

123 2352 204 2390 huc
234 2350 433 2389 advocare
471 2364 553 2387 non
588 2347 710 2400 licet.)
772 2348 854 2386 Ve-

124 2423 214 2447 rum
240 2422 320 2446 non
343 2408 392 2445 de
421 2406 604 2458 Phlegyis
635 2406 854 2454 Maronem,

124 2466 195 2504 sed
219 2467 265 2503 <le
286 2465 496 2516 Plzlegya,
530 2463 679 2502 Ixionis
707 2470 746 2500 et
774 2464 855 2500 Co-

124 2523 308 2571 ronidis,
364 2536 384 2560 e
442 2536 520 2572 qua
577 2520 857 2571 Aesculapium

126 2581 269 2633 Apollo
291 2581 475 2632 suscepit,
496 2585 622 2631 patre,
642 2579 712 2629 qui
729 2578 857 2630 Apol-

125 2639 217 2677 linis
248 2639 443 2689 templum
476 2636 638 2688 Delphis
677 2635 857 2673 incendit

128 2696 184 2749 (v.
225 2698 354 2744 Serv.)
374 2726 385 2744 ‚
437 2694 714 2746 accipiendum
761 2706 854 2740 esse,

125 2754 205 2792 iam
225 2753 453 2791 docuerunt
473 2753 647 2803 Interpp.
669 2765 718 2789 ex
738 2751 855 2789 Statii

126 2810 350 2849 imitatione
380 2810 503 2848 Theb.
544 2810 572 2857 l,
617 2812 701 2851 712
729 2823 784 2859 sq.
816 2814 856 2846 et

126 2868 213 2906 Val.
240 2868 298 2906 Fi.
329 2867 378 2915 Π,
406 2870 487 2910 193
507 2880 609 2916 sqq.,
638 2879 738 2916 quae
769 2866 856 2903 loca

128 2924 382 2964 conferenda.
413 2924 604 2975 Phlegyas
621 2923 742 2973 igitur
759 2923 857 2961 deo-

196 2993 406 3042 VIRGIL.
445 2993 585 3041 ΤοΜ.
622 2991 684 3040 ΙΙ.

908 1671 999 1696 rum
1016 1663 1264 1705 contemtor,
1296 1656 1405 1708 apud
1420 1656 1566 1695 inferos
1586 1657 1638 1695 ad

908 1716 1103 1754 iustitiam
1134 1722 1174 1754 et
1212 1715 1399 1766 pietatem
1429 1715 1638 1752 colendam

910 1773 1154 1811 exhortatur
1189 1785 1324 1810 omnes
1344 1801 1354 1820 ‚
1396 1772 1638 1810 nobilissimo

909 1831 978 1869 illo
1000 1844 1137 1870 versu:
1161 1832 1318 1867 Discite
1335 1832 1531 1867 iustitiam
1549 1845 1638 1868 mo-

911 1891 1012 1937 niti,
1048 1889 1116 1938 qui
1145 1888 1296 1939 magnis
1318 1887 1415 1925 viris
1438 1888 1572 1925 multis
1596 1888 1638 1925 in

912 1960 981 1985 ore
1001 1946 1163 1984 habitus
1182 1946 1277 1994 fuit,
1301 1951 1341 1982 et
1357 1944 1638 1994 Munehhusio,

911 2004 1125 2042 immortali
1142 2003 1250 2049 viro,
1273 2003 1515 2052 frequenter.
1553 2003 1638 2040 No-

911 2068 954 2098 ta
992 2073 1151 2111 quoque
1192 2059 1328 2097 sabula
1368 2059 1417 2096 de
1447 2060 1639 2097 daemone

911 2119 1156 2169 interrogato
1177 2146 1187 2164 ‚
1237 2116 1324 2167 quis
1362 2129 1412 2154 ex
1456 2117 1638 2155 omnibus

910 2176 1065 2226 Virgilii
1093 2174 1274 2213 versibus
1300 2180 1402 2211 esset
1429 2180 1639 2224 praestan-

910 2233 1097 2271 tissimus.
1155 2232 1245 2269 Non
1274 2231 1376 2268 male
1401 2238 1536 2269 autem
1564 2246 1639 2269 au-

911 2297 1111 2341 gurantur
1140 2289 1217 2327 viri
1243 2288 1350 2326 docti
1373 2289 1540 2327 ductum
1565 2303 1638 2327 co-

910 2349 1037 2386 lorem
1076 2361 1127 2384 ex
1166 2346 1329 2384 Pindari
1365 2345 1512 2384 illustri
1549 2346 1638 2384 Ioco

912 2405 1195 2457 Pyih.11‚39
1221 2418 1278 2454 sq.
1323 2405 1436 2444 Θεῶν
1464 2398 1506 2444 δ’
1549 2404 1638 2454 ἐφε-

914 2467 1076 2515 τμαῖσιν
1099 2458 1242 2510 Ἰξίονα
1267 2465 1529 2510 mammem
1548 2463 1639 2513 βρο-

914 2525 1000 2568 τοῖς
1025 2519 1171 2572 λέγειν,
1206 2518 1248 2558 ἐν
1276 2516 1480 2570 πτερόεντι
1511 2522 1640 2574 τροχῶ

916 2580 1063 2617 Παντᾶ
1082 2572 1395 2627 κυλινδόμενον·
1440 2574 1514 2616 Τὸν
1534 2573 1640 2628 εὔερ-

914 2635 1032 2689 γε’ταν
1053 2631 1221 2688 α’γαναῖς
1244 2630 1433 2685 ἀμοιβαῖς
1457 2630 1639 2685 Ἐποιχο-

915 2692 1062 2746 μένους
1089 2693 1286 2732 τίνεσθαι.
1346 2694 1510 2739 ιηοηίιί,
1544 2690 1583 2728 h.
1607 2704 1638 2728 e.

913 2750 1097 2802 exemplo
1118 2763 1227 2798 me0,
1257 2748 1367 2799 quod
1387 2762 1461 2799 pro
1482 2748 1638 2785 monitu

913 2815 984 2848 est.
1044 2808 1126 2845 Nec
1156 2807 1434 2857 importunum
1471 2811 1510 2842 et
1544 2805 1637 2842 inu—

913 2867 984 2904 tile
1005 2866 1203 2904 monitum
1226 2863 1451 2915 putandum
1476 2861 1554 2899 hoc
1574 2862 1638 2898 in-

913 2930 977 2962 ter
1010 2936 1106 2972 eos,
1157 2922 1300 2973 quibus
1336 2920 1470 2957 nullus
1496 2918 1637 2971 poeni-

1293 2988 1360 3032 60
