1827 3436
362 231 770 283 AENEIDOS
812 233 950 281 LIB.
994 234 1031 292 Ι,
1068 238 1353 286 723-731
1515 244 1614 290 205

99 365 181 413 Fit
227 360 474 426 strepitus
521 358 695 421 tectis,
745 374 1046 424 vocemque
1097 376 1194 424 pcr
1244 361 1414 427 ampla
1464 365 1615 413 volu-

881 436 995 476 tant
1514 439 1614 486 725

99 502 265 557 Atria;
305 497 621 564 dependent
650 496 828 561 lychni
855 497 1191 564 laquearibus
1218 500 1386 548 aureis

98 570 322 631 Incensi,
363 577 415 618 et
437 576 656 617 noctem
676 566 906 616 flammis
928 566 1125 616 funalia
1146 569 1376 620 vincunt.

97 642 193 690 Hic
219 639 402 704 regina
425 654 642 703 gravem
666 639 895 702 gemmis
923 654 1162 704 auroque
1188 639 1434 704 poposcit

96 711 436 777 Inplevitque
471 725 626 757 mero
661 717 916 774 pateram,
957 725 1119 774 quam
1151 707 1323 769 Belus,
1348 718 1399 758 et
1427 725 1616 759 omnes

97 786 139 832 A
161 781 294 830 Belo
321 779 484 839 soliti3
523 788 639 827 tum
661 777 795 826 sacta
818 778 1024 827 silentia
1046 778 1220 827 tectis:
1514 785 1616 830 730

95 852 352 918 Iuppiter,
390 848 692 915 hospitibus
725 865 851 897 nam
872 857 925 897 te
954 847 1081 897 dare
1105 848 1213 896 iura
1234 847 1545 914 loquuntur,

166 951 281 997 730.
321 958 508 993 somn.
565 944 624 992 T.

188 1065 257 1100 725
283 1064 320 1096 Ic
344 1062 523 1108 strepitus
546 1062 652 1093 tectis
677 1061 767 1094 Gud.
794 1073 813 1093 a
836 1073 883 1093 m.
908 1073 961 1105 pr.
987 1073 1039 1105 pr.
1060 1061 1199 1103 Menag.
1220 1059 1387 1092 Rottend.
1411 1065 1493 1091 tert.
1514 1059 1613 1092 Leid.

95 1126 113 1146 a
140 1125 183 1145 m.
210 1123 291 1151 sec„
317 1109 412 1154 quod
447 1114 482 1141 et
511 1108 547 1140 in
571 1108 681 1141 Servii
717 1108 845 1140 Codice
871 1108 955 1149 suit,
994 1120 1058 1140 nec
1083 1109 1276 1139 Burmanno
1303 1105 1478 1150 displicet.
1528 1106 1613 1138 Mihi

95 1159 234 1204 quidem
260 1158 361 1190 nimis
387 1156 423 1188 in
447 1155 555 1188 maius
580 1167 655 1188 rem
680 1156 773 1188 ferre
799 1155 947 1196 videtur,
974 1167 1050 1187 curn
1080 1155 1123 1186 de
1151 1153 1312 1198 strepitu,
1338 1153 1555 1185 sermonibus
1578 1160 1613 1185 ct

95 1206 305 1240 clamoribus
331 1205 422 1236 inter
448 1202 524 1235 vinu
552 1209 685 1246 agatur.
736 1202 937 1246 Scythicum
962 1202 1074 1238 foret,
1117 1201 1145 1233 si
1172 1203 1350 1245 strepitus
1377 1201 1426 1232 acl
1451 1208 1545 1232 tecta
1572 1202 1610 1237 ic,

96 1261 133 1286 ut
168 1254 305 1285 clamor
339 1251 438 1284 coelo
470 1252 509 1282 it.
558 1250 670 1282 Aliter
703 1250 794 1282 infra
831 1250 899 1289 IV,
939 1250 1019 1283 666.
1045 1247 1192 1280 Didonis
1226 1254 1340 1279 morte
1373 1247 1533 1290 cognita:
1577 1249 1612 1278 It

94 1302 232 1334 clamor
262 1299 310 1332 ad
336 1298 414 1330 alm
439 1298 559 1330 Atria.
611 1309 785 1340 vocesque
810 1296 925 1339 Bigot.
950 1295 1041 1327 alter
1063 1294 1227 1327 Rottend.
1255 1306 1329 1325 cum
1347 1293 1465 1326 Schol.
1485 1294 1609 1337 Cruqn.

95 1349 139 1381 ad
166 1349 288 1379 Horat.
315 1347 372 1385 Ill,
400 1344 457 1376 od.
489 1345 538 1378 19.
573 1344 623 1385 (ct
648 1343 727 1375 Alb.
757 1344 852 1381 lsr.)
898 1342 1090 1389 perampla
1121 1354 1187 1374 nna
1219 1352 1304 1373 voce
1340 1340 1496 1373 nonnulli
1528 1341 1610 1372 Pie—

95 1395 182 1428 riani
211 1406 287 1427 cum
312 1405 366 1437 pr.
394 1393 521 1423 Moret.
548 1390 652 1433 idque
676 1390 852 1434 probabat
870 1389 981 1421 lortin
1000 1389 1023 1421 l.
1050 1389 1072 1421 l.
1094 1390 1236 1432 (Verum
1256 1401 1319 1433 per
1337 1400 1412 1419 curn
1431 1387 1610 1419 adiectivis

95 1441 338 1485 compositum,
364 1438 472 1472 valde
497 1436 707 1481 significans,
732 1437 816 1481 ped(
827 1436 906 1469 stris
932 1443 995 1476 est,
1020 1447 1090 1467 non
1112 1434 1274 1479 poeticae
1300 1434 1480 1467 orationis.
1513 1434 1608 1476 lVr.)

90 1502 159 1536 per
186 1489 265 1521 alta
290 1486 451 1529 Longob.
477 1497 552 1517 cum
578 1484 653 1516 aliis
680 1483 869 1523 Picrianis‚
904 1483 987 1515 item
1013 1482 1146 1515 Zulich.
1174 1494 1213 1513 ex
1240 1481 1299 1514 lib.
1330 1482 1399 1521 IV,
1426 1483 1514 1521 665,
1541 1482 1610 1514 ob-

94 1542 255 1569 servante
281 1536 489 1566 Burmanno.

560 1533 632 1566 726
657 1532 819 1575 lyclzyni,
843 1531 980 1570 liclzini,
1005 1529 1246 1562 aberrationes
1273 1540 1327 1573 ap.
1353 1529 1466 1560 Burni.
1500 1530 1611 1561 Prae-

94 1583 186 1617 clare
211 1581 398 1615 Serviaua:
423 1581 560 1612 Graeco
586 1590 746 1611 sermone
772 1589 851 1609 usus
877 1583 942 1617 est,
968 1589 1010 1608 ne
1036 1576 1104 1608 vile
1127 1575 1259 1619 aliquid
1284 1575 1506 1613 introferret3
1533 1587 1609 1607 nam

94 1629 299 1663 offendisset
323 1628 488 1660 lucerna.
538 1623 750 1658 lacuarilms
774 1624 817 1657 ab
844 1624 920 1657 aliis
954 1623 1120 1668 scriptum
1145 1624 1264 1661 fuisse,
1287 1622 1419 1654 ibidem
1443 1622 1610 1654 monitum

94 1677 224 1710 videas.
274 1672 510 1719 laquearibus
544 1672 632 1704 altis
666 1683 751 1703 unus
788 1671 1003 1715 Guelphfflb.
1038 1670 1073 1702 in
1105 1669 1229 1701 Collat.
1256 1669 1351 1701 Cort.

1446 1669 1513 1703 799
1539 1681 1611 1713 qua

96 1735 222 1767 magna
247 1734 330 1767 pars
356 1720 458 1753 codd.
486 1732 540 1764 ap.
568 1718 687 1750 Heins.
714 1718 797 1750 item
823 1718 877 1750 ed.
903 1719 992 1750 Ven.
1020 1724 1055 1749 et
1088 1729 1141 1761 pr.
1169 1716 1276 1748 Goth.
1310 1715 1373 1748 sed
1397 1723 1491 1748 recte
1515 1716 1610 1748 reie-

95 1778 210 1809 ctum3
237 1776 292 1801 est
318 1767 408 1800 enim
433 1766 544 1799 minus
573 1766 725 1798 doctum.
777 1777 799 1798 a
825 1764 918 1798 bello
943 1764 1133 1797 Zuliclicm.
1160 1762 1279 1796 addita
1303 1762 1440 1806 glossa:
1475 1763 1608 1795 festivis

95 1818 230 1851 diebus.
328 1816 397 1855 730
423 1815 506 1847 dum
525 1824 561 1859 J.
583 1813 743 1856 Longob.

93 1927 238 1951 corona
266 1911 403 1949 Insluil
423 1910 682 1960 implevitque
707 1922 823 1948 mero.

94 1972 141 2009 cs.
173 1971 356 2020 Hotting.
385 1969 430 2006 V.
468 1969 508 2005 C.
543 1967 642 2005 Mus.
688 1966 822 2004 Turic.

94 2030 138 2067 T.
157 2029 183 2067 Ι.
205 2027 305 2081 (vid.
329 2027 447 2064 etiam
469 2027 579 2064 Voss.
602 2025 653 2063 ad
671 2024 739 2062 Ge.
762 2024 824 2062 1.1.

99 2086 217 2140 lVr.)

154 2145 248 2188 725.
282 2144 529 2193 Comparent
552 2139 673 2178 illud:
705 2142 825 2190 Mmy-

95 2206 236 2255 στῆρες
259 2199 298 2242 δ’
317 2197 533 2251 ὁμάδησαν
562 2194 641 2238 α’νοῖ
673 2196 826 2250 μέγαρα

95 2257 295 2308 σκιόεντα,
330 2258 475 2310 Odyss.
497 2274 533 2305 ct,
555 2257 637 2297 365
667 2262 706 2293 et
733 2254 824 2292 alibi

92 2319 323 2371 repetitum.
398 2314 637 2353 Lectissimis
692 2313 825 2351 verbis

92 2391 189 2415 usus
218 2383 258 2414 et
287 2380 445 2422 noster,
477 2372 658 2425 inprimis
683 2372 723 2409 in
751 2386 823 2409 1¹0-

93 2436 249 2473 lutam.-
280 2434 507 2484 loquuntur
549 2442 650 2481 quae
694 2428 825 2467 audiri

92 2499 255 2541 possent
283 2504 355 2543 per
385 2496 518 2528 totum
550 2487 824 2526 coenaculum.

92 2553 175 2593 726
197 2564 253 2601 sq.
287 2549 571 2587 continuatam
592 2546 633 2584 in
656 2546 824 2584 multam

92 2613 251 2646 noctem
296 2621 461 2645 coenam
511 2605 689 2643 indicare
734 2603 826 2641 vult

91 2672 222 2716 poeta.
283 2665 426 2704 Verbis
465 2663 657 2701 similibus
696 2661 826 2700 utitur

92 2724 244 2762 Statius
266 2724 281 2761 I
314 2722 438 2761 Theb.
461 2722 556 2762 5‘20.
575 2722 655 2763 521
691 2730 730 2757 et
761 2719 825 2756 Si-

90 2781 166 2820 lius
196 2782 278 2829 XI,
312 2783 408 2822 281.
437 2782 543 2827 282,
575 2779 654 2817 iam
696 2790 817 2829 supra

90 2838 253 2877 laudati.
268 2838 469 2877 cf.Cerda.
501 2837 681 2875 Observa
704 2834 819 2873 ethic

89 2909 127 2934 v.
158 2899 256 2940 726.
285 2899 369 2939 727
397 2909 597 2934 summum
629 2899 816 2932 ornatum

88 2954 386 3005 verborumque
419 2953 652 3005 dignitatem
693 2952 734 2989 in
773 2963 817 2988 re

883 1907 1005 1945 tenui.
1065 1906 1153 1944 Non
1174 1905 1358 1943 lucernas
1375 1905 1440 1943 vel
1462 1906 1609 1943 cande—

883 1966 996 2003 labra
1019 1965 1163 2016 posuit,
1186 1963 1255 2001 sed
1279 1964 1608 2014 ζ)ὀ]1ηο.ς,]ὶιηα-

885 2025 958 2071 lia,
993 2022 1032 2061 h.
1065 2037 1096 2060 e.
1126 2021 1322 2060 funiculos
1355 2035 1444 2059 cora
1469 2022 1610 2070 illit0s3

884 2081 925 2120 h.
945 2095 976 2119 e.
996 2082 1111 2119 faces.
1143 2081 1189 2117 cs.
1210 2079 1352 2131 Odyss.
1373 2095 1410 2130 η,
1435 2079 1483 2117 de
1506 2081 1608 2131 regia

886 2139 1056 2187 Alcinoi,
1089 2141 1168 2178 100
1192 2151 1274 2188 sqq=

941 2199 1024 2239 728
1046 2219 1101 2224 -
1119 2198 1216 2237 730.
1257 2194 1386 2232 Etiam
1412 2193 1506 2231 hinc
1537 2208 1607 2231 sua

885 2255 1004 2293 duxit
1025 2254 1176 2291 statius
1201 2253 1224 2290 l.
1252 2266 1286 2292 c.
1308 2254 1389 2294 539
1408 2266 1491 2302 sqq.
1511 2253 1600 2289 soli-

883 2316 929 2361 ti,
963 2326 1015 2350 sc.
1046 2325 1155 2349 mero
1182 2311 1365 2362 impiere,
1398 2310 1437 2347 h.
1468 2323 1499 2347 e.
1530 2324 1607 2360 qua

883 2371 943 2409 usi
964 2371 1138 2409 fuerant.
1199 2368 1232 2406 A
1255 2368 1347 2405 Belo
1369 2374 1501 2406 autem
1525 2369 1608 2420 Ty-

882 2430 1036 2467 riorum
1067 2440 1203 2479 regum
1226 2427 1386 2478 stirpem
1408 2425 1608 2464 ducebant

885 2487 1047 2534 Graeci3
1077 2499 1114 2526 v.
1145 2487 1257 2524 Serv.
1294 2498 1381 2536 sup.
1425 2484 1476 2521 ad
1512 2483 1606 2525 642.

883 2544 1119 2597 Apollodor.
1152 2543 1207 2591 Π,
1240 2545 1274 2582 1.
1312 2542 1415 2580 cons.
1446 2542 1606 2579 Salmas

885 2605 1025 2642 Exere.
1047 2601 1146 2639 Plin.
1169 2615 1207 2652 p.
1230 2600 1327 2643 402.
1385 2599 1445 2637 Ex
1467 2606 1606 2637 nostro

882 2662 988 2700 idem
1011 2660 1128 2698 Silius
1149 2659 1176 2707 Ι,
1200 2660 1254 2698 87
1274 2671 1329 2708 sq.
1362 2655 1462 2709 (Val.
1480 2658 1540 2697 Fl.
1562 2657 1606 2705 II,

884 2719 980 2761 347.
1009 2732 1088 2768 sq,;
1126 2715 1271 2765 „sacris
1302 2715 1396 2753 dum
1430 2715 1607 2754 vincitur

877 2777 980 2814 extis
1005 2776 1134 2814 Prima
1156 2775 1289 2821 sames,
1310 2772 1461 2811 circum
1489 2780 1606 2824 pate—

876 2835 984 2873 risit
1007 2832 1199 2880 Bacchus,
1224 2837 1272 2868 et
1297 2830 1460 2869 omnis
1479 2831 1603 2869 Aula

877 2893 1047 2931 silet.“
1076 2888 1194 2942 lVr.)

934 2948 1190 2993 731—735.
1238 2946 1375 2983 Preces
1415 2945 1520 2983 inter
1555 2944 1603 2980 li—
