1811 3388
368 153 779 205 AE-NEIDOS
821 154 962 203 LIB.
1003 156 1064 216 V,
1104 159 1398 208 720—737
1540 167 1635 213 817

118 279 454 330 Debellanda
476 279 573 328 tibi
597 279 746 327 Latio
774 287 865 328 est.
937 278 1070 327 Ditis
1093 288 1274 329 tamen
1297 291 1418 331 ante

118 348 362 399 Infernas
386 347 587 398 adcede
611 347 804 398 domos
820 389 832 411 ,
874 356 926 397 et
945 351 1154 398 Averna
1175 366 1276 414 per
1300 349 1401 399 alta

121 421 449 484 Congressus
497 426 624 484 pete
649 459 661 481 ,
723 427 843 468 nate
868 459 881 482 ‚
936 434 1103 469 meos,
1184 422 1308 468 Non
1364 437 1453 470 me
1500 422 1640 488 inpia

906 504 1140 553 namque

122 561 338 607 Tartara
379 556 582 607 habent
605 598 618 621 ‚
672 557 914 607 tristesve
959 558 1184 608 umbrae
1207 583 1221 620 ;
1269 559 1365 609 sed
1416 576 1641 611 amoena

907 643 1124 693 plorum

121 696 357 747 Concilia
379 695 724 762 Elysiumque
746 695 879 747 colo,
950 698 1067 746 Huc
1093 706 1228 747 casta
1250 697 1444 762 Sibylla

118 767 401 831 Nigrarum
422 766 595 815 multo
618 766 892 832 pecudum
913 773 966 815 te
988 768 1244 831 sanguine
1266 767 1438 819 ducet.

121 839 265 886 Tum
288 852 455 901 genus
482 852 646 885 omne
680 844 861 900 tuum,
902 844 979 898 et,
1019 853 1153 902 quae
1186 837 1383 886 dentur
1408 839 1637 899 moenia,

1537 703 1639 752 735

189 981 305 1029 734.
343 990 558 1025 TRISTES
584 988 799 1024 UMBRAE

906 904 1086 957 disces,

213 1116 280 1151 731
308 1124 363 1148 esc
388 1116 489 1150 abest
523 1128 542 1149 a
575 1117 664 1149 Ven.
691 1121 727 1148 et
762 1114 868 1149 Goth.
900 1127 969 1149 sec.
1003 1115 1087 1158 (vid.
1126 1116 1168 1156 Q.
1205 1116 1249 1149 V.
1287 1116 1370 1157 XV,
1403 1116 1438 1156 7,
1471 1127 1502 1148 a.
1539 1115 1636 1159 Wr.)

119 1163 236 1195 Dictis
259 1162 407 1195 Dorvill.
457 1171 576 1196 tamen
602 1171 713 1195 antea
740 1164 837 1195 Ditis
861 1162 950 1195 alter
986 1162 1108 1195 Hamb.

382 1210 452 1245 733
477 1209 678 1254 Amplexus
708 1208 867 1254 plerique
900 1208 991 1242 Pier.
1021 1216 1057 1241 et
1081 1209 1148 1241 duo
1175 1207 1295 1241 Heins.
1344 1209 1556 1254 Complexus
1579 1220 1636 1243 uu.

119 1222 140 1243 a
163 1221 208 1242 m.
235 1222 290 1254 pr.

1213 1162 1282 1197 732
1318 1161 1475 1196 accende
1506 1162 1634 1195 Medic.

119 1256 231 1290 Goth.
254 1268 313 1289 sex
337 1257 459 1289 Heins.
484 1268 568 1289 unus
594 1257 708 1289 Burm.
735 1256 825 1299 (eum
850 1257 883 1290 2.
908 1257 942 1291 7.
968 1256 1000 1290 8.
1030 1257 1084 1290 10.
1114 1256 1210 1299 lVr.)
1259 1255 1335 1288 Duo
1360 1254 1421 1288 alii
1448 1255 1635 1302 Comples-

120 1315 195 1336 sus-

289 1303 359 1338 734
385 1304 512 1337 tristes
537 1301 684 1336 umbrae
707 1303 797 1335 bene
822 1302 941 1335 Heius.
968 1314 1043 1335 cum
1078 1301 1325 1346 antiquissimis
1362 1301 1452 1334 Pier.
1487 1309 1520 1335 et
1552 1301 1635 1335 suis.

120 1352 159 1382 In
184 1349 311 1383 Medic.
337 1362 356 1382 a
380 1363 425 1383 m.
449 1362 517 1382 sec.
545 1362 588 1382 rve
611 1349 800 1387 insertum3
836 1355 871 1381 et
896 1349 945 1382 sic
976 1348 1114 1393 plures:
1150 1350 1331 1382 tristesve.
1364 1347 1428 1392 (ita
1462 1348 1566 1381 etiam
1601 1349 1634 1383 3.

120 1398 174 1437 8.;
201 1404 306 1441 atque
330 1397 399 1430 hoc
424 1396 560 1442 recepi5
595 1396 665 1429 vitL
700 1398 742 1437 Q.
778 1398 823 1431 V.
859 1397 1034 1436 XXXVI,
1070 1397 1125 1429 11.
1167 1395 1260 1437 er.)
1319 1396 1371 1428 Ita
1410 1393 1557 1428 umbrae
1589 1395 1635 1428 de

119 1443 278 1476 locorum
311 1444 503 1476 ini'erorum
537 1443 648 1476 altera
677 1449 778 1487 parte
812 1454 887 1475 cum
927 1441 1076 1487 Spencio
1116 1440 1320 1487 accipienda
1355 1447 1458 1475 esset.
1507 1441 1632 1486 Vulgg.

120 1491 327 1535 tristesque.
354 1490 416 1534 (ita
440 1491 568 1529 Palat.;
595 1496 631 1522 et
655 1489 723 1522 hoc
747 1495 955 1523 revocarunt
986 1487 1133 1521 Bothius
1167 1494 1202 1520 et
1234 1487 1384 1521 Iahnius.
1423 1488 1520 1531 Wr.)
1570 1489 1636 1522 sed

120 1549 188 1571 am.
215 1538 376 1570 colotum
398 1550 452 1582 pr.
478 1537 602 1570 Hamb.
629 1549 647 1569 a
671 1549 714 1569 m.
741 1548 830 1578 sec.‚
862 1548 905 1569 an
930 1536 1091 1568 loc-orum
1122 1533 1259 1567 voluit?

120 1592 196 1616 tum
222 1584 277 1617 ed.
304 1585 392 1617 Iunt.
435 1584 619 1630 pecudum
644 1596 722 1616 cum
747 1584 835 1617 Ven.

123 1714 231 1751 Gens
262 1713 389 1762 dura,
424 1712 518 1752 vide
552 1712 624 1750 inf.
655 1712 723 1761 IX,
765 1714 847 1754 603

118 1792 175 1800 —
200 1773 294 1812 613.
342 1771 503 1822 Aspera
543 1771 683 1818 cultu,
748 1782 848 1820 quae

119 1828 246 1877 cultu,
276 1827 433 1877 habitu,
464 1828 547 1866 vita
572 1840 721 1878 aspera,
749 1828 845 1876 fera,

118 1886 263 1924 utitur.
322 1887 376 1924 Ut
396 1886 503 1938 apud
525 1885 738 1923 Horatium
759 1885 850 1935 feri

119 1945 250 1981 cultus
281 1943 488 1981 hominum
517 1951 713 1980 recentum
748 1942 846 1980 dicti

121 2006 236 2039 sunt:
266 2000 294 2050 I,
318 2004 382 2050 10,
403 2004 443 2042 2.
465 2000 535 2039 ubi
556 2001 604 2038 of.
628 1998 846 2038 Mitscherl.

179 2117 432 2157 731—737.
463 2114 592 2152 Huius
622 2113 673 2150 ad
700 2113 848 2151 inferos

121 2172 254 2210 aditus
269 2172 398 2224 prima
415 2172 562 2210 semina
579 2172 656 2209 iam
686 2170 751 2208 lib.
782 2170 846 2219 ΙΙΙ,

120 2229 201 2271 441
221 2243 304 2280 sqq.
325 2230 367 2268 in
396 2230 537 2268 Heleni
567 2227 758 2268 vaticinio
788 2227 847 2265 ie-

123 2293 253 2337 cerat3
291 2301 400 2325 nunc
433 2287 568 2339 paullo
596 2286 745 2324 maiore
772 2298 845 2322 ex-

120 2344 347 2398 pectatione
365 2345 526 2383 lectoris
555 2344 730 2382 animum
766 2342 848 2381 eri—

121 2403 190 2454 git.
248 2403 362 2440 Dicas
393 2404 516 2441 forte:
558 2401 654 2453 quid
685 2400 846 2438 tandem

122 2472 279 2499 necesse
298 2460 394 2509 fuit,
427 2466 474 2498 ut
501 2460 650 2498 Aeneas
677 2458 727 2496 ad
760 2458 848 2496 loca

123 2518 249 2556 infera
271 2548 281 2567 ‚
330 2524 376 2556 ut
416 2518 651 2557 conveniret
692 2522 847 2568 patrem

122 2582 359 2625 vocaretur,
393 2590 484 2614 cum
509 2582 625 2628 pater
654 2573 733 2612 hoc
761 2573 846 2624 ipso

123 2633 277 2671 somnio
300 2647 345 2671 30
367 2633 452 2672 viso
472 2645 634 2672 monere
658 2638 698 2670 et
722 2644 848 2683 expo-

123 2702 218 2727 nere
255 2690 330 2741 ipsi
369 2691 502 2729 omnia
533 2691 599 2729 illa
636 2689 676 2727 in
715 2689 846 2741 Elysio

124 2746 303 2784 docenda
341 2749 546 2799 potuisset.
622 2748 765 2785 Caussa
807 2746 848 2784 in

123 2810 288 2856 promtu
306 2810 380 2842 est:
412 2819 484 2843 nec
504 2806 546 2843 in
566 2805 652 2844 viso
678 2810 849 2842 noctur—

123 2875 177 2899 no
200 2868 283 2898 tam
307 2862 460 2913 amplus
488 2875 623 2900 rerum
654 2861 753 2900 ordo
781 2873 848 2899 re-

193 2929 400 2978 VIRGIL.
439 2930 576 2977 TOM.
614 2929 676 2977 II.

1363 1535 1433 1570 736
1466 1535 1634 1580 Nigran-

930 1582 999 1617 737
1028 1583 1082 1614 Tu
1106 1594 1143 1627 g.
1169 1581 1277 1614 Goth.
1302 1587 1382 1613 tert.

908 1716 970 1749 cte
983 1710 1129 1762 exponi
1148 1708 1363 1761 potuisset,
1395 1715 1436 1748 et
1459 1709 1633 1748 excidis-

906 1775 995 1807 sent
1014 1775 1101 1806 tum
1123 1768 1189 1805 illa
1223 1767 1377 1816 omnia,
1409 1767 1552 1818 quibus
1582 1768 1634 1806 li-

904 1826 976 1864 ber
1004 1826 1056 1864 VI
1084 1826 1132 1863 de
1171 1825 1362 1863 descensu
1402 1825 1454 1863 ad
1486 1826 1634 1864 inferos

903 1885 1011 1922 inter
1031 1883 1207 1935 potiores
1229 1888 1268 1919 et
1297 1882 1512 1920 diviniores
1541 1896 1634 1921 car-

905 1941 1021 1979 minis
1035 1946 1169 1992 partes
1186 1939 1322 1977 haberi
1338 1940 1497 1978 meruit.
1530 1938 1632 1992 (Nu-

904 2004 1086 2036 meratur
1123 1997 1165 2034 in
1204 1996 1386 2049 partibus
1431 1996 1632 2048 Odysseae

902 2055 1184 2107 insignioribus
1205 2055 1505 2106 νεκυομαντεία.
1549 2055 1631 2093 [am

903 2113 1109 2163 Virgilius,
1145 2111 1187 2149 in
1219 2111 1279 2148 sui
1319 2111 1450 2162 operis
1480 2110 1630 2149 descri-

903 2170 1040 2223 ptione
1085 2168 1304 2221 plurimum
1357 2181 1407 2206 ex
1453 2168 1628 2207 Homero

903 2227 1100 2279 pendens,
1140 2225 1249 2263 hunc
1277 2225 1432 2274 locum,
1479 2226 1531 2264 ad
1558 2240 1628 2264 or-

904 2285 1084 2323 nandum
1098 2296 1259 2321 carmen
1276 2283 1456 2334 inprimis
1476 2289 1627 2335 aptum,

904 2357 986 2380 non
1006 2342 1167 2395 putavit
1186 2341 1257 2378 sibi
1278 2341 1626 2392 praetereundum.

904 2400 1013 2438 Haec
1042 2398 1139 2437 mihi
1177 2398 1337 2449 quidem
1372 2411 1470 2436 vera
1506 2398 1627 2437 fuisse

903 2471 1022 2496 causa
1039 2456 1108 2506 rei,
1125 2469 1244 2507 quam
1263 2455 1419 2507 quaerit
1433 2455 1625 2508 Heynius‚

902 2516 1078 2555 videtur.
1113 2512 1230 2566 lVr.)
1300 2514 1486 2562 Averna,
1519 2515 1625 2552 sorte

906 2580 1068 2625 stagna,
1097 2572 1175 2610 iam
1203 2569 1351 2609 ibidem
1380 2570 1553 2609 vidimus
1585 2584 1623 2610 v.

906 2630 990 2674 442
1012 2644 1086 2682 pro
1114 2629 1205 2667 lacu
1229 2628 1412 2677 Averno3
1442 2634 1489 2666 ut
1520 2631 1624 2666 Tar-

906 2697 1016 2726 turus
1052 2694 1092 2725 et
1140 2689 1327 2725 Tartara.
1371 2686 1474 2724 conf.
1510 2687 1622 2724 Serv.

904 2746 1000 2788 735.
1031 2759 1069 2783 v.
1088 2744 1157 2783 inf.
1176 2744 1240 2792 VI,
1267 2743 1351 2785 243
1377 2755 1458 2793 seq.
1527 2744 1620 2783 737.

904 2816 945 2841 v.
1003 2802 1097 2840 ibid.
1162 2802 1244 2844 756
1297 2813 1387 2851 sqq.
1464 2800 1620 2836 moenia

902 2859 996 2898 ibid.
1029 2861 1125 2902 782.

1277 2922 1342 2969 52
