1779 3420
124 197 226 247 584
492 186 1096 239 EXCURSUS
1167 185 1284 232 XII

489 371 1079 433 EXCURSUS
1138 369 1281 427 XII

354 489 981 550 Neoptolemi
1060 484 1424 528 caedes.

247 613 313 663 III,
345 614 400 654 27
418 624 502 662 sqq.
535 610 651 657 Nos,
690 608 832 660 pair-ia
861 607 1049 653 incensa,
1093 605 1252 642 (livet-sa
1277 617 1352 654 per
1375 616 1552 655 aequora
1584 616 1652 639 re.-

132 671 376 711 ctae—Ast
394 670 576 708 illum—
591 667 747 704 Orestes
769 666 934 714 Excipi!
953 665 1160 700 incautum
1186 664 1424 713 palriasqne
1448 659 1654 697 obtruncat

133 731 192 770 ad
223 745 332 768 aras.
405 728 584 766 Primum
624 724 673 762 de
712 723 792 761 hoc
829 722 1022 759 monebo:
1062 718 1342 759 Andromache
1372 724 1539 769 sequuta
1571 722 1656 755 erat

133 795 337 839 tamquam
360 785 518 838 captiva
536 782 840 835 Neoptolemum
870 793 940 817 seu
963 778 1180 831 Pyrrhum:
1213 778 1326 816 cuius
1357 789 1513 814 errores
1545 775 1656 814 varie

134 846 275 886 traditi
304 851 419 893 sunt,
449 857 470 880 a
491 842 689 899 plerisque
707 840 786 888 ita,
819 844 865 877 ut
887 838 1078 876 maritimi
1106 843 1256 886 essent,
1287 836 1334 873 ab
1364 835 1449 872 aliis
1474 834 1656 872 terrestri

134 905 299 944 itinere:
342 902 420 941 hoc
466 902 636 938 alterum
672 903 866 949 sequutus
907 902 993 934 erat
1039 902 1181 934 auctor
1219 890 1390 935 Νόστων
1434 892 1657 931 seeundum

136 963 344 1003 Proclum:
397 957 684 1010 Νεοπτόλεμος
722 954 785 1005 δὲ,
830 953 994 1002 Θέτιδος
1023 951 1308 1006 ὑποθεμένης,
1351 954 1452 1007 πεζῇ
1484 955 1658 992 ποιεῖται

136 1019 212 1075 τήν
238 1019 429 1073 πορείαν,
468 1017 537 1057 καὶ
572 1012 898 1069 παραγενόμενος
935 1013 991 1061 εἰς
1025 1008 1194 1068 Θρᾴκην
1223 1007 1416 1051 Ὀδυσσέα
1455 1013 1658 1062 καταλαμ-

137 1075 254 1134 βάνει
274 1078 317 1118 ἐν
334 1079 387 1132 τῇ
409 1075 663 1129 Μαρωνείᾳ,
696 1072 763 1113 καὶ
781 1069 826 1113 τό
852 1069 999 1111 λοιπόν
1025 1067 1143 1111 α’νύει
1170 1072 1243 1122 τῆς
1271 1067 1393 1117 ὁδοῦ,
1426 1068 1490 1107 καὶ
1523 1072 1658 1108 τελευ-

137 1135 315 1190 τήσαντα
358 1135 534 1175 Φοίνικα
570 1130 743 1172 θάπτει·
806 1126 928 1178 αὐτός
959 1127 1002 1169 δὲ
1033 1129 1089 1177 εἰς
1123 1124 1372 1174 Μολοσσούς
1409 1121 1659 1178 ἐφικόμενος

139 1192 450 1251 ἄναγνωρίζεται
469 1194 610 1244 Πηλεῖ.
672 1190 817 1228 Noster
848 1193 967 1241 poeta
997 1187 1184 1239 Tragicos
1213 1199 1303 1224 cum
1331 1184 1504 1222 Pindaro
1540 1184 1586 1223 N.
1619 1188 1658 1233 7,

139 1254 194 1296 53
235 1266 291 1304 sq.
334 1256 529 1302 sequutus
569 1248 671 1287 mari
700 1248 864 1286 rediisse
894 1245 1098 1298 Pyrrhum
1136 1244 1344 1297 significat.
1404 1243 1549 1281 Porro:
1592 1243 1663 1294 qui

140 1312 280 1350 deinde
310 1317 500 1362 sequutus
538 1308 750 1345 Ledaeam
782 1308 1030 1343 ,Hermionen
1059 1303 1482 1353 Lacedaemoniosque
1522 1301 1662 1352 hyme-

140 1384 262 1408 naeos
279 1370 355 1406 Me
365 1367 583 1418 famulam
590 1366 761 1416 famulo
777 1365 935 1402 Heleno
964 1363 1184 1400 transmisit
1203 1360 1456 1398 habendam:
1499 1360 1545 1397 cf.
1576 1359 1662 1396 Ex-

142 1442 246 1467 curs.
284 1433 412 1464 antec.
441 1426 492 1463 X.
552 1424 629 1462 Ast
658 1424 775 1461 illum
794 1453 803 1471 ,
848 1429 1003 1472 ereptae
1032 1435 1184 1471 magno
1217 1420 1499 1470 &flammatus
1529 1430 1664 1455 amore

147 1487 341 1536 Coniugis
368 1492 404 1521 et
431 1483 623 1521 scelerum
651 1483 787 1520 Furiis
814 1482 1021 1532 agitaltes,
1074 1480 1228 1516 Orestes
1259 1478 1425 1528 Excipit
1455 1478 1665 1513 incautam

139 1546 378 1596 patriasque
398 1541 606 1579 obtruncat
625 1541 684 1578 acl
700 1554 810 1577 aras.
874 1538 995 1576 Poeta
1023 1549 1107 1575 rem
1138 1537 1192 1574 ita
1227 1535 1374 1583 tradit,
1406 1539 1453 1572 ut
1486 1533 1665 1586 Pyrrhus

143 1602 380 1642 Hermiones
404 1612 539 1637 amore
557 1605 698 1650 captus
724 1596 943 1635 fastiditam
968 1593 1278 1633 Andromachen
1308 1593 1460 1630 Heleno
1490 1597 1666 1644 nuptum

146 1660 324 1708 dederit,
371 1664 496 1709 utque
532 1662 670 1709 postea
708 1654 911 1708 Pyrrhum
949 1654 1132 1702 Orestes,
1174 1652 1237 1690 cui
1267 1651 1406 1688 eadem
1436 1650 1664 1699 Hermione,

144 1719 320 1759 Helenae
337 1718 556 1754 Lacaenae
580 1714 660 1752 filia
684 1714 900 1765 Ledaeque
926 1712 1024 1750 adeo
1047 1713 1200 1762 neptis,
1235 1710 1312 1748 iam
1346 1709 1437 1747 olim
1473 1707 1666 1760 promissa

146 1779 281 1817 suerat
303 1773 414 1827 (nota
431 1786 494 1812 res
515 1772 579 1811 vel
599 1785 649 1810 ex
674 1771 811 1810 Ovidii
838 1771 958 1822 Epist.
987 1768 1107 1822 VIII),
1135 1767 1406 1817 interemerit,
1452 1780 1530 1817 quo
1561 1767 1666 1805 facto

148 1849 240 1890 pars
257 1833 389 1885 Epiri,
426 1830 624 1880 Chaonia,
655 1829 807 1868 Heleno
838 1827 1039 1879 regnanda
1064 1827 1142 1865 fuit
1175 1826 1340 1864 tradita.
1381 1839 1420 1866 v.
1455 1824 1590 1877 Eurip.
1626 1825 1668 1862 in

148 1889 430 1933 Andromache
476 1895 516 1927 et
554 1888 596 1926 in
640 1888 793 1927 Oreste.
853 1887 930 1926 Alii
959 1886 1094 1935 aliter,
1133 1899 1225 1923 nam
1255 1883 1367 1923 varie
1395 1896 1458 1921 res
1492 1897 1512 1920 a
1542 1883 1668 1935 poetis

150 1956 334 1990 tractata.
365 1963 403 1987 v.
423 1948 536 1986 Pind.
555 1947 667 1985 Nem.
692 1950 731 1996 7,
753 1947 805 1988 50
829 1951 868 1983 et
885 1945 939 1982 ibi
959 1943 1091 1982 Schol.
1124 1944 1171 1981 cf.
1197 1945 1309 1981 Serv.
1332 1955 1417 1994 sup.
1441 1941 1491 1978 ad
1514 1955 1552 1979 v.
1573 1943 1669 1983 297.

150 2011 206 2049 De
227 2007 464 2047 Hermiones
484 2012 524 2043 et
546 2003 692 2057 Pyrrhi
715 2004 865 2055 nuptiis
893 2003 1043 2041 fundus
1073 2008 1132 2040 est
1163 2016 1224 2054 ap.
1257 2001 1421 2039 Homer.
1458 2000 1600 2051 Odyss.
1633 1999 1668 2047 δ,

152 2069 178 2111 5
197 2081 280 2119 sqq.
340 2065 418 2103 Sed
442 2063 639 2102 occiditur
658 2061 838 2115 Pyrrhus
859 2064 1023 2112 patrias
1056 2060 1113 2098 acl
1144 2074 1254 2098 αναε.
1317 2059 1436 2098 Varie
1464 2058 1544 2096 iam
1577 2057 1670 2095 olim

151 2127 391 2178 interpretes
412 2127 674 2174 acceperunt,
702 2135 740 2160 v.
773 2122 884 2158 Serv.
911 2125 950 2158 et
977 2120 1169 2170 Pompon.
1203 2117 1291 2156 Sab.
1352 2117 1394 2155 Si
1424 2130 1471 2153 ex
1503 2129 1579 2154 usu
1608 2115 1671 2153 lo-

153 2183 304 2236 quendi
332 2195 396 2221 res
428 2179 709 2230 diiudicanda,
750 2177 1036 2230 simplicissima
1067 2177 1170 2214 ratio
1202 2182 1281 2225 est,
1320 2181 1366 2213 ut
1391 2187 1598 2214 reversum
1629 2173 1671 2210 in

153 2242 327 2295 patriam
343 2239 566 2292 Pyrrhum,
597 2251 681 2276 rem
702 2251 855 2275 sacram
872 2236 1105 2285 facientem,
1145 2240 1238 2272 ante
1265 2247 1374 2272 aram
1401 2233 1561 2271 Orestes
1600 2245 1672 2269 oc-

156 2299 311 2339 ciderit.
370 2297 538 2336 Phthiae
564 2296 687 2348 igitur
708 2296 860 2333 factum
889 2294 930 2332 id
970 2299 1088 2346 poeta
1116 2293 1253 2346 ponit,
1294 2292 1334 2330 in
1371 2305 1449 2343 quo
1477 2290 1673 2328 hactenus

156 2356 388 2408 Euripidem
420 2355 613 2394 Androm.
640 2353 748 2397 1243
785 2367 868 2404 sqq.
900 2352 1104 2403 sequitur,
1142 2357 1190 2389 ut
1220 2356 1312 2402 post
1342 2349 1502 2387 caedem
1528 2346 1674 2400 Pyrrhi

157 2412 438 2455 Andromache
458 2427 549 2451 cum
569 2412 721 2450 Heleno
739 2413 781 2449 in
801 2411 965 2463 Epirum
983 2409 1141 2447 dimissa
1161 2409 1295 2446 tuerit.
1354 2408 1411 2446 Eo
1444 2407 1562 2444 etiam
1593 2404 1674 2442 du—

159 2486 247 2512 cere
277 2472 471 2510 videntur
501 2485 570 2510 vv.
599 2473 693 2512 333.
728 2468 811 2510 334
842 2470 969 2507 Morte
999 2468 1342 2518 Neoptolemi—.
1402 2463 1584 2515 Vulgaris
1610 2468 1674 2499 ta-

161 2544 253 2570 men
274 2529 451 2568 narratio
482 2526 644 2580 Delphis
675 2527 848 2564 occisum
880 2524 1082 2577 Pyrrhum
1111 2523 1256 2573 tradit,
1286 2522 1393 2560 hanc
1423 2522 1453 2559 si
1482 2521 1675 2572 adoptare

161 2600 318 2629 necesse
339 2587 413 2636 sit,
444 2599 587 2637 sequar
620 2584 726 2623 illam
760 2584 976 2632 rationem,
1018 2595 1118 2633 quae
1145 2582 1251 2619 inter
1278 2581 1370 2618 alias
1398 2580 1438 2618 in
1472 2578 1676 2617 Servianis

162 2647 300 2685 allatas
319 2644 516 2693 occurrit,
547 2650 596 2682 ut
622 2641 783 2693 Delphis
809 2655 919 2679 aram
950 2640 1056 2692 patri
1088 2638 1347 2677 constituerit
1379 2637 1582 2690 Pyrrhus,
1625 2635 1677 2673 ad

164 2719 284 2757 quam
306 2717 417 2740 sacra
440 2702 610 2739 faceret:
641 2700 775 2749 Neque
794 2699 836 2736 id
855 2699 938 2736 sine
967 2698 1147 2749 exemplo
1175 2698 1346 2745 factum,
1389 2709 1438 2733 ex
1469 2694 1676 2743 Pausania,

164 2763 234 2803 ubi
266 2761 315 2799 de
346 2759 508 2812 Delphis
543 2759 641 2810 agit,
685 2756 879 2795 declarari
910 2755 1024 2794 facile
1057 2755 1199 2807 possit,
1244 2755 1306 2794 uti
1332 2760 1468 2806 postea
1497 2752 1678 2805 Pyrrhus

165 2822 248 2874 ipse
268 2818 464 2858 fuitinter
492 2816 632 2855 heroes
660 2814 820 2867 Delphis
849 2814 990 2852 sacello
1023 2814 1262 2863 celebratos,
1302 2811 1412 2864 quod
1444 2825 1463 2850 e
1504 2811 1677 2850 Pindaro

168 2883 338 2918 constat.
396 2876 515 2924 Nam,
546 2888 641 2912 aras
660 2875 818 2924 patrias
835 2886 909 2924 pro
938 2885 1005 2909 ara
1027 2871 1219 2924 Apollinis
1249 2866 1439 2926 πατρῴου
1470 2870 1568 2919 dici,
1601 2869 1680 2907 du-

167 2951 260 2977 rum
280 2939 391 2974 esset.
451 2932 529 2972 Sed
549 2933 649 2971 sorte
669 2937 785 2983 poeta
805 2931 845 2969 in
866 2935 952 2968 toto
970 2929 1047 2968 hoc
1071 2930 1159 2968 loco
1180 2935 1339 2983 poetam
1367 2928 1538 2980 aliquem
1573 2926 1681 2966 anti-
