1779 3420
62 209 165 257 394
483 200 1188 252 EXCURSUSI

63 333 262 372 trahenda
279 346 361 371 esse
386 332 572 384 videtur,
605 338 652 370 ut
680 345 754 369 nec
776 329 985 369 Phormios
1014 324 1143 370 Ἰλίου
1173 325 1403 382 πόρθησιςς
1438 334 1480 367 at
1515 329 1586 367 Ti-

61 392 215 432 mothei
233 390 379 445 πέρσαι
399 388 427 444 ἢ
456 386 671 438 Ναύπλιος
691 390 764 441 leg.
787 386 937 438 πυρσοὶ
964 387 1030 425 vel
1058 384 1210 439 πυρσά.
1273 386 1482 439 Sophoclis
1511 401 1586 425 au-

61 457 144 488 tem
164 446 290 490 Ἰλίου
313 446 462 497 ἅλωσις
490 462 656 500 pr01sus
686 445 957 485 commentitia
985 452 1066 496 est,
1096 459 1223 498 piava
1250 452 1337 483 erat
1366 446 1585 484 verborum

60 508 346 560 interpretatio
384 507 492 559 apud
535 507 666 544 St1·.ab
706 504 819 552 Xlll,
857 518 895 555 p.
926 506 1029 545 608:
1068 507 1290 556 Σοφοκλῆς
1319 506 1424 558 γοῦν
1455 503 1498 544 ἐν
1533 506 1587 560 τῆ

62 562 213 607 ἄλωσει
232 569 303 607 τοῦ
326 561 453 605 Ἰλίου
479 563 718 632 παρδαλέαν
735 579 792 614 φη
784 561 838 614 ]σὶ
861 559 939 614 πρὸ
970 577 1044 613 της
1076 559 1211 614 θυρας
1238 565 1312 602 τοῦ
1342 546 1585 614 Ἀντήνορος

61 627 317 678 προτεθῆναι
349 619 556 675 συμβολον
588 638 659 661 του
693 617 932 673 α’πὸρθητον
963 619 1141 671 ἕαθῆυαι
1167 636 1241 672 την
1273 620 1423 660 οἰκίαν.
1485 620 1583 657 Nam

60 688 260 721 memorat
278 682 343 719 ille
358 695 466 730 rem,
498 693 598 731 quae
615 680 720 717 inter
739 677 1078 730 expugnationem
1101 678 1159 715 Ilii
1183 678 1358 716 evenisse
1379 691 1475 716 narr
1479 684 1583 715 atur.

60 740 260 779 Meliora
250 754 330 778 lam
357 740 478 777 allata
506 744 602 776 sunt
636 738 676 775 in
707 738 891 775 Excursu
922 735 971 773 de
999 736 1205 774 Antenore
1234 749 1322 787 sup
1357 736 1451 773 Exc
1482 735 1585 774 VIL*

62 799 115 837 ad
137 799 204 837 lib.
233 798 260 836 I.
295 811 378 836 non
411 796 612 847 iungenda
642 808 723 832 esse
752 797 974 846 Σοφοκλῆς
1006 794 1049 834 ἐν
1076 797 1128 850 τῇ
1157 790 1303 834 ἁλώσει
1332 796 1408 834 τοῦ
1442 789 1582 841 Ἰλίου,

61 857 131 895 sed
152 859 372 908 Σοφοκλῆς
391 868 512 906 φησι,
544 861 633 892 tum
655 868 745 891 cum
768 853 886 891 Ilium
913 859 1148 904 caperetur,
1185 852 1397 890 Antenoris
1428 851 1584 890 foribus

60 915 205 967 pellem
229 914 393 951 aflixam
414 913 544 950 fuisse.
605 913 682 949 Res
702 912 786 963 ipsa
809 912 927 948 etiam
952 911 1059 963 apud
1082 912 1250 948 Pausan.
1276 912 1327 958 X,
1353 914 1407 951 27
1436 910 1477 948 in
1505 910 1584 947 Po-

60 975 127 1025 130
108 973 216 1011 onoti
234 972 373 1009 tabula
399 971 589 1009 oecuriit.
642 970 830 1022 Exposita
855 983 899 1006 ea
922 983 1005 1007 esse
1032 969 1165 1022 potuit
1195 970 1235 1006 in
1268 968 1402 1006 sabula
1423 967 1584 1020 Sopho—

61 1032 145 1069 clea
165 1027 463 1082 Ἀντηνορίδαι,
496 1029 640 1081 passim
661 1043 681 1066 a
703 1028 909 1066 veteribus
939 1028 1124 1076 laudata,
1156 1040 1256 1078 quae
1279 1026 1331 1064 ad
1366 1040 1451 1064 eam
1484 1040 1584 1064 nar-

60 1089 260 1128 rationem
300 1088 485 1126 instituta
525 1087 644 1125 fuisse
676 1086 860 1135 videtur,
910 1100 1030 1137 quam
1060 1086 1197 1137 Dictys
1228 1086 1416 1136 exposuit
1449 1085 1514 1123 lib.
1550 1084 1583 1123 V

60 1154 182 1195 extu,
215 1160 306 1184 cum
331 1145 527 1183 Antenori
549 1159 715 1196 regnum
738 1145 958 1183 Troianum
980 1158 1030 1182 ex
1050 1150 1169 1196 pacto
1201 1157 1293 1182 cuni
1322 1144 1482 1182 Graecis
1513 1156 1583 1180 re—

59 1206 198 1244 lictum
222 1206 270 1242 ab
292 1204 423 1242 Aenea
443 1204 594 1241 frustra
612 1210 808 1242 tentatur.

175 1263 254 1300 Sed
273 1263 351 1300 iam
370 1262 526 1299 dudum
548 1276 710 1313 possum
729 1262 859 1300 videri
887 1260 920 1298 si
953 1274 1034 1298 non
1062 1260 1195 1307 inani,
1234 1259 1363 1297 aliena
1389 1266 1526 1297 tamen
1560 1274 1581 1297 a

56 1327 197 1375 poeta,
230 1335 350 1374 opera
369 1321 583 1358 defunctus
603 1333 684 1357 esse
698 1351 707 1369 ,
730 1319 926 1371 siquidem
948 1318 1264 1356 luculentissimo
1288 1318 1479 1356 Macrobii
1500 1320 1582 1356 Sat.

59 1381 105 1430 V,
129 1383 154 1421 2
176 1380 263 1418 loco
286 1379 378 1417 satis
398 1380 475 1416 iam
496 1379 727 1430 expositum
747 1386 826 1426 est,
859 1391 977 1429 quem
998 1376 1188 1428 Virgilius
1208 1377 1247 1413 in
1277 1376 1354 1414 hoc
1375 1377 1478 1414 libro
1509 1376 1581 1413 sibi

57 1439 309 1491 propositum
340 1437 545 1475 habuerit:
587 1437 678 1485 „vel
707 1437 818 1487 quod
847 1436 1096 1474 eversionem
1131 1435 1276 1472 Troiae
1310 1449 1399 1472 cum
1433 1435 1581 1472 Sinone

56 1511 156 1547 „suo
188 1503 226 1534 et
254 1510 356 1547 equo
382 1496 510 1547 ligneo
541 1495 762 1546 ceterisque
791 1494 998 1543 omnibus,
1047 1507 1149 1544 quae
1180 1494 1327 1530 librum
1359 1493 1581 1531 secundum

57 1556 261 1604 ‚,faciunt,
294 1568 316 1591 a
334 1555 540 1591 Pisandro
569 1566 693 1604 paene
720 1553 770 1590 ad
802 1553 972 1591 verbum
1000 1551 1350 1602 transscripserit?
1383 1551 1452 1601 qui
1474 1551 1581 1588 inter

57 1614 258 1663 „Graecos
277 1618 416 1664 poetas
443 1613 590 1649 eminet
622 1624 760 1662 opere,
800 1611 934 1661 quod,
975 1624 997 1646 a
1025 1610 1177 1661 nuptiis
1208 1609 1313 1647 lovis
1346 1615 1385 1646 et
1415 1610 1580 1647 Iunonis

57 1671 297 1722 „incipiens,
326 1670 534 1708 universas
554 1669 764 1717 historias,
797 1683 898 1719 quae
926 1668 1068 1705 mediis
1097 1667 1283 1705 omnibus
1311 1668 1477 1704 saeculis
1510 1680 1579 1703 us—

57 1743 161 1780 „que
180 1729 231 1766 ad
250 1734 420 1765 aetatem
442 1728 565 1780 ipsius
588 1727 770 1764 Pisandri
795 1727 1072 1776 contigerunt,
1104 1726 1145 1762 in
1179 1739 1297 1763 unam
1320 1725 1460 1762 seriem
1483 1738 1578 1762 coa-

58 1794 169 1836 „ctas
186 1787 385 1837 redegerit
405 1793 444 1823 et
467 1799 594 1823 unum
624 1798 673 1822 ex
697 1785 863 1823 diversis
885 1784 1062 1822 hiatibus
1084 1782 1140 1835 (ll.
1162 1796 1193 1821 e.
1217 1783 1463 1832 intervallis,
1499 1783 1579 1820 noli

57 1851 260 1896 „tentare‚
299 1843 514 1898 tractibus)
560 1850 787 1894 temporum
831 1856 977 1894 corpus
1017 1841 1201 1880 ell'ecerit.
1266 1841 1308 1878 [n
1350 1855 1430 1892 quo
1460 1854 1580 1892 opere

56 1904 190 1954 „inter
211 1903 393 1941 historias
414 1909 565 1940 ceteras
583 1902 771 1939 interitus
791 1914 949 1951 quoque
971 1901 1113 1938 Troiae
1134 1902 1176 1937 in
1197 1898 1305 1937 hunc
1324 1900 1488 1937 modum
1509 1913 1578 1936 re-

57 1963 188 2011 „latus
213 1968 284 1999 est.
344 1962 458 2009 Quae
479 1960 652 1998 fideliter
677 1960 790 1997 Maro
821 1958 1130 2011 interpretando
1156 1958 1376 1995 fabricatus
1409 1964 1468 1995 est
1506 1959 1579 1995 sibi

56 2021 225 2070 „Iliacae
246 2019 357 2058 urbis
378 2019 549 2056 ruinam.
610 2018 689 2054 Sed
714 2024 754 2054 et
774 2017 872 2054 llaec
895 2024 935 2054 et
955 2018 1049 2054 talia
1076 2014 1235 2068 (nempe
1270 2016 1434 2053 omnino
1468 2017 1578 2066 quod

56 2079 271 2130 „Virgilius
294 2078 466 2115 Graecos
498 2082 636 2129 poetas
662 2076 842 2113 imitatus
870 2074 938 2128 sit)
968 2080 1015 2113 ut
1044 2075 1181 2126 pueris
1209 2074 1424 2111 decantata
1457 2088 1578 2125 prae-

55 2140 232 2186 „tereo.“
291 2136 496 2174 Praeclara
520 2134 721 2182 narratio,
755 2140 793 2172 et
822 2134 963 2184 inqua
994 2134 1137 2171 vellem
1176 2133 1425 2183 acquiescere
1451 2146 1577 2184 posse.

54 2196 133 2234 Sed
172 2194 428 2246 dispiciamus
467 2207 553 2230 eam
589 2192 836 2240 accuratius,
877 2199 916 2229 et
951 2192 1128 2243 primum
1161 2190 1324 2241 quidem
1361 2191 1578 2235 videamus,

54 2254 237 2305 quisnam
260 2253 326 2290 ille
347 2253 571 2299 Pisander,
609 2258 649 2288 et
669 2251 784 2301 quale
804 2249 881 2287 hoc
899 2250 982 2287 eius
1006 2264 1106 2301 opus
1126 2250 1263 2289 fuerit.

169 2313 323 2349 Nomen
364 2310 461 2348 illud
495 2323 565 2361 per
600 2309 680 2347 duo
714 2309 889 2346 maxime
922 2308 1112 2345 inclaruit
1148 2313 1299 2358 poetas.
1359 2306 1472 2344 Alter
1504 2307 1579 2344 fuit

54 2370 200 2418 serior,
232 2372 314 2409 τῶν
340 2367 550 2421 Ἡρωϊκών
575 2370 812 2419 θεογαμιών
845 2372 1012 2413 auctor,
1054 2366 1102 2403 de
1140 2379 1219 2415 quo
1253 2371 1391 2417 postea
1425 2365 1578 2413 dicam3

55 2429 155 2465 alter
188 2427 376 2478 antiquus
404 2433 521 2476 poeta
557 2426 770 2473 pisander,
817 2425 887 2474 qui
919 2424 1022 2461 circa
1054 2423 1233 2461 XXXIII
1267 2423 1427 2473 Olymp.
1458 2422 1576 2469 vixit,

54 2499 297 2536 quamquam
321 2484 386 2521 alii
409 2483 582 2521 Hesiodo
614 2483 882 2533 antiquiorem
914 2488 953 2519 et
981 2482 1180 2531 Eumolpo
1209 2481 1414 2530 aequalem
1446 2480 1576 2517 tradi—

54 2543 226 2591 derunt,
258 2542 417 2580 Camiro
442 2541 571 2578 Rhodi
598 2540 817 2586 oriundus,
850 2540 1076 2576 ,Herm-leae
1102 2539 1196 2576 libb.
1220 2538 1253 2574 Il
1282 2545 1446 2586 auctor,
1479 2538 1518 2576 Ιι.
1541 2551 1572 2575 e.

53 2602 238 2639 carminis
261 2601 309 2637 de
340 2600 458 2637 rebus
492 2599 540 2635 ab
574 2598 745 2635 Hercule
773 2598 912 2647 gestis,
954 2597 1069 2633 cuius
1100 2611 1180 2633 non
1211 2596 1441 2646 infrequens
1474 2596 1577 2633 inter

53 2659 345 2697 Grammaticos
372 2657 535 2695 mentio.
597 2656 747 2693 Diserte
782 2655 831 2692 de
863 2669 908 2692 eo
936 2669 970 2701 af
962 2654 1016 2699 rit
1044 2654 1200 2691 Suidas.
1248 2654 1295 2691 cl.
1326 2655 1489 2692 Kuster.
1525 2655 1573 2691 ad

52 2731 83 2756 e.
104 2717 295 2756 l.Meu1⁸.s
315 2717 355 2753 in
381 2714 523 2752 Rhodo
548 2714 595 2761 II,
621 2717 684 2753 11.
717 2716 873 2750 Staver.
895 2719 934 2749 et
958 2713 1164 2749 Muncker.
1179 2711 1230 2748 ad
1251 2712 1393 2763 llyrin.
1417 2711 1575 2750 Ast1·.on

51 2775 116 2818 24.
149 2776 369 2813 Burmann
392 2775 476 2810 Sec
506 2771 556 2808 ad
581 2771 705 2808 Vales.
730 2771 891 2808 Emend.
923 2771 986 2817 lv,
1023 2769 1087 2818 14,
1117 2769 1185 2820 qui
1221 2769 1404 2808 Pisand1i
1430 2784 1575 2808 nomen

52 2834 256 2885 praec-laxe
302 2831 496 2869 adversus
543 2829 804 2866 substitutum
839 2800 1063 2879 'l'erpaiidri
1103 2834 1267 2875 tuetur,
1308 2835 1348 2866 et
1378 2829 1576 2881 Koppiers

51 2893 163 2930 (jbss
190 2906 225 2943 p
249 2893 343 2932 110
412 2887 592 2926 Tertium
622 2887 784 2937 quidem
812 2887 983 2937 aliquem
1015 2886 1253 2923 Pisandrum
1289 2894 1449 2939 poetam
1482 2887 1577 2925 facit

52 2951 178 2989 Vales.
207 2949 257 2987 ad
278 2945 451 2999 Hesych
481 2946 522 2983 in
561 2948 675 2993 Νοῦς
707 2960 756 2985 ου
784 2961 894 2998 παρα
930 2939 1197 2997 Κενταύροις,
1230 2950 1268 2981 et
1302 2960 1393 2984 cum
1426 2959 1471 2984 eo
1499 2945 1575 2983 alii.
