1827 3436
349 206 770 258 AENEIDOS
808 206 1023 263 Llss.1‚
1062 208 1355 258 551—566

1523 215 1616 261 175

105 337 323 387 Talibus
345 334 608 392 Ilioneusg
649 331 821 380 cuncti
844 330 1001 379 simul
1024 347 1117 379 ore
1143 329 1446 381 fremebant

99 403 453 457 Dardanidae.

1520 407 1619 454 560

174 479 314 524 Tum
345 473 582 522 breviter
611 470 768 529 Dido,
818 469 1026 517 voltum
1060 468 1313 526 demissa„
1360 470 1621 535 profatur:

105 545 302 594 Solvite
327 542 490 591 corde
517 550 749 599 metum,
784 539 1000 596 Teucri,
1039 539 1298 589 secludite
1325 557 1485 590 curas.

124 618 207 665 ’ies
233 613 364 663 dura
387 622 439 661 et
459 611 606 675 regni
629 612 834 659 novitas
855 626 944 657 me
972 608 1090 658 talia
1111 619 1308 673 cogunt

103 684 305 746 Moliri,
358 692 410 731 et
431 681 531 730 late
555 680 675 728 finis
699 678 921 729 custode
948 680 1097 728 tueri.

108 755 237 816 Quis
277 769 445 817 genus
489 750 827 813 Aeneadum,

892 749 1009 815 quis
1061 750 1253 798 Troiae
1300 750 1496 798 nesciat
1536 768 1623 798 ur-

893 819 1036 880 hem,
1523 823 1624 872 565

105 894 448 958 Virtutesque
474 892 740 958 virosque,
782 898 870 938 aut
892 889 1023 937 tanti
1049 888 1294 940 incendia
1322 887 1449 938 belli
1466 894 1488 939 ?

175 992 291 1039 560.
332 988 597 1035 ILIONEUS.
649 985 703 1033 C.

201 1128 269 1163 559
296 1128 437 1160 cunctis
454 1126 582 1160 Medic.
604 1139 622 1159 a
644 1138 697 1170 pr.
716 1137 759 1157 m.
780 1137 798 1157 e
819 1131 987 1169 sequente
1005 1124 1136 1157 littera.

847 987 962 1036 563.
1000 996 1158 1044 DURA,

1186 1124 1254 1166 (—
1281 1122 1360 1156 560.
1386 1121 1627 1154 Dardanidae

107 1175 209 1207 Hafn.
231 1176 291 1207 Vl.
315 1175 350 1206 in
372 1174 495 1206 ordine
519 1174 695 1213 omissum,
723 1172 783 1204 sed
804 1171 1017 1216 adscriptum
1040 1171 1074 1203 in
1094 1170 1260 1214 margine.
1290 1168 1385 1211 Jl‘r.)
1449 1169 1515 1203 561
1540 1168 1625 1200 rul—

108 1231 146 1254 tu
171 1222 261 1254 alter
279 1222 423 1254 Mentel.
475 1222 624 1253 dimissa
650 1228 723 1252 tres
745 1221 857 1252 Burni.

109 1271 199 1301 l'orte
220 1281 294 1301 cnm
327 1268 417 1301 aliis.
444 1281 474 1300 v.
506 1270 619 1300 Bul-m.
659 1267 752 1311 qnod
783 1265 958 1309 vulgarius
991 1272 1094 1297 esset.

952 1219 1022 1253 562
1047 1218 1189 1251 Solvite
1219 1217 1331 1249 corda
1353 1224 1449 1248 meta
1466 1215 1624 1247 Parthus.

1153 1264 1262 1297 corde
1289 1271 1384 1295 metu
1415 1274 1470 1294 un.
1496 1263 1625 1294 Mol-et.

106 1316 233 1362 pellice
260 1317 370 1349 eorde
398 1324 528 1347 mettun
563 1315 677 1358 Bigot.
725 1313 795 1346 Sed
822 1313 965 1346 solvere
997 1320 1127 1344 metam
1158 1310 1348 1354 exquisite3
1392 1316 1429 1340 ut
1454 1320 1529 1352 sup.
1557 1308 1626 1343 463

108 1376 137 1395 s.
158 1376 186 1395 c.
208 1371 325 1395 metus
344 1362 471 1406 plurali
493 1374 646 1401 numero,
673 1359 806 1404 antiqui
827 1359 985 1403 plerique
1007 1359 1109 1392 codd.
1127 1364 1220 1390 teste
1240 1356 1374 1395 Pieri03
1413 1362 1448 1388 et
1467 1355 1536 1388 hoc
1557 1356 1627 1387 do-

109 1409 208 1442 ctius.
238 1412 287 1452 (at
306 1409 375 1441 vid.
413 1411 454 1449 Q.
482 1410 525 1441 V.
557 1410 665 1449 VIIII,
691 1409 725 1447 3,
751 1408 814 1439 XI.
866 1408 908 1438 Et
939 1415 1070 1438 metum
1092 1405 1200 1437 habet
1222 1403 1347 1436 Medic.
1377 1415 1452 1435 cum
1471 1401 1627 1446 reliquis,

109 1464 146 1488 ut
173 1457 331 1497 videtur,
362 1456 499 1488 Heinsii
529 1468 621 1495 mss„
656 1462 729 1487 tum
750 1453 846 1498 LiPS.
878 1460 990 1497 uterq.
1030 1452 1126 1494 IVr.)
1185 1451 1348 1483 seducite
1376 1462 1486 1482 curas
1513 1448 1627 1492 Bigot.

108 1504 179 1538 563
206 1502 311 1535 Malit
344 1504 557 1535 Burmannus
588 1515 665 1535 cnm
698 1501 777 1533 edd.
800 1500 1004 1544 quibusdam
1024 1498 1175 1542 antiquis
1203 1496 1417 1540 distinguere
1436 1502 1471 1527 et
1491 1495 1626 1540 legere:

109 1553 185 1583 Res
211 1551 327 1583 dura:
354 1558 394 1582 αι
414 1551 540 1596 regui,
581 1550 614 1582 h.
639 1561 668 1581 e.
690 1548 813 1580 durum
841 1547 980 1591 quidem
1009 1554 1084 1587 est,
1107 1547 1244 1583 fateor;
1276 1544 1338 1576 sed
1364 1563 1407 1568 —
1432 1543 1628 1583 Enimvero,

109 1596 194 1629 ferri
223 1596 364 1640 quidem
393 1603 533 1641 potest,
568 1596 702 1635 fateor-3
737 1595 799 1627 sed
827 1593 966 1626 doctior
996 1600 1049 1625 est
1073 1592 1213 1636 vulgata
1239 1590 1356 1623 lectio.
1397 1602 1427 1622 v.
1449 1596 1522 1622 not.
1572 1600 1631 1621 res

110 1645 194 1676 dira
225 1644 333 1676 Goth.
365 1656 433 1675 sec.

111 1738 181 1770 scit
205 1746 241 1769 et
261 1736 384 1770 urbem
405 1738 460 1770 ed.
482 1738 609 1770 Venet.

529 1643 600 1678 564
615 1644 713 1686 finis
743 1654 784 1673 ex
814 1640 939 1673 Medic.

111 1692 231 1723 teneri
250 1702 318 1723 sec.
340 1691 465 1723 Hamb.
487 1697 523 1722 et
553 1702 571 1722 a
596 1702 649 1735 pr.
673 1702 717 1721 m.
739 1688 829 1721 alter
859 1687 1028 1720 Rottend.

998 1640 1075 1673 lato
1105 1640 1160 1671 ed.
1190 1640 1278 1671 Ven.
1329 1635 1430 1682 sorti
1456 1649 1484 1669 c.
1514 1636 1629 1679 Bigot.

1124 1687 1192 1720 565
1226 1686 1372 1717 Troiam
1391 1684 1516 1716 Graev.
1562 1695 1629 1715 ne-

693 1737 761 1770 566
786 1743 894 1767 tanta
912 1734 947 1765 in
966 1734 1082 1777 vulgg.
1104 1733 1183 1765 edd.
1205 1738 1286 1765 ante
1304 1730 1425 1764 Heius.
1473 1743 1516 1763 ac
1536 1730 1633 1762 tanti

112 1785 181 1816 dno
200 1786 313 1817 Burm.
363 1792 400 1817 et
420 1793 444 1816 t.
469 1784 524 1816 ed.
551 1785 639 1816 Dan.
662 1790 697 1816 et
717 1783 806 1816 aliae
829 1781 896 1815 iam
916 1788 997 1813 ante
1016 1779 1178 1813 Pierium.

170 1890 266 1932 559.
299 1891 499 1927 anttus
530 1888 571 1928 h.
601 1889 625 1927 l.
656 1902 703 1926 ac
730 1902 845 1926 mur-

113 1961 203 1986 mur
233 1947 445 1986 adsensum
475 1947 684 1985 commotis
710 1946 845 1984 homi-

114 2019 211 2044 num
232 2006 372 2043 animis
393 2006 557 2044 indicat.
619 2004 847 2056 Simplicius

113 2064 400 2102 Homericum:
450 2059 584 2103 ''Eve'
621 2061 736 2103 ἄλλοι
775 2061 847 2114 μὲν

114 2118 265 2169 πάντες
289 2117 587 2173 ἐπευφήμησαν
613 2117 774 2172 Ἀχαιοί.

173 2180 269 2220 561.
309 2180 438 2217 Ῑῖιίίιι
464 2180 632 2217 demisso
655 2185 695 2217 ct
717 2178 847 2215 brevi—

115 2246 172 2275 ter
201 2238 312 2275 satur
340 2237 452 2275 Dido.
522 2237 638 2275 Adde
668 2236 767 2275 haec
797 2234 848 2273 ad

116 2297 200 2337 496
228 2308 312 2346 sqq.
353 2301 392 2332 et
423 2295 614 2344 observa,
647 2308 726 2345 qua
760 2300 848 2332 arte

115 2358 233 2405 poeta
276 2352 587 2404 descriptionem
622 2353 768 2400 faciat;
809 2358 847 2388 et

116 2410 209 2449 vide
232 2411 331 2462 quid
355 2410 489 2448 adhuc
510 2411 624 2460 desit,
648 2417 696 2449 ut
719 2410 846 2448 Dido—

116 2481 208 2506 nem
247 2468 364 2506 unice
404 2469 538 2507 studio
578 2476 650 2507 tuo
687 2469 846 2520 dignam

116 2525 275 2565 habeas.
335 2527 418 2564 Iam
458 2527 500 2564 in
542 2528 626 2579 ipsa
668 2527 849 2565 oratione

118 2584 252 2635 pudor
276 2598 367 2622 cum
394 2584 601 2636 dignitate,
632 2585 849 2636 prudentia

119 2656 211 2680 cum
235 2655 389 2681 summa
405 2642 660 2682 humanitate
674 2643 850 2682 maxime

119 2701 361 2739 elucescunt.

178 2758 273 2800 562.
308 2760 404 2800 563.
464 2759 664 2795 Seclmlite
703 2772 848 2795 curas:

120 2815 354 2865 exquisitius
384 2829 504 2866 quam
527 2816 754 2864 excludere,
780 2816 852 2853 eii—

121 2885 231 2921 cere,
272 2873 493 2925 deponere,
542 2873 851 2912 sollicitudinem

121 2944 167 2968 ac
185 2937 352 2970 metum.
384 2932 432 2970 cf.
461 2934 574 2970 Serv.
625 2934 707 2969 Res
726 2932 848 2980 dara,

904 1886 1014 1937 quod
1047 1885 1187 1936 vulgo:
1238 1897 1299 1921 res
1342 1883 1486 1932 durae,
1528 1883 1630 1920 dura

904 1958 1042 1983 rerum
1071 1941 1272 1990 conditio,
1305 1954 1404 1992 quae
1432 1940 1534 1992 cogit
1557 1940 1631 1978 ali-

906 2002 1004 2053 quid
1031 2002 1095 2040 vel
1124 2000 1273 2038 invitos
1297 2001 1425 2037 facere
1451 1997 1631 2051 (moliri).

908 2060 1010 2113 (Liv.
1049 2058 1244 2097 XXXIIH
1266 2088 1275 2105 ,
1314 2060 1383 2099 5.:
1436 2079 1527 2105 ‚‚—-
1561 2070 1632 2094 ro-

903 2125 1085 2169 gassent,
1116 2122 1163 2155 ut
1192 2116 1315 2166 legem
1350 2115 1390 2152 in
1433 2128 1472 2152 se
1513 2115 1632 2151 latrm

906 2190 976 2228 per
997 2176 1160 2223 bellum,
1191 2173 1439 2225 temporibus
1470 2171 1632 2218 duris,

904 2235 946 2273 in
968 2247 1065 2285 pace
1094 2239 1133 2270 et
1159 2232 1329 2270 florente
1356 2245 1401 2269 ac
1431 2230 1546 2267 beata
1566 2241 1633 2267 re-

905 2293 1066 2344 publica
1090 2290 1373 2341 abrogaretis.“
1392 2286 1503 2339 lVr.)
1536 2287 1633 2325 Mox

906 2360 1036 2388 σιω-ωδ·
1085 2363 1159 2400 pro
1209 2347 1305 2386 viris
1359 2346 1401 2384 in
1453 2344 1633 2383 custodia

906 2409 1047 2447 finium
1070 2413 1109 2444 et
1133 2404 1329 2458 praesidio
1351 2404 1501 2442 locatis.

966 2467 1062 2508 566.
1094 2464 1223 2502 Possis
1252 2476 1344 2500 sane
1372 2475 1443 2514 per
1475 2463 1635 2499 virtutes

907 2528 1081 2562 virorum
1101 2534 1316 2573 exponere.
1375 2519 1453 2558 Sed
1475 2517 1635 2571 proprie

908 2590 1043 2621 tamen
1102 2587 1321 2629 utrumque
1377 2578 1459 2616 vim
1518 2576 1637 2613 habet

908 2654 1041 2688 suam3
1072 2652 1145 2676 nec
1167 2637 1385 2689 amplectar
1402 2634 1517 2672 facile
1534 2633 1636 2671 ieiu-

911 2713 1003 2737 nam
1038 2696 1207 2748 figuram
1240 2693 1522 2744 hendiadyein.
1554 2692 1634 2729 rir-

911 2765 1022 2803 llcles,
1042 2769 1105 2793 res
1124 2754 1365 2805 praeclarae,
1387 2750 1546 2789 sortiter
1567 2760 1635 2798 ge-

911 2821 1014 2862 stae,
1046 2820 1094 2851 ut
1121 2808 1258 2864 οὲρεταὶ
1286 2824 1324 2849 v.
1347 2824 1378 2847 e.
1413 2807 1521 2860 apud
1540 2806 1635 2844 Pin-

912 2873 1068 2912 darum.
1102 2868 1231 2923 (prior
1259 2874 1393 2906 tamen
1421 2865 1525 2903 ratio
1549 2876 1634 2901 ma-

909 2931 966 2983 gis
999 2929 1156 2982 poetica
1188 2933 1229 2967 et
1262 2924 1424 2977 Virgilio
1456 2919 1635 2974 inprimis
