1779 3420
54 206 157 253 972
381 195 834 248 P.V1RG1L11
871 191 1256 243 MARONIS

53 329 125 378 Et
144 324 417 376 tumulum
444 324 605 390 capit,
632 322 780 371 unde
812 321 988 370 omnis
1009 320 1174 383 longo
1199 316 1391 366 ordine
1412 322 1595 381 posset

56 397 326 449 Adversos
345 395 552 459 legere,
593 402 645 442 et
667 393 982 442 venientum
1008 390 1213 438 discere
1235 387 1425 436 voltus.
1491 388 1596 435 755

126 471 284 518 Nunc
316 481 435 530 age,
480 463 803 514 Dardaniam
834 460 1052 527 prolem
1093 476 1229 526 quae
1270 455 1469 507 deinde
1512 471 1596 505 se—

855 539 1048 596 quatur

60 607 269 671 Gloria,
309 606 399 672 qui
421 610 676 653 maneant
696 600 823 650 Itala
848 600 916 649 de
940 608 1102 664 gente
1128 606 1374 664 nepotes,

58 678 302 729 Inlustris
323 676 548 738 animas,
587 680 948 737 nostrumque
972 670 1026 718 in
1048 685 1255 718 nomen
1279 668 1456 730 ituraS,

59 748 354 815 Expediam
376 745 551 807 dictis,
593 752 646 793 et
670 751 724 792 te
745 750 834 790 tua
857 739 962 790 fata
988 739 1215 790 docebo.

130 835 248 884 754.
278 843 465 878 Possrr

157 934 229 972 754
250 942 377 981 posset
396 931 497 966 multi
516 931 606 965 Pier.
628 930 732 964 etiam
752 931 854 963 Rom.
878 937 912 963 et
935 928 1056 962 Heius.
1083 940 1160 961 cum
1192 926 1321 960 Medic.
1337 952 1346 968 ‚
1382 924 1446 958 sed
1479 923 1603 967 fragm.

63 983 329 1029 Vatiapossit.
356 984 405 1025 (ut
430 986 465 1012 et
488 981 521 1015 5.
544 981 577 1014 6.
608 978 704 1022 lVr.)
756 978 858 1022 Apud
878 978 1034 1010 Nonium
1055 983 1211 1023 possent
1231 975 1267 1007 in
1288 975 1422 1019 legere.
1475 973 1603 1015 (Saepe

64 1032 153 1064 haec
170 1030 316 1062 invicem
340 1034 602 1072 permutantur3
632 1033 669 1059 ut
689 1037 755 1069 pro
770 1033 923 1071 posset,
950 1023 1045 1069 quod
1072 1023 1206 1065 editur,
1236 1021 1271 1053 in
1295 1020 1373 1053 aliis
1400 1021 1521 1066 possit
1546 1018 1603 1050 le-

64 1079 158 1122 gitur
178 1079 203 1119 I,
223 1077 303 1111 413.
332 1077 377 1117 V,
399 1076 499 1116 807.‚
533 1081 568 1107 et
595 1074 734 1120 possim
765 1084 830 1115 pro
856 1084 1006 1117 possem
1036 1072 1083 1113 X,
1117 1071 1197 1104 616.
1234 1070 1316 1110 XII,
1346 1069 1446 1107 880.;
1475 1072 1604 1112 posset

64 1132 178 1158 autem
214 1135 279 1168 pro
306 1125 428 1168 possit
458 1124 500 1163 II,
530 1123 607 1157 187.
640 1123 684 1161 V,
711 1122 741 1155 6Δ
770 1121 832 1161 VI,
860 1120 920 1154 78.
969 1120 1089 1163 Itaque
1117 1116 1305 1151 videndum
1337 1115 1488 1159 ubique,
1520 1112 1605 1157 qnid

64 1173 153 1206 ratio
171 1198 179 1213 ,
203 1178 263 1204 ant
284 1171 367 1215 qnid
387 1169 580 1203 auctoritas
600 1169 779 1213 potiorum
801 1167 959 1199 codicum
979 1172 1117 1211 poscat.
1168 1168 1275 1197 Acute
1297 1162 1437 1207 quidem
1464 1160 1603 1193 Iahnius

65 1218 226 1253 defendit
245 1220 382 1264 possit,
410 1218 504 1262 qnod
521 1218 569 1249 ita
591 1216 690 1261 qnasi
711 1221 917 1260 praesentes
941 1213 1116 1246 Anchisen
1138 1211 1257 1244 videre
1280 1217 1315 1243 et
1334 1209 1402 1254 ipsi
1423 1209 1495 1241 eius
1516 1219 1605 1240 con-

66 1267 179 1300 silium
205 1265 408 1310 perspicere
430 1265 612 1297 videamur
635 1270 669 1295 et
687 1274 774 1307 prae
794 1273 836 1294 eo
869 1267 1070 1294 narrantem
1099 1265 1243 1303 poetam
1271 1269 1385 1302 paene
1412 1255 1605 1289 oblivisca-

65 1327 159 1350 mu1·;
185 1314 291 1358 idque
313 1312 502 1346 convenire
527 1311 666 1344 vividae
687 1307 931 1354 descriptioni.
980 1308 1050 1341 Sed
1068 1307 1208 1340 codices
1237 1305 1347 1348 magis
1380 1305 1500 1338 favent
1533 1303 1605 1334 Im-

66 1363 252 1406 perfect03
279 1367 314 1392 et
333 1360 434 1393 valde
458 1366 511 1392 est
533 1358 738 1404 probabile,
762 1365 891 1403 posset
910 1357 945 1389 in
958 1356 1080 1402 possit
1101 1360 1268 1387 mutatum
1303 1364 1379 1384 esse
1406 1365 1424 1384 a
1450 1349 1606 1383 librariis

66 1410 121 1443 vel
141 1409 304 1441 similiter
327 1407 594 1440 terminatorum
621 1406 737 1438 trahit
760 1411 794 1436 et
815 1405 913 1450 capit
933 1414 1019 1435 sono
1039 1401 1181 1435 auribus
1201 1402 1412 1433 obversante
1434 1397 1606 1442 decepti3‚

68 1457 125 1490 vel
142 1458 313 1489 Praesens
335 1463 416 1500 post
446 1453 648 1487 Praesentia
672 1452 804 1497 requiri
834 1450 1051 1495 putantibus.
1101 1449 1232 1481 Contra
1264 1447 1359 1480 nulla
1390 1452 1465 1478 erat
1493 1457 1607 1484 causa,

68 1516 177 1549 qnare
196 1503 271 1548 quis
289 1504 411 1548 possit
431 1501 465 1534 in
484 1510 611 1548 posset
633 1506 797 1533 mutaret.
848 1502 897 1532 Ac
923 1499 1075 1530 fortasse
1105 1495 1182 1541 ipse
1211 1501 1320 1539 poeta
1354 1494 1467 1527 vitare
1496 1491 1609 1525 voluit

68 1550 349 1584 terminationem
372 1557 427 1582 >ter
449 1550 666 1582 redeuntem.
718 1547 808 1579 Hinc
829 1545 1026 1579 consultius
1046 1543 1157 1577 visum
1178 1549 1231 1575 est
1246 1569 1254 1584 ,
1280 1553 1447 1575 revocare
1466 1547 1607 1586 posset.

74 1600 171 1641 JVr.)
222 1598 386 1631 Parrhas.
412 1605 540 1643 posset
573 1596 704 1628 ordine
733 1596 878 1627 circum.
975 1592 1045 1627 755
1078 1592 1272 1624 Adversas
1298 1588 1491 1628 Montalb.,
1528 1587 1609 1619 dnm

69 1645 308 1691 interpolator
343 1646 486 1677 animas
520 1643 713 1688 cogitabat.
763 1642 946 1674 adversas
986 1640 1111 1682 fragm.
1143 1637 1256 1671 Vatic.
1304 1649 1458 1683 poscere
1489 1647 1523 1667 v.
1551 1633 1607 1666 ed.

70 1696 182 1735 Ven.‚
206 1692 308 1725 male.
358 1692 498 1724 ‹li-scere
520 1700 569 1723 est
592 1701 817 1732 cognoscere.
867 1688 1010 1720 vultum
1030 1685 1165 1720 Zulich.
1262 1686 1332 1720 758
1365 1692 1402 1717 et
1438 1691 1609 1716 nostrum

71 1753 202 1774 nomen
231 1752 300 1773 see.
332 1740 461 1773 Moret.
510 1739 631 1771 ituros
658 1737 748 1769 alter
776 1735 902 1768 Hamb.

73 1837 162 1873 dios
201 1836 243 1873 in
281 1834 454 1872 mediam
505 1833 681 1871 turbam.
742 1846 810 1869 so—
869 1844 1018 1868 munus
1038 1829 1234 1881 pertinet,
1267 1826 1377 1878 quod
1398 1826 1463 1863 ille
1488 1838 1508 1861 a
1529 1824 1610 1862 Ve-

73 1902 260 1941 nantem,
297 1893 346 1930 de
369 1892 563 1943 strepitu,
596 1904 647 1929 ex
666 1890 742 1929 Od.
767 1905 811 1937 ω,
870 1901 965 1926 nere
987 1893 1209 1939 acceperat.
1241 1885 1323 1923 vid.
1351 1898 1436 1935 sup.
1462 1882 1513 1920 ad
1544 1882 1609 1919 lib.

76 1954 100 1995 5
132 1951 197 1992 ταὶ
237 1950 280 1991 δὲ
319 1952 525 2004 τρίζουσαι
559 1949 716 1989 ἕποντο.
761 1948 811 1986 cf.
871 1947 903 1984 11
928 1947 1096 1984 Excurs.
1126 1944 1251 1991 XVII,
1280 1942 1350 1981 ubi
1370 1942 1419 1980 de
1439 1939 1610 1978 Anchise

75 2011 219 2049 Horat.
245 2010 261 2047 Ι
284 2010 410 2047 Serm.
432 2011 470 2057 8,
492 2009 560 2056 41,
590 2013 629 2045 et
658 2020 745 2059 sup.
773 2019 812 2043 v.
873 2005 1019 2056 agitur.
1094 2004 1282 2041 Ceterum
1327 2014 1378 2039 ex
1417 1998 1611 2038 Serviana

74 2072 160 2110 707
181 2082 237 2119 sq.
298 2069 487 2105 adversos
509 2073 629 2104 ornat
656 2063 814 2117 epithe—
872 2069 967 2101 nota
989 2062 1090 2100 haec
1126 2073 1393 2113 apponemus:
1424 2059 1607 2108 „Cam-a,

75 2134 161 2165 ton.
222 2125 383 2164 Scilicet
422 2138 472 2162 ex
503 2124 673 2163 adverso
702 2124 815 2160 ince-
874 2136 978 2174 quae
1018 2121 1085 2158 Izic
1134 2120 1360 2157 inlermissa
1405 2124 1519 2166 sunl,
1570 2117 1612 2152 ιή

78 2185 216 2223 dentes
250 2185 401 2222 animas
443 2185 567 2235 legii,
620 2187 814 2229 recenset,

77 2243 294 2295 cognoscit.

135 2303 219 2344 756
244 2327 295 2331 ——
318 2300 415 2343 759.
458 2298 664 2337 Enarrabo
708 2297 816 2335 clara

79 2361 185 2397 sacta
205 2366 245 2397 et
265 2360 345 2397 fata
363 2364 619 2410 posterorum
636 2362 815 2394 tuorum.

79 2426 241 2467 nepotes
264 2439 318 2446 —
341 2419 504 2454 animas
525 2438 580 2443 —
604 2414 816 2453 enarrabo.

82 2478 153 2527 qui
185 2483 401 2523 maneant,
448 2472 689 2526 expectandi
721 2472 816 2521 sint,

80 2541 239 2583 nepotes
261 2533 375 2570 Ilala
395 2533 443 2569 de
462 2540 602 2583 gente,
639 2530 687 2568 de
711 2543 817 2567 nova

82 2591 207 2642 stirpe
225 2592 266 2627 in
288 2590 400 2627 Latio
423 2603 473 2627 ex
499 2589 663 2627 Lavinia
687 2588 818 2626 susci-

83 2648 242 2701 pienda.
302 2656 479 2685 noslrmn
501 2649 543 2684 in
564 2661 708 2684 nomen
735 2648 819 2683 ila-

82 2722 149 2745 νας
164 2736 174 2755 ,
216 2719 290 2757 pro
335 2705 520 2756 vulgari,
572 2705 732 2742 futuras
771 2716 822 2740 ex

84 2770 223 2803 nostra
255 2768 385 2815 gente.
447 2763 512 2799 sic
553 2763 608 2799 ite
640 2774 757 2812 saepe
786 2766 823 2797 et

84 2822 286 2876 ἔρχεσθαι.
347 2819 469 2869 Quod
504 2825 638 2857 autem
670 2817 823 2858 Anchi—

84 2894 143 2918 ses
164 2880 264 2918 haec
286 2890 489 2932 exponere
510 2883 550 2915 et
578 2877 741 2914 suturas
761 2888 825 2913 res

875 2176 1146 2234 ἅσπιδοποιίᾳ
1164 2176 1492 2214 commemorat.“
1526 2173 1610 2223 (lib.

874 2238 978 2287 VIII,
997 2240 1079 2279 628
1105 2249 1233 2287 seqq.,
1266 2241 1303 2272 et
1325 2233 1402 2272 hac
1423 2233 1470 2270 de
1493 2245 1612 2269 caus—

876 2310 918 2334 sa
945 2296 1074 2333 multa
1114 2295 1255 2345 utique
1283 2299 1426 2344 poetae
1456 2291 1497 2328 in
1534 2289 1614 2327 hoc

875 2367 1046 2393 recensu
1087 2350 1447 2404 praetermittenda
1490 2349 1613 2395 suere,

877 2425 927 2450 ne
972 2412 1033 2450 bis
1077 2410 1214 2449 eadem
1252 2405 1447 2462 afferret.)
1510 2406 1614 2443 mule

878 2473 1001 2508 etiam
1052 2472 1096 2507 in
1146 2470 1325 2520 antiquis
1367 2467 1611 2512 invenimus,

880 2543 980 2579 opus
1010 2527 1086 2565 hoe
1126 2527 1382 2578 appellatum
1415 2538 1497 2561 esse
1535 2536 1616 2559 non

878 2585 1115 2635 Aeneidem,
1137 2585 1209 2622 sed
1231 2585 1350 2621 Gesta
1368 2581 1508 2634 populi
1530 2581 1616 2617 Ro-

879 2644 1014 2694 mani,
1053 2643 1162 2695 quod
1190 2643 1280 2679 ideo
1313 2648 1514 2677 mutatum
1540 2645 1612 2684 est,

881 2705 979 2755 qaia
1014 2715 1159 2738 nomen
1199 2713 1279 2736 non.
1311 2713 1339 2735 α
1367 2705 1513 2747 parde,
1547 2696 1618 2732 sed

882 2775 909 2797 a
940 2767 1018 2796 loto
1043 2758 1156 2795 (lebet
1185 2758 1290 2794 ιίανί.
1355 2755 1484 2793 Fuere
1516 2753 1616 2790 adeo

882 2818 923 2854 in
956 2821 1063 2853 secta
1093 2828 1256 2862 eorum,
1305 2813 1372 2864 qui
1408 2813 1449 2850 in
1482 2811 1617 2849 hono-

883 2887 969 2912 rem
1011 2873 1184 2911 nominis
1232 2871 1404 2909 Romani
1457 2881 1619 2908 carmen

85 2938 317 2990 praedicere
338 2942 496 2990 potest,
529 2933 580 2973 ad
615 2932 827 2973 divinandi
886 2931 1083 2984 scriptum
1126 2930 1374 2980 narrabant,
1434 2925 1619 2967 nonnulli
