1827 3436
357 258 761 309 AENEIDOS
804 259 942 307 LIB.
988 259 1050 319 11,
1093 260 1380 309 152—165

1543 268 1638 313 291

132 390 229 436 Fas
253 385 425 435 odisse
449 385 613 445 viros,
652 391 809 448 atque
836 383 1015 432 omnia
1034 381 1175 432 serre
1199 383 1297 432 sub
1327 401 1492 445 auras,

135 457 188 505 Si
214 472 315 521 qua
340 463 552 517 tegunt3
590 462 782 502 teneor
805 454 999 517 patriae
1025 470 1124 503 nec
1149 452 1355 517 legibus
1377 454 1510 505 ullis,

135 529 218 574 Tu
238 523 405 573 modo
426 523 697 589 promissis
720 538 961 585 maneas,
997 531 1308 589 servataque
1331 540 1509 573 serves
1546 530 1642 576 160

136 594 293 642 Troia
320 592 487 641 fidem
505 634 517 655 ‚
555 593 595 641 si
618 608 741 641 vera
767 590 963 655 feram,
1001 593 1041 640 si
1060 607 1249 656 magna
1271 593 1580 658 rependam.

203 663 394 712 Omnis
414 679 534 727 spes
556 665 799 711 Danaum
824 670 875 710 et
902 662 1076 728 coepti
1104 660 1301 712 fiducia
1323 662 1452 712 belli

135 731 358 781 Palladis
380 731 574 781 auxiliis
595 748 812 797 semper
836 732 990 782 stetit.

1062 732 1244 797 Inpius
1267 749 1327 781 ex
1349 748 1457 799 quo

136 801 368 865 Tydides
389 801 483 850 sed
506 801 665 864 enim,
701 801 1072 866 scelerumque
1098 802 1346 850 inventor
1368 801 1560 863 Ulixes,

133 870 310 920 Fatale
335 870 564 935 adgressi
583 879 782 919 sacrato
811 869 1037 920 avellere
1061 870 1266 937 templo

227 1010 295 1045 158
320 1022 364 1043 ac
391 1022 423 1043 ο.
454 1009 597 1042 Oudart.
664 1018 701 1042 et
730 1017 863 1042 cuncta
892 1021 948 1053 qu.
978 1009 1104 1043 Moret-

136 1068 254 1090 omnes
286 1056 424 1089 vitiose.

1544 875 1643 923 165

1167 1018 1203 1042 ec
1232 1018 1384 1042 cuncta-s·
1412 1010 1550 1053 Menag.
1579 1021 1643 1053 pr„

522 1057 588 1091 159
608 1057 757 1102 patriae
788 1064 916 1088 teneor
943 1056 1058 1097 Leid.,
1100 1068 1180 1089 meo
1207 1068 1311 1088 sensu
1334 1056 1485 1089 mollius.
1534 1058 1645 1101 (recte

130 1105 279 1150 patriae
297 1116 374 1142 nec,
400 1110 438 1135 ut
461 1103 635 1147 particula
653 1102 814 1146 negativa
835 1103 990 1136 subiecta
1009 1103 1056 1135 sit
1080 1103 1111 1135 ei
1133 1102 1325 1142 vocabulo,
1357 1102 1393 1135 in
1422 1114 1491 1147 quo
1515 1115 1645 1137 summa

135 1150 200 1183 vis.
229 1150 324 1185 lVrA
352 1159 480 1182 tenear
498 1151 690 1182 Heumann.
713 1149 817 1190 coni.‚
846 1161 916 1182 non
932 1150 1040 1189 male3
1063 1150 1142 1182 vide
1160 1157 1275 1182 tamen
1296 1150 1408 1182 Burm.

136 1197 241 1230 modo
261 1196 369 1229 wall.
427 1199 624 1241 iurataque
652 1203 734 1229 tert.
764 1197 892 1229 Moret.
936 1197 1192 1242 promissaque
1221 1196 1329 1229 Goth.
1358 1202 1440 1229 tert.

1472 1151 1541 1185 160
1550 1153 1646 1182 Dum.

1514 1197 1577 1230 161
1613 1197 1647 1229 si

136 1255 227 1276 vera
251 1243 449 1289 rependam
479 1244 616 1287 Menag.
646 1243 748 1284 alter,
781 1255 822 1275 ex
849 1242 969 1287 priore
996 1243 1088 1277 loco.
1138 1243 1338 1288 repandum
1362 1242 1523 1275 nonnulli
1551 1242 1644 1287 apud

136 1289 301 1323 Pierium.
349 1289 417 1322 Sed
446 1302 604 1333 magnam
635 1290 829 1322 mercedem
856 1301 919 1333 pro
938 1290 1049 1323 salute
1078 1302 1139 1323 sua
1161 1289 1350 1332 persolvit,
1385 1300 1512 1322 arcana
1529 1290 1646 1322 Grae-

137 1348 255 1369 corum
273 1336 478 1379 retegendo.

561 1337 627 1371 162
652 1338 751 1381 capti
769 1336 911 1370 Vratisl.
946 1337 1065 1382 coepti
1083 1345 1119 1368 et
1139 1337 1228 1368 ven.
1251 1336 1295 1368 cf.
1317 1348 1349 1368 v.
1369 1336 1426 1370 75.

137 1384 227 1415 xilio
246 1389 318 1415 tres
340 1384 465 1424 Burm.,
497 1383 591 1427 quod
620 1383 761 1427 vulgare
788 1390 892 1415 esset.
941 1395 1080 1428 semper
1100 1382 1181 1428 ficit
1202 1381 1317 1425 Bigot.

1489 1337 1555 1370 163
1574 1348 1644 1368 au·-

1413 1380 1480 1416 164
1508 1383 1648 1415 Τιίίάεσ

136 1428 238 1470 libri,
281 1429 420 1461 vitiose.
478 1430 724 1474 scelerumque
761 1437 928 1475 repertor
964 1431 1088 1462 Graev.
1126 1440 1168 1461 ex
1196 1428 1324 1472 glossa.
1366 1428 1435 1461 vid.
1461 1430 1644 1462 Burmann.

140 1476 206 1510 165
232 1477 373 1521 egressi
389 1477 513 1509 Graev.
562 1477 748 1510 advellere
763 1477 902 1520 Menag.
923 1475 1012 1509 alter
1032 1487 1097 1520 pro
1130 1474 1320 1509 abvellere.

139 1579 188 1618 de
210 1580 436 1631 conscripto
455 1588 608 1620 sacrata
637 1581 718 1633 lege
746 1595 865 1619 exer-

139 1638 246 1687 citu,
277 1652 355 1688 qua
377 1638 565 1677 iurabant
588 1652 627 1677 se
647 1653 728 1677 non
754 1639 865 1678 redi-

138 1701 253 1732 turos
277 1695 440 1733 domum
460 1697 534 1734 nisi
557 1698 740 1735 victores.
786 1696 865 1735 Sed

138 1761 299 1790 sacrata
330 1753 419 1791 iicra
445 1754 573 1805 simpl.
601 1769 674 1807 pro
703 1757 766 1792 ius
792 1769 865 1792 sa-

139 1824 279 1857 crum;
316 1812 477 1848 resolvit
508 1812 590 1860 ius,
633 1812 700 1863 qui
738 1825 784 1849 eo
824 1824 864 1849 se

138 1867 303 1917 liberat3
333 1868 448 1917 quale
468 1869 568 1907 illud
587 1870 657 1917 sit,
689 1869 865 1907 declarat

141 1937 181 1962 v.
203 1926 294 1966 159.
325 1924 421 1963 Mox
443 1928 522 1968 158
544 1927 711 1964 debebat
736 1927 863 1978 sequi:

140 1981 216 2019 Fas
237 1981 333 2019 mihi
356 1983 406 2020 sit
427 1996 475 2020 ex
495 1984 599 2022 iusto
620 1984 711 2022 odio
729 1986 770 2023 in
799 1997 865 2022 eos

142 2039 274 2077 omnia
295 2053 439 2077 arcana
459 2039 573 2093 (haec
593 2048 700 2090 sunt,
728 2044 765 2079 si
783 2056 866 2093 qua

143 2094 297 2148 tegunt)
316 2098 505 2147 proferre.
565 2099 609 2137 ln
640 2099 866 2137 inversione

144 2166 328 2203 agnosces
345 2161 516 2204 poetam.
576 2159 668 2198 160.
699 2158 868 2194 Servata

145 2211 293 2262 egregie
313 2211 532 2260 adiectum,
563 2219 632 2260 ut,
670 2213 779 2262 quod
805 2228 868 2250 re-

145 2270 347 2306 velana-us
380 2272 455 2315 sit,
515 2269 565 2306 ad
601 2270 867 2307 Troianorum

146 2327 313 2364 salutem
343 2326 542 2376 pertinere
584 2327 781 2364 videatur.
833 2329 869 2364 si

146 2384 404 2433 verasbratn,
438 2397 512 2434 pro
533 2384 697 2433 vulgari,
727 2384 868 2422 dicam.

208 2443 300 2482 162.
322 2440 511 2477 Fabulam
537 2441 731 2478 instruxit
745 2441 870 2478 Sinon

148 2497 258 2535 hunc
294 2499 372 2535 sere
410 2498 448 2535 in
486 2498 667 2536 modum:
714 2499 870 2549 Equum

149 2568 231 2592 esse
266 2555 474 2593 donarium
512 2555 712 2593 Minervae
744 2556 870 2594 desti-

150 2618 289 2650 natum
346 2612 397 2649 ad
450 2612 562 2649 deam
621 2613 869 2664 placandam,

150 2669 259 2719 quod
288 2669 504 2706 Palladium
536 2683 585 2706 ex
616 2670 698 2708 eius
726 2671 870 2722 templo

152 2727 281 2764 suerat
320 2727 566 2777 subreptum.
636 2728 740 2764 Iram
775 2728 870 2765 deae

150 2784 268 2821 fuisse
299 2784 537 2821 declaratam
569 2785 756 2834 prodigiis
793 2788 867 2826 171

150 2842 314 2882 ——175.
376 2841 493 2877 Omni
524 2841 601 2877 iam
631 2842 772 2879 Troiae
804 2855 872 2879 ca-

150 2897 318 2948 piendae
363 2910 429 2948 spe
456 2898 634 2946 sublata,
675 2899 873 2936 Calchan—

155 2961 232 2992 tem
257 2955 475 3003 monuisse,
524 2962 569 2992 ut
589 2956 751 2994 domum
775 2955 871 2994 red-

921 1581 1048 1629 irent,
1080 1580 1273 1631 novisque
1304 1580 1428 1631 captis
1463 1579 1646 1631 auspiciis

927 1638 1144 1676 Palladium
1195 1637 1356 1676 Troiam
1406 1636 1646 1675 reveherent

922 1709 1150 1746 novamque
1192 1695 1480 1747 profectionem
1528 1694 1646 1732 iusti-

922 1759 1086 1792 tuerent
1103 1776 1156 1781 —
1171 1755 1264 1794 182.
1304 1753 1459 1790 Interea
1486 1752 1559 1789 dea
1582 1752 1646 1790 vi-

923 1811 1010 1849 deri
1047 1810 1185 1848 debuit
1229 1810 1397 1848 donario
1436 1809 1537 1860 Equi
1573 1809 1647 1847 sibi

922 1868 1055 1906 dicato
1075 1867 1334 1918 acquiescere.
1393 1868 1568 1905 Fiducia
1588 1872 1647 1904 est

922 1926 1058 1963 eadem
1077 1938 1177 1975 quae
1194 1938 1280 1976 spes
1300 1930 1432 1973 certa3
1459 1923 1553 1962 belli
1571 1923 1646 1961 do-

923 1990 985 2021 cte
1005 1983 1228 2031 adiectum,
1261 1983 1309 2020 de
1327 1982 1420 2020 belli
1440 1982 1572 2029 exitu,
1603 1987 1649 2018 ut

923 2047 962 2078 et
983 2042 1087 2079 stelit
1106 2054 1180 2092 pro
1201 2039 1378 2089 vulgari,
1414 2038 1648 2089 positasicit

924 2100 978 2136 in.
1055 2097 1303 2139 164-170.
1333 2096 1509 2134 Palladio
1531 2101 1647 2146 rapto

924 2157 1087 2193 fortuna
1118 2153 1367 2193 Achivorum
1391 2159 1544 2190 mutata
1575 2158 1646 2189 est.

925 2214 1077 2250 ornate
1107 2211 1273 2261 singula.
1333 2209 1540 2248 Diomedes
1568 2212 1648 2245 im-

920 2271 1020 2319 pius
1064 2277 1230 2320 propter
1268 2267 1488 2305 Palladium
1536 2266 1648 2303 abla-

925 2332 1023 2364 tum.
1083 2326 1138 2363 Ι)8
1167 2339 1246 2375 quo
1270 2325 1351 2363 vid.
1383 2325 1451 2362 ins.
1481 2324 1646 2361 Excurs.

924 2384 980 2421 IV
994 2384 1045 2421 **.
1128 2384 1377 2424 165—168.
1409 2381 1648 2419 Gravissime

927 2441 1079 2491 singula
1093 2463 1137 2468 -—
1154 2440 1272 2477 etiam
1294 2438 1403 2489 quod
1422 2440 1541 2476 vittas
1566 2440 1647 2474 vir-

924 2501 1072 2547 gineas
1096 2498 1191 2535 deae
1222 2501 1438 2545 meinorat5
1471 2509 1561 2532 nam
1590 2501 1648 2532 est

927 2554 1028 2592 nihil
1048 2555 1156 2592 aliud
1179 2567 1297 2604 quan]
1318 2555 1436 2590 (leam
1455 2555 1649 2602 virginem

929 2610 1064 2664 (supra
1081 2609 1308 2663 innuptam)
1326 2613 1533 2659 adingem,
1548 2623 1647 2646 con-

926 2676 1110 2718 trectare,
1140 2668 1320 2706 manibus
1338 2667 1516 2718 impuris,
1549 2665 1646 2717 (vid.

928 2727 1032 2764 infra
1050 2741 1106 2764 vs.
1129 2727 1359 2767 718—20.
1396 2722 1506 2775 lVr.)
1552 2725 1648 2761 Ιίἰ-

928 2792 993 2821 tae
1024 2783 1062 2821 h.
1096 2784 1121 2821 l.
1152 2796 1233 2820 esse
1265 2781 1410 2818 debent
1447 2782 1490 2818 in
1523 2781 1648 2831 capite

929 2841 1128 2879 simulacri
1178 2840 1381 2877 Minervae
1403 2852 1412 2886 3
1470 2837 1648 2886 adeoque

929 2899 1004 2936 suit
1031 2899 1114 2935 sine
1144 2896 1321 2934 casside:
1351 2908 1468 2941 nain,
1499 2908 1546 2931 118
1567 2894 1647 2930 vit-—

930 2961 990 2993 tas
1009 2955 1118 3006 signo
1146 2954 1210 2993 vel
1233 2965 1324 2991 arae
1344 2952 1506 2989 iniectas
1527 2951 1646 2987 intel-

1261 3020 1372 3064 19*
