1779 3420
106 177 203 223 192
439 171 491 219 Ρ.
532 170 893 219 VIRGILH
929 166 1302 217 MARONIS

105 299 320 365 Quippe
356 296 584 346 domum
623 296 776 344 timet
809 295 1114 359 ambiguam
1144 293 1444 359 Tyriosque
1475 291 1633 340 bilin-

902 365 1029 428 guiS.

107 438 225 490 Urit
250 446 396 486 atrox
418 439 572 497 Iuno,
614 444 665 484 et
689 435 786 483 sub
810 444 1029 483 noctem
1058 451 1181 482 cura
1205 440 1456 482 recursat.

105 512 247 573 Ergo
280 507 362 556 his
397 506 655 571 aligerum
683 504 834 553 dictis
861 503 1070 553 adfatur
1091 507 1373 552 Amorem:

106 583 267 641 Nate,
306 593 461 626 meae
488 577 642 636 vires,
680 591 801 623 mea
823 589 1015 638 magna
1040 573 1281 638 potentia
1301 571 1463 634 501115,

184 678 299 726 661.
337 684 633 730 BILINGU183
781 672 896 719 664.
933 680 1217 728 POTENTIA,

185 814 254 849 662
279 819 446 846 reversat
463 813 587 844 Franc.
611 823 642 843 v.
658 811 714 849 IV,
727 809 760 844 3.
820 809 889 844 663
905 811 1007 855 Ergo
1026 809 1107 853 quis
1118 805 1227 840 Goth.
1248 817 1301 850 pr.
1330 805 1438 838 dictis
1449 803 1643 850 compellat

115 874 171 894 un.
192 860 344 904 Guelph.
357 859 392 890 in
409 862 489 891 Sax.
509 857 592 891 coll.
662 857 731 892 664
749 868 829 889 mea
849 868 966 902 regna
978 867 1046 888 sec.
1061 854 1231 887 Rottend.
1293 853 1360 887 665
1379 852 1458 884 vide
1479 863 1523 883 an
1535 862 1639 895 prae-

116 915 185 942 stet
206 908 477 952 interpungere:
498 905 741 951 —potentia;
762 903 919 936 solus—
934 903 998 946 (sic
1011 902 1046 934 in
1056 901 1218 934 Mediceo
1231 899 1503 944 interpungitur,
1522 905 1557 930 et
1576 897 1646 930 hoc

115 955 215 988 multi
237 953 484 998 sequuntur,in
506 952 631 997 quibus
662 953 799 984 Ruaeus
823 956 860 982 et
879 949 1112 989 Wakefield.;
1145 948 1188 980 de
1208 947 1330 980 Servio
1361 959 1431 979 non
1451 944 1535 978 satis
1558 956 1647 977 con-

117 1010 200 1036 stat.
250 1001 320 1034 Sed
341 1000 427 1032 mihi
449 999 587 1031 videtur
609 998 696 1030 illud
717 998 821 1031 solus
843 997 887 1030 ad
906 997 1055 1029 subiecti
1081 1007 1200 1029 versus
1222 994 1432 1027 sententiam
1451 1004 1520 1025 non
1541 991 1646 1024 modo

118 1048 356 1084 necessarium
374 1059 443 1079 nou
465 1059 554 1087 esse,
580 1046 642 1078 sed
662 1045 778 1085 etiam,
799 1044 947 1077 maxime
966 1045 1012 1076 ob
1033 1044 1109 1076 tela
1139 1042 1269 1089 Typlz
1284 1043 1372 1082 oia,
1399 1040 1489 1074 exile
1512 1047 1546 1072 et
1567 1039 1648 1071 lan-

119 1096 282 1141 guidum3
308 1107 372 1126 nec
392 1094 509 1139 placet
527 1094 629 1126 solus
654 1091 808 1137 repetito
842 1091 1003 1124 vocativo
1024 1091 1122 1124 Nate
1148 1089 1412 1135 praepositum,
1446 1099 1515 1131 quo
1538 1098 1649 1120 voca-

118 1145 214 1185 tivo,
241 1142 270 1175 si
292 1142 357 1174 ista
378 1141 559 1174 distinctio
579 1139 800 1179 admittitur,
826 1138 945 1171 nescio
967 1150 1008 1171 an
1028 1137 1192 1170 libentius
1211 1149 1400 1169 careamus.
1438 1134 1526 1167 Hinc
1548 1132 1650 1166 omisi

121 1202 274 1230 comma,
313 1199 381 1233 quo
413 1187 569 1233 Heynius
598 1198 674 1219 voc.
705 1186 808 1219 solus
833 1198 852 1218 a
882 1185 1099 1230 praegressis
1137 1191 1372 1227 separaverat.
1420 1182 1476 1215 sic
1508 1180 1650 1224 egregie

122 1237 228 1271 etiam
251 1235 427 1281 superiori
443 1234 641 1267 sententiae
668 1233 862 1266 consultum
882 1233 1038 1265 videtur:
1072 1230 1299 1272 Quantumvis
1327 1241 1452 1272 magna
1480 1228 1651 1261 habeatur

121 1285 173 1318 vis
194 1297 233 1317 ac
256 1282 414 1329 potentia
432 1294 529 1322 mea,
556 1288 673 1313 tamen
696 1287 758 1312 tuo
780 1279 889 1312 solius
908 1280 1046 1312 numine
1071 1278 1207 1317 nititur3
1234 1277 1328 1309 nulla
1351 1284 1405 1310 est
1423 1276 1498 1309 sine
1518 1282 1564 1308 te.
1608 1276 1653 1307 Et

122 1332 227 1366 solus
254 1329 456 1363 nominandi
484 1340 565 1362 casu
595 1340 637 1360 ex
663 1327 772 1373 ipsius
808 1327 950 1371 linguae
975 1327 1054 1371 lege
1084 1325 1172 1358 dixit
1208 1332 1334 1369 poeta;
1379 1324 1408 1356 is
1436 1322 1527 1356 euim
1555 1333 1653 1355 casus

123 1376 350 1425 praecedenti
387 1376 545 1409 vocativo
576 1375 625 1408 ita
665 1374 870 1416 subiicitur,
914 1380 953 1406 ut
992 1371 1241 1419 appellationis
1289 1383 1425 1405 causam
1461 1369 1654 1410 contineat,

124 1428 217 1460 hunc
238 1425 273 1457 in
299 1424 458 1457 modum:
496 1424 614 1464 Nate,
649 1423 711 1467 qui
731 1434 788 1462 es,
823 1434 850 1454 s.
882 1422 1001 1461 Nate,
1027 1433 1066 1453 es
1086 1421 1190 1453 enim.
1242 1419 1403 1459 Accedit,
1437 1417 1532 1461 quod
1552 1416 1656 1450 solus

126 1473 237 1507 estin
258 1472 299 1505 iis
317 1483 425 1511 vocc.‚
451 1482 539 1515 quae
559 1482 680 1503 carere
701 1468 861 1501 vocativo
882 1469 1054 1502 videntur.
1105 1466 1186 1502 Vid.
1214 1468 1337 1499 Bauer.
1365 1466 1408 1499 ad
1436 1468 1552 1498 Sanct.
1583 1462 1655 1496 Mi-

126 1533 223 1554 nerv.
243 1519 267 1553 l.
287 1520 330 1553 Π.
350 1531 379 1552 c.
398 1519 458 1552 vl.
478 1529 558 1563 pag.
579 1517 662 1552 231.
686 1529 738 1563 sq.
765 1516 861 1559 ll'r.)

129 1640 207 1680 que
227 1628 459 1666 movetur.“
471 1648 528 1654 —
543 1624 702 1673 Quibus
721 1623 864 1661 incen-

130 1700 173 1725 sa
197 1685 341 1724 mulier
365 1683 468 1722 nihil
498 1683 644 1721 mirum
663 1688 723 1720 est
745 1683 776 1720 si
804 1683 866 1720 sa-

132 1745 206 1783 cile
233 1743 353 1781 etiam
380 1742 432 1780 ad
460 1755 637 1780 amorem
671 1740 755 1778 eius
785 1752 867 1777 sese

133 1802 327 1856 applicat,
360 1801 427 1852 qui
451 1813 495 1837 ea
516 1812 685 1838 munera
703 1798 866 1847 obtulit5

134 1875 208 1900 nec
226 1860 304 1909 hie,
336 1859 379 1897 in
397 1865 593 1911 poemate,
617 1856 802 1895 homines
818 1856 866 1894 de

135 1926 223 1958 stoa
261 1917 493 1969 quaerendi.
574 1916 713 1966 ltaque
750 1915 867 1966 iunge

135 1979 251 2016 donis
271 1977 470 2014 incendat.
512 1974 616 2012 Illud
638 1980 771 2012 autem
782 1972 867 2024 fii-

136 2043 283 2075 rentem
304 2034 354 2071 ad
372 2040 591 2083 utrumque
608 2031 774 2070 enuncia
782 2037 869 2068 tum

136 2094 217 2133 hoc
246 2092 368 2131 modo
401 2090 657 2130 referendum
691 2095 769 2127 est:
805 2091 870 2126 in—

138 2151 283 2190 cendat
337 2152 524 2201 reginam
597 2157 632 2186 et
694 2148 872 2199 implicet

140 2213 302 2262 ignem,
336 2217 380 2246 ut
396 2207 534 2259 sumt.
578 2205 698 2258 lVr.)
770 2207 874 2243 ossi-

140 2268 212 2306 bus
233 2267 412 2318 implicet
437 2268 589 2317 ignem,
615 2264 873 2315 exquisitiore

142 2327 285 2374 forma,
316 2338 437 2375 quam
461 2338 552 2361 ossa
574 2324 753 2373 implicet
772 2323 874 2373 igni,

142 2384 183 2422 h.
205 2396 238 2424 e.
259 2383 352 2435 ipsis
373 2382 525 2420 ossibus
545 2395 591 2418 ac
610 2380 793 2419 medullis
813 2380 878 2431 (ut

145 2442 195 2481 de
219 2454 354 2479 amore
372 2440 482 2490 loqui
505 2453 591 2477 mos
615 2446 687 2488 est,
719 2453 760 2479 v.
779 2438 877 2475 Cer-

146 2500 198 2540 da
222 2505 261 2537 et
281 2498 347 2552 al.)
381 2498 561 2535 flammas
581 2497 767 2545 inserere,
798 2495 877 2533 im-

146 2559 328 2606 mittere,
359 2555 581 2594 insinuare:
612 2569 687 2607 pro
708 2553 877 2605 vulgari,

147 2617 383 2656 admovere:
421 2613 596 2662 dictum,
628 2618 675 2651 ut
695 2612 878 2649 involve-

146 2690 187 2714 re
223 2675 361 2712 omnia
391 2673 611 2723 flammis,
661 2670 845 2707 incendio
861 2684 875 2716 ;

148 2733 337 2786 quoniam
373 2730 491 2767 etiam
522 2729 564 2767 in
599 2728 757 2780 vulgari
785 2740 880 2765 ora-

148 2792 259 2831 tione
281 2791 467 2842 flamma
496 2787 664 2825 involvit
697 2786 876 2823 (lonium.

151 2849 233 2904 (Ad
252 2845 597 2887 constructionem
619 2843 772 2882 ossibus
802 2845 878 2880 im-

149 2909 306 2961 plicare
340 2908 477 2958 ignem
505 2903 610 2944 conf.
640 2902 718 2941 Cic.
745 2900 794 2940 de
812 2901 882 2939 Di-

924 1623 1006 1663 vin.
1029 1621 1059 1671 I,
1082 1624 1170 1663 36.:
1202 1623 1281 1659 Dii
1309 1623 1393 1659 vim
1426 1634 1546 1658 suam
1576 1633 1656 1656 na-

925 1683 1022 1718 turis
1050 1680 1258 1717 hominum
1282 1680 1520 1732 implicant,
1554 1676 1595 1717 h.
1625 1689 1657 1714 e.

926 1739 1085 1792 penitus
1104 1739 1343 1776 immittunt.
1390 1736 1541 1775 Eodem
1564 1748 1659 1773 sen-

928 1812 974 1835 su
996 1797 1096 1835 diei:
1127 1811 1219 1834 ossa
1242 1797 1453 1847 implicare
1481 1797 1575 1845 igne
1598 1805 1660 1831 me

925 1855 1042 1907 sugit.
1069 1853 1213 1908 lVelz.)
1276 1854 1399 1902 Quod
1421 1859 1556 1891 autem
1581 1851 1659 1889 do-

926 1916 989 1952 nis
1037 1927 1134 1950 mox
1187 1912 1398 1951 afferendis
1451 1917 1660 1962 tantopere

928 1971 1097 2010 confidit
1139 1971 1296 2019 Venus,
1330 1969 1520 2022 quodque
1559 1967 1660 2006 Dido

927 2031 1084 2082 regina,
1118 2043 1219 2080 quae
1252 2043 1343 2067 cum
1377 2027 1577 2066 thesauris
1602 2026 1662 2064 ef-

928 2088 1040 2127 fossis
1056 2088 1164 2140 Tyro
1187 2089 1341 2139 fugerat
1357 2085 1414 2140 (v.
1438 2088 1533 2129 358·
1545 2081 1662 2140 363),

931 2147 1048 2185 donis
1096 2146 1173 2184 illis
1221 2152 1433 2198 tantopere
1475 2148 1663 2182 movetur

933 2204 1033 2257 (709
1063 2203 1181 2257 sqq.),
1205 2204 1434 2243 offendebat
1462 2200 1665 2241 Schrade-

932 2276 1037 2311 rum,
1057 2269 1221 2301 acutum
1246 2269 1456 2315 poetarum
1478 2260 1665 2298 iudicem.

935 2321 1094 2359 Scilicet
1139 2328 1294 2370 artem,
1337 2333 1415 2372 qua
1464 2318 1667 2357 elaborata

936 2385 1073 2428 erant,
1115 2379 1243 2431 palla,
1275 2379 1459 2418 velamen
1495 2383 1535 2415 et
1570 2375 1664 2414 reli·

936 2451 1028 2489 qua,
1061 2443 1101 2474 et
1122 2444 1330 2476 auctorem
1358 2435 1556 2484 muneris,
1588 2433 1669 2471 Ae-

937 2508 1076 2544 neam,
1109 2495 1150 2532 in
1183 2496 1259 2534 illis
1292 2494 1475 2547 inprimis
1505 2491 1670 2545 probari

936 2553 1181 2606 putabimuS.

998 2614 1094 2652 661.
1114 2613 1211 2652 662.
1229 2611 1412 2648 Domum
1432 2608 1673 2658 ambiguam

938 2671 1051 2707 Serv.
1078 2669 1294 2715 incertam,
1326 2667 1370 2705 in
1401 2680 1480 2718 qua
1516 2665 1674 2703 habitat

939 2726 1145 2765 mutabilis
1193 2727 1360 2774 semina3
1416 2725 1538 2773 dure,
1586 2736 1674 2762 meo

942 2785 1104 2836 quidem
1140 2797 1270 2822 senSU.
1343 2783 1477 2821 Malim
1510 2782 1677 2820 domum

940 2857 1016 2896 pro
1038 2843 1173 2894 stirpe,
1192 2848 1320 2894 gente,
1340 2841 1508 2879 Didonis
1529 2840 1676 2878 dietam

943 2907 984 2939 et
1005 2901 1056 2940 ad
1082 2901 1389 2940 fraudulentum
1412 2898 1678 2952 Pygmalionis
