1811 3388
341 160 754 212 AENEIDOS
791 163 930 214 LIB.
969 166 1030 228 V,
1069 170 1359 224 814—824
1514 183 1608 229 831

111 283 374 333 Caeruleo
399 301 498 350 per
520 301 729 335 summa
757 286 886 336 levis
913 288 1055 338 volat
1083 308 1315 358 aequora
1340 311 1508 348 curru.

108 352 401 401 Subsidunt
424 353 616 417 undae,
654 357 1030 423 tumidumque
1053 361 1150 409 sub
1176 379 1264 411 axe
1287 369 1488 416 tonanti
1514 376 1613 421 820

107 422 372 470 Sternitur
419 439 624 490 aequor
677 427 824 492 aquis
846 468 859 491 ‚
922 427 1237 497 fugiuntque
1291 449 1351 482 ex
1397 436 1612 489 aethere

883 497 1065 549 nimbi.

105 560 246 606 Tum
267 559 438 609 variae
465 562 723 611 comitum
750 561 933 625 facies;
967 567 1196 618 inmania
1220 579 1350 635 cete,

102 628 167 675 Et
190 629 370 677 senior
395 629 578 679 Glauci
603 631 819 693 chorus,
856 637 1128 703 Inousque
1150 640 1453 705 Palaemon,

103 697 461 764 Tritonesque
487 701 594 762 citi,
632 701 935 770 Phorcique
964 708 1219 758 exercitus
1247 713 1434 760 omnis.

171 796 285 841 821.
322 805 502 849 AQms:
539 808 769 843 FUGIUNT
791 811 960 846 vAsTo
985 813 1136 850 AETH.

193 929 260 964 819
283 931 496 964 Caeruleum
519 932 660 976 Medic„
684 934 747 968 sed
765 947 785 968 a
805 948 849 970 m.
867 949 920 982 pr.
971 951 1128 984 aequore
1160 941 1267 975 Goth.
1298 955 1350 987 pr.
1399 955 1508 976 eursu
1527 944 1604 977 Hu-

98 985 176 1017 gen.
197 981 232 1007 et
253 976 324 1008 Erf.
420 979 487 1012 820
511 981 759 1026 tumulumque
781 984 918 1027 Menag.
948 997 1000 1029 pr.
1049 990 1199 1021 sonanti
1217 996 1365 1032 quatuor
1390 991 1503 1023 Burm.
1529 1003 1603 1024 cum

98 1022 206 1057 Goth.
227 1034 308 1063 sec.‚
333 1029 371 1055 at
391 1024 459 1057 hoc
480 1025 590 1059 minus
612 1028 800 1070 poeticum.
848 1031 923 1063 Nec
947 1034 1172 1075 argutandum
1191 1035 1227 1067 in
1247 1047 1301 1075 eo,
1338 1037 1430 1081 quod
1447 1037 1482 1069 in
1506 1037 1603 1082 aquis

97 1073 251 1100 rotarum
267 1070 449 1114 strepitum
475 1084 576 1105 nemo
607 1074 790 1115 exaudiat3
824 1082 877 1108 est
906 1079 1086 1123 proprium
1113 1093 1152 1113 ac
1184 1089 1389 1126 perpetuum
1414 1084 1599 1128 epitheton

96 1121 261 1148 rotarum.
309 1119 475 1150 tonantis
494 1119 627 1162 Hugen.
722 1122 787 1156 821
815 1125 916 1167 equis
938 1128 1053 1168 Sprot.
1083 1133 1117 1158 et
1149 1128 1273 1160 Medic.
1292 1141 1310 1161 a
1337 1142 1379 1161 m.
1405 1142 1456 1174 pr.
1507 1131 1600 1162 Idem

96 1173 115 1193 a
136 1173 180 1194 m.
200 1174 267 1194 sec.
293 1162 520 1209 fugiuntque
537 1178 579 1198 ex
601 1167 748 1199 aethere
766 1181 801 1200 n.
851 1171 959 1212 (Haec
980 1179 1030 1204 est
1051 1172 1158 1206 altera
1180 1175 1326 1207 Medicei
1355 1176 1473 1217 lectio,
1499 1188 1601 1221 quam

96 1206 189 1240 haud
208 1216 408 1241 cunctanter
427 1212 598 1245 revocavi.
646 1222 750 1246 vasto
772 1215 909 1259 quidem
930 1218 1020 1250 unde
1045 1218 1175 1252 illatum
1203 1221 1259 1262 sit,
1284 1233 1353 1254 non
1387 1223 1501 1255 habeo
1534 1234 1598 1266 pro

95 1260 193 1286 certo
211 1254 350 1295 dicere3
378 1256 412 1288 id
437 1257 465 1288 si
495 1258 655 1301 vulgatae
678 1260 822 1293 lectioni
851 1262 966 1295 favere
998 1265 1227 1307 existimabis,
1263 1275 1298 1299 at
1329 1280 1394 1311 ego
1417 1281 1592 1313 quaeram,

94 1300 185 1332 unde
205 1300 375 1334 invectum
394 1303 523 1345 probes
543 1305 629 1337 illud
650 1305 865 1352 sugz'untqu
881 1322 898 1341 e
925 1323 976 1342 ex
1003 1313 1124 1344 aeth)
1158 1313 1313 1346 Proxime
1335 1317 1378 1347 ad
1400 1328 1512 1347 verum
1537 1329 1599 1348 ac—

95 1347 220 1380 cedere
244 1348 329 1380 mihi
356 1349 552 1390 videbitur,
579 1351 637 1395 qui
663 1353 766 1394 dicat,
793 1354 827 1385 in
850 1356 1097 1400 antiquissimis
1120 1359 1218 1391 libris
1234 1386 1242 1401 ‚
1279 1361 1368 1393 unde
1389 1362 1425 1403 ii,
1451 1364 1508 1406 qui
1534 1375 1597 1394 ex-

94 1400 205 1434 stant,
239 1394 378 1427 codices
407 1395 571 1440 descripti
601 1398 682 1439 sint,
715 1400 879 1444 scriptum
904 1403 1028 1436 fuisse:
1064 1405 1223 1451 fugiunt
1258 1408 1405 1440 aethere
1435 1421 1483 1450 72„
1518 1421 1597 1442 casu

94 1440 242 1482 omissis,
262 1453 348 1484 quae
370 1442 611 1476 desiderantur
628 1445 720 1478 inter
732 1446 891 1491 fugiunt
911 1456 945 1481 et
966 1451 1132 1491 aether03
1159 1452 1223 1484 iarn
1242 1453 1328 1485 alios
1348 1463 1462 1495 vasto,
1480 1455 1596 1497 alium,

92 1486 240 1520 fortasse
271 1488 383 1530 ipsum
414 1490 672 1533 Apronianum,
705 1492 901 1534 inventam,
934 1503 970 1527 ut
993 1498 1226 1540 probabiliter
1247 1500 1371 1532 coniici
1396 1508 1534 1545 potest,
1560 1502 1596 1534 in

93 1533 208 1577 aliquo
237 1534 433 1578 antiquiore
464 1535 555 1569 libro
593 1550 707 1570 veram
745 1539 930 1573 lectionem
955 1541 1202 1589 fugiuntque
1226 1559 1278 1578 ex
1302 1547 1397 1578 aeth.
1425 1548 1595 1581 intulisse.

92 1579 179 1612 Mihi
199 1580 336 1624 quidem
359 1582 452 1614 fraus
475 1582 510 1614 in
528 1583 659 1627 vulgari
680 1585 833 1618 lectione
861 1589 1039 1621 commissa
1057 1599 1178 1634 aperte
1199 1604 1236 1624 se
1260 1593 1411 1636 prodere
1439 1594 1593 1628 videtur:

91 1627 239 1670 prir‘num
272 1627 360 1659 enim
394 1628 597 1662 adiectivum
629 1640 776 1672 vastus,
801 1633 943 1666 multum
965 1647 983 1667 a
1003 1636 1152 1679 Virgilio
1174 1638 1426 1682 frequentatum
1441 1665 1450 1681 ‚
1474 1641 1541 1673 nisi
1559 1641 1594 1674 in

91 1672 231 1705 brevem
257 1674 408 1711 vocalem
423 1675 565 1716 desinit,
594 1676 641 1709 ita
660 1690 798 1722 semper
819 1679 852 1711 in
874 1692 973 1713 versu
991 1682 1194 1726 collocatur,
1220 1691 1256 1716 ut
1276 1685 1386 1718 altera
1408 1687 1469 1718 sub
1489 1687 1595 1720 ictum

91 1719 205 1760 cadat,
232 1731 300 1752 non
325 1720 494 1761 elidatur;
519 1723 587 1755 vid.
607 1724 649 1755 V.
678 1725 717 1756 L.
741 1726 785 1757 ad
818 1730 901 1759 Aen.
920 1728 944 1767 Ι,
970 1729 1071 1766 333.;
1108 1736 1179 1762 tum
1206 1731 1367 1764 aether
1393 1745 1410 1765 a
1442 1734 1593 1777 Virgilio

89 1765 191 1807 altus,
216 1767 362 1808 ardum,
385 1767 530 1811 longuS,
563 1782 718 1812 magnus,
752 1773 927 1813 maximus,
953 1785 1119 1816 summus,
1145 1776 1291 1819 dicitur,
1317 1790 1498 1823 numquam
1522 1793 1594 1814 va-

90 1819 206 1849 stus;
232 1825 344 1857 neque
373 1814 466 1854 aeri,
492 1827 555 1848 nec
581 1817 701 1858 coelo,
727 1829 790 1850 nec
819 1819 966 1864 Olympo
987 1822 1183 1866 adiungitur
1201 1824 1268 1857 hoc
1298 1825 1480 1869 epitheton
1501 1828 1594 1871 apud

90 1859 247 1891 eundem.
296 1861 432 1904 Nempe
458 1874 476 1893 a
492 1861 735 1896 dmiramur
760 1866 925 1905 aetheris,
952 1868 1057 1908 coeli,
1082 1870 1373 1912 magnitudinem3
1411 1880 1445 1904 at
1464 1882 1594 1906 vastus

89 1904 138 1937 ita
166 1912 351 1949 usurpatur
379 1920 398 1939 a
427 1907 592 1950 Virgilio,
616 1921 685 1942 non
709 1918 745 1942 ut
771 1923 810 1944 ea
830 1913 1010 1955 designet,
1037 1926 1123 1957 quae
1151 1917 1414 1950 admirationem
1438 1919 1490 1951 sui
1512 1931 1590 1952 mo—

89 1958 183 1991 vent,
206 1952 268 1984 sed
299 1964 358 1992 ea,
386 1965 476 1996 quae
499 1962 556 1987 aut
574 1967 639 1998 per
659 1957 721 1989 vim
741 1958 795 1989 vel
817 1959 1086 2001 magnitudinem
1107 1974 1200 1994 suam
1224 1963 1466 1996 horrorem
1490 1966 1591 1998 incu-

87 1997 192 2038 tiunt,
217 2006 273 2030 aut
301 2011 388 2042 quae
412 2012 535 2043 magna
564 2002 702 2044 quidem
734 2012 832 2044 sunt,
858 2006 919 2037 sed
948 2017 1016 2038 non
1051 2008 1277 2042 admirabilia.
1328 2010 1415 2042 [linc
1439 2023 1506 2043 non
1536 2019 1590 2045 est

88 2044 181 2075 idem
214 2056 356 2085 mare,
390 2057 585 2089 aequor,
619 2060 841 2093 magnum,
874 2064 913 2083 ac
939 2064 1083 2091 mare,
1108 2066 1301 2098 aequor,
1333 2064 1518 2089 vastum.
1545 2078 1588 2083 -—

89 2091 168 2125 822.
193 2091 319 2123 Bothio
345 2091 526 2135 abruptior
547 2093 685 2126 videtur
705 2096 789 2128 haec
811 2097 942 2136 orati03
969 2098 1086 2142 itaque
1116 2112 1178 2144 pro
1209 2104 1373 2134 comitum
1403 2104 1587 2146 Virgilium

88 2137 269 2180 scripsisse
290 2144 390 2181 putat
414 2140 607 2178 comitcmc3
635 2148 680 2179 at,
708 2148 744 2173 ut
764 2150 904 2183 taceam,
931 2145 1138 2177 abstinuisse
1160 2146 1223 2179 hac
1246 2148 1336 2180 illius
1364 2150 1458 2180 verbi
1477 2150 1587 2184 forma

89 2183 286 2226 Virgilium,
314 2183 381 2215 vid.
399 2185 484 2216 Not.
505 2186 547 2217 ad
568 2190 652 2219 Aen.
670 2190 726 2230 W,
746 2190 825 2222 201.
847 2191 940 2233 lVr.)
1036 2193 1105 2226 823
1132 2194 1330 2239 Gluucique
1353 2195 1440 2227 alter
1463 2197 1584 2230 Hamb.

87 2231 215 2263 Ionius
235 2231 346 2271 Rom„
375 2230 476 2264 male.
512 2231 557 2264 al.
578 2235 716 2267 Inoius.
741 2232 914 2269 Γλαύκου
939 2235 1064 2280 χορὸς,
1089 2235 1214 2279 Ἰνῶός
1240 2251 1279 2273 τε
1301 2241 1515 2284 Παλαίμων.

85 2335 182 2383 iugo
216 2348 296 2372 non
350 2335 509 2373 videtur
546 2337 685 2375 Latine
717 2339 805 2377 dici.
864 2341 1006 2379 Proteo
1037 2343 1195 2393 quidem
1225 2359 1299 2396 pro
1325 2349 1511 2386 armentis
1541 2362 1584 2387 ea

90 2390 203 2443 lVr.)
254 2405 292 2429 v.
336 2392 428 2430 Vas.
458 2394 562 2432 Lect.
591 2395 698 2445 stris
732 2411 805 2448 pro
864 2406 1048 2449 pascente
1096 2401 1237 2452 Odyss.
1278 2421 1319 2456 y,
1371 2405 1454 2446 448
1499 2421 1583 2458 sqq.

86 2449 206 2497 equis,
247 2463 284 2487 v.
316 2450 363 2498 ΙΙ,
396 2452 461 2493 51.
497 2451 546 2488 ad
578 2465 615 2490 v.
637 2455 718 2494 819
750 2468 805 2504 sq.
866 2458 1004 2507 Georg.
1035 2458 1104 2505 lV,
1136 2458 1218 2500 430
1248 2474 1302 2510 sq.
1363 2464 1457 2503 823.
1487 2464 1582 2505 824.

85 2505 190 2545 cons.
222 2520 308 2557 sup.
341 2507 370 2555 Ι,
406 2508 495 2549 147.
537 2509 615 2550 154
647 2524 729 2560 sqq.
768 2525 806 2548 v.
866 2513 964 2550 Deos
995 2515 1167 2553 marinos
1196 2519 1357 2556 omnino
1392 2520 1582 2571 designat,

86 2564 181 2604 822.
246 2565 347 2600 'stum
369 2568 506 2601 variae
529 2568 807 2618 comt'lumsa-
866 2584 1036 2620 quorum
1078 2574 1275 2625 principes
1320 2577 1500 2614 Glaucus
1538 2592 1582 2616 ac

83 2620 187 2666 cies,
226 2617 324 2672 (vid.
346 2621 390 2659 V.
409 2622 451 2660 L.
474 2623 589 2676 lls'r.)
632 2625 807 2674 exquisi-
865 2629 1049 2666 I'lzorcus
1083 2644 1172 2668 cum
1209 2634 1433 2672 Melicerta.
1478 2637 1580 2674 cons.

84 2674 163 2712 tius
187 2689 303 2725 quam
330 2680 491 2716 comites
512 2681 619 2717 varia
652 2682 747 2719 facie
766 2689 805 2720 et
864 2698 948 2736 sup.
980 2699 1018 2724 v.
1050 2688 1144 2728 240.
1182 2694 1219 2725 et
1247 2690 1386 2741 Georg.
1418 2692 1446 2739 I,
1486 2691 1578 2733 437-

83 2731 294 2782 adspectu5
323 2748 414 2772 nam
432 2746 526 2785 cete,
550 2738 701 2776 belluae
718 2754 804 2776 nla-
866 2743 1016 2780 Glauca·
1046 2744 1207 2793 chorus,
1242 2753 1288 2784 ut
1312 2748 1464 2785 Phorci
1481 2749 1578 2785 cllo-

81 2788 202 2836 rinae,
233 2790 271 2826 in
294 2793 485 2830 comitatu
509 2795 681 2846 Neptuni
703 2797 803 2834 alio-
861 2814 928 2836 rus
956 2814 1040 2851 sup.
1080 2815 1117 2839 v.
1150 2803 1231 2844 240
1264 2810 1303 2841 et
1345 2805 1450 2855 apud
1480 2805 1576 2842 Plin.

80 2858 249 2896 rumque
314 2847 480 2886 deorum
534 2852 803 2904 marinorum;
860 2855 911 2894 H.
947 2857 992 2894 N.
1038 2858 1236 2908 XXXVI,
1278 2859 1315 2900 4.
1352 2875 1380 2898 S.
1413 2864 1458 2910 7,
1490 2861 1575 2913 (qui
