1827 3436
378 212 791 265 AENEIDOS
829 216 1036 279 LIB.1,
1075 224 1367 273 318—325
1535 232 1625 275 131

435 343 602 403 Heus,
640 342 837 407 inquit,
876 340 1120 404 iuvenes,

902 426 1023 458 rum

125 477 334 528 Vidistis
360 478 399 525 si
430 495 590 544 quam
614 478 698 527 hic
723 488 990 528 errantem
1012 478 1152 529 forte
1173 496 1437 544 sororum,

123 546 459 595 Subcinctam
495 547 742 613 pharetra
778 557 830 597 et
859 549 1161 598 maculosae
1194 551 1430 613 tegmine
1455 551 1629 616 lyncis,

123 619 224 664 Aut
246 618 537 681 spumantis
563 618 672 683 apri
704 633 917 666 cursum
948 618 1181 667 clamore
1208 629 1561 683 prementem.

189 685 274 734 Sic
301 688 502 747 Venu53
542 695 595 736 et
614 688 837 738 Veneris
859 696 1043 736 contra
1069 688 1140 737 sic
1169 687 1307 738 filius
1331 705 1507 741 orsus:
1530 696 1629 744 325

125 345 196 390 AC
230 341 397 406 prior,
1163 354 1453 394 monstrate
1487 365 1629 398 mea—

212 834 279 869 321
306 837 354 868 Et
375 837 492 882 ρνιᾞον
541 840 593 870 At
612 838 729 883 prior.
778 839 832 870 Ac
851 838 960 882 prius
984 836 1018 869 in
1048 837 1093 871 al.
1128 838 1248 885 (przus
1269 837 1373 872 etiam
1397 840 1494 881 Alb.;

120 881 395 928 Foggin.pr1o
424 890 612 916 exar.1.tum
654 884 749 925 Wr.)
799 883 1072 927 trequtt,nol11s
1102 897 1146 918 m.
1175 884 1282 917 Goth.
1315 898 1382 919 sec.

118 939 226 972 quam
245 929 453 962 hortantem
471 930 605 963 Zulich.
699 931 769 965 323
789 931 1003 975 pharetram
1028 930 1208 964 habebant
1228 932 1330 965 codd.
1349 933 1519 967 Prisciani
1537 942 1630 968 tem-

121 985 206 1018 pore
227 982 260 1006 et
278 974 326 1007 sic
350 976 471 1009 Hamb.
494 990 560 1010 sec.
580 984 615 1009 ct
631 976 767 1021 aliquot
786 976 886 1009 Pieri-
879 977 947 1009 ιιιιί.
997 979 1048 1010 Ita
1067 977 1288 1010 scribendum
1309 979 1413 1012 etiarn
1434 989 1525 1014 esset
1546 990 1628 1028 teg—

119 1021 315 1061 7111na,'ut
338 1022 486 1056 Gudi¹1n.
515 1036 533 1056 a
561 1035 605 1056 m.
637 1035 689 1068 pr.
747 1023 931 1056 maculoso
964 1024 1110 1057 Mentel.
1136 1036 1188 1068 pr.
1238 1033 1304 1057 aut
1334 1039 1377 1058 m.
1409 1028 1545 1072 Menag.
1574 1041 1628 1072 pr.

118 1067 186 1101 325
213 1047 253 1099 cit
279 1070 374 1100 serv.
394 1069 438 1101 ad
461 1071 524 1111 lx,
549 1071 628 1105 656.
650 1077 683 1102 et
703 1070 782 1102 edd.
803 1069 881 1102 Ald.
904 1071 992 1103 lunt.
1027 1071 1083 1115 (at
1110 1070 1213 1103 etiam
1231 1070 1341 1104 Palat.
1378 1075 1474 1117 IVr.)
1523 1075 1619 1108 Scili-

118 1120 175 1146 cet
194 1120 270 1146 erat
290 1126 329 1147 ea
346 1115 498 1159 vulgaris
516 1096 647 1156 lectio
681 1128 782 1160 quum
810 1116 942 1149 Pierius
971 1129 989 1148 e
1012 1117 1115 1149 codd.
1136 1129 1303 1150 consensu
1328 1120 1535 1154 emendavit.
1575 1123 1630 1165 (ac

119 1160 302 1204 scripsisse
325 1161 510 1205 Virgilium
535 1163 730 1208 suspicetur
748 1164 917 1203 f,0rtasse
943 1163 1000 1207 qui
1023 1166 1065 1204 Q.
1088 1165 1130 1197 V.
1149 1165 1339 1205 XXXVII,
1365 1168 1398 1208 2,
1423 1179 1454 1200 a.
1480 1167 1537 1211 leg
1540 1168 1626 1207 erit3

119 1207 181 1239 sed
206 1208 452 1251 respondentis
479 1221 554 1242 esse
583 1210 686 1242 etiam
709 1218 761 1250 et,
804 1210 950 1241 vidimus
984 1211 1027 1250 Q.
1056 1211 1099 1243 V.
1130 1211 1297 1251 XXXV,
1333 1214 1388 1246 11.
1446 1180 1537 1247 Hocg
1546 1215 1627 1258 qui-

118 1254 199 1286 dem
230 1253 331 1295 loco,
367 1255 549 1289 subiuncta
579 1256 749 1300 particula
771 1264 902 1288 contra
931 1262 967 1288 et
999 1255 1152 1300 repetita
1179 1270 1251 1298 stc,
1277 1257 1378 1291 nimis
1401 1271 1505 1303 grave
1534 1261 1627 1295 foret

118 1308 168 1333 at.
198 1300 295 1341 lVr.)
337 1301 433 1346 sies
451 1311 569 1347 mquzt
587 1315 655 1335 sec.
676 1302 799 1335 Hamb.
821 1302 915 1346 quod
936 1302 1115 1335 meliorem
1137 1314 1259 1336 sonum
1278 1304 1382 1347 facit,
1418 1307 1518 1339 addit
1533 1309 1625 1340 Bur-

117 1358 230 1380 mann.
252 1346 318 1379 nisi
338 1348 431 1381 torte
451 1349 535 1393 insit
555 1356 720 1394 praestat

1537 843 1631 904 apud

1486 865 1628 924 '32201

117 1485 204 1514 ctae
227 1480 348 1514 teneti
373 1478 576 1515 nodantur
595 1478 754 1529 las-pide
772 1493 841 1515 ιι-
901 1491 979 1529 que
1010 1478 1139 1516 sinum
1159 1493 1221 1517 no
1236 1479 1349 1517 dis
1339 1494 1396 1517 irr
1401 1487 1494 1531 ngat
1519 1481 1568 1519 Ib
1580 1495 1624 1520 e-

116 1543 205 1572 ste&
264 1534 341 1571 Sed
362 1535 484 1572 fibula
503 1537 637 1572 sinum
656 1549 739 1573 non
757 1536 842 1573 col-

116 1591 201 1642 ligit
230 1593 272 1628 in
299 1601 479 1642 pec-lore,
514 1605 587 1630 nec
612 1595 654 1631 in
685 1593 843 1642 tunica,

118 1663 210 1686 nam
228 1649 258 1686 si
282 1649 381 1686 bene
399 1649 670 1699 meminimus,
697 1649 842 1688 fibulae

116 1707 156 1744 in
177 1706 365 1755 humeris,
388 1721 469 1745 non
491 1707 532 1744 in
551 1715 725 1759 pectore,
747 1722 842 1746 usus

116 1764 157 1801 in
177 1764 314 1802 tunica
334 1771 405 1802 est.
464 1765 544 1802 Nec
565 1765 605 1802 in
632 1765 842 1817 chlamyde

116 1827 156 1859 et
174 1822 257 1859 aliis
278 1822 455 1859 vestibus
478 1822 634 1860 tunicae
654 1823 842 1874 superin—

115 1879 248 1927 iectis,
281 1879 401 1916 talem
432 1880 577 1917 fibulae
612 1894 727 1918 usum
756 1893 841 1918 me-

114 1937 232 1985 mini,
263 1937 331 1974 sed
356 1937 578 1976 subiectum
605 1938 759 1989 pectori
781 1945 842 1976 est

116 1994 328 2045 cingulum.
398 1995 631 2034 Occurrunt
677 1996 840 2046 quidem

114 2052 350 2090 seminarum
400 2052 507 2103 signa
527 2082 538 2101 ,
601 2053 643 2090 in
694 2052 839 2104 quibus

114 2110 220 2162 palla
260 2108 390 2147 medio
427 2110 585 2162 corpori
629 2110 839 2148 circumie—

115 2173 178 2204 cta
221 2166 329 2204 nodo
362 2179 411 2204 ex
446 2168 572 2218 pallae
614 2167 693 2206 oris
729 2169 837 2206 sacto

116 2224 281 2262 collecta
322 2229 395 2261 est:
428 2231 467 2262 at
507 2225 548 2262 in
585 2225 719 2263 tunica
760 2225 838 2263 hoc

115 2281 200 2319 fieri
231 2282 393 2331 nequiit.
471 2282 595 2333 Igitur
618 2283 758 2320 melius
789 2283 838 2321 de

114 2339 272 2389 cingulo
307 2339 554 2390 accipiemus.
615 2340 742 2378 Cerda
770 2341 837 2378 Li-

113 2396 166 2434 vii
187 2396 406 2434 Andronici
427 2403 545 2435 notos
569 2409 708 2436 versus
728 2398 837 2449 apud

114 2454 341 2492 Terentian.
390 2454 517 2492 Maur.
575 2467 663 2506 pag.
723 2455 835 2497 2426

114 2510 331 2549 Grammat.
368 2511 528 2550 Putsch.
563 2519 703 2563 poetae
744 2519 835 2550 ante

115 2570 250 2607 oculos
292 2569 410 2605 fuisse
450 2569 742 2621 suspicabature
783 2572 837 2607 la't

113 2628 198 2663 iam.
221 2641 422 2676 purpureo
445 2641 559 2664 suras
590 2629 748 2665 include
769 2642 837 2665 Co-

113 2683 270 2731 tlmrno,
306 2685 476 2720 Balteus-
496 2693 531 2721 el
550 2694 699 2722 revocet
721 2686 828 2722 voln-

112 2754 193 2777 eres
227 2743 268 2778 in
291 2749 448 2790 peclore
481 2744 605 2778 silum.
678 2743 836 2779 Scilicet

114 2797 261 2835 Nodas
288 2798 449 2835 omnino
476 2813 549 2850 pro
578 2801 719 2848 quovis
740 2802 834 2838 vin—

113 2855 213 2893 culo.
247 2853 364 2907 (Stat.
377 2855 499 2894 Theb.
512 2856 576 2905 lv,
592 2859 707 2898 265:
732 2858 834 2905 „mi—

113 2918 175 2949 cat
205 2913 339 2962 igneus
377 2919 547 2961 ostro,
579 2914 831 2951 Undantenn—

900 1536 1021 1584 ris;“
1050 1536 1138 1573 coll.
1161 1537 1257 1574 Aen
1281 1537 1350 1585 IX,
1374 1511 1470 1579 582.
1505 1539 1623 1593 Wr.)

958 1594 1054 1634 321.
1093 1593 1185 1640 Quo
1212 1606 1393 1632 sermone
1419 1608 1464 1632 ac
1491 1596 1624 1647 lingua

899 1649 995 1687 hic
986 1664 1026 1686 m
1038 1649 1196 1688 Africae
1211 1652 1302 1699 oris,
1324 1651 1458 1690 Venus
1476 1659 1516 1690 et
1528 1668 1624 1692 mox

899 1708 1015 1755 Dido,
1047 1714 1087 1745 et
1106 1708 1161 1745 sic
1182 1709 1245 1746 alii
1269 1709 1309 1746 in
1330 1709 1461 1747 Sicilia
1483 1717 1522 1748 et
1540 1712 1624 1749 Ita-

898 1765 962 1813 lia,
982 1778 1073 1802 cum
1094 1765 1224 1803 Aenea
1244 1766 1303 1804 uti
1318 1768 1537 1817 potuerint,
1563 1775 1621 1817 ut,

900 1835 1001 1873 quae
1030 1822 1220 1871 dicerent,
1252 1823 1301 1861 ab
1327 1823 1416 1873 hoc,
1449 1825 1622 1864 Troiano

897 1879 1071 1928 homine,
1101 1880 1266 1931 intelligi
1293 1887 1465 1932 possent,
1497 1883 1622 1921 aliena

898 1951 920 1975 a
944 1938 1050 1989 poesi
1069 1938 1177 1989 epica
1198 1944 1256 1976 est
1277 1939 1470 1988 quaestio,
1489 1953 1538 1977 ne
1557 1941 1622 1978 di-

898 2009 983 2032 cam
1005 1996 1152 2046 inepta.
1213 1997 1383 2034 Omnem
1403 1997 1507 2034 enim
1537 1998 1621 2036 eius

896 2053 992 2101 vim,
1024 2053 1228 2091 illecebras
1259 2059 1298 2090 et
1323 2061 1477 2105 gratam
1508 2056 1620 2093 frau-

897 2110 986 2148 dem
1011 2111 1267 2163 interciperet
1292 2111 1382 2149 talis
1411 2112 1620 2150 subtilitas.

896 2168 1149 2206 Conventum
1178 2175 1238 2207 est
1262 2168 1366 2206 inter
1392 2175 1552 2220 poetam
1581 2177 1620 2206 et

894 2225 1086 2263 lectorem
1107 2226 1223 2263 tacite
1249 2225 1290 2262 in
1319 2225 1408 2273 hoc,
1440 2233 1486 2264 ut
1507 2240 1618 2264 com—

895 2283 1008 2320 muni
1037 2295 1219 2320 sermone
1250 2282 1355 2320 inter
1384 2297 1423 2320 se
1451 2284 1513 2321 uti
1540 2297 1619 2335 pu-

895 2346 1034 2378 tentur
1064 2341 1227 2378 Troiani
1256 2346 1294 2377 ct
1323 2339 1464 2378 Achivi
1495 2347 1535 2379 et
1562 2341 1619 2378 sic

894 2411 1029 2450 porro.
1060 2398 1188 2435 Semel
1208 2399 1406 2435 monuisse
1434 2400 1528 2436 satis
1550 2402 1617 2435 est.

894 2458 990 2496 323.
1041 2456 1294 2493 &tc-cinctam
1316 2455 1510 2505 pharetra
1526 2485 1536 2503 ,
1570 2462 1617 2492 ut

893 2512 1045 2563 gladio,
1076 2514 1203 2561 ferro,
1235 2512 1481 2549 succinctum
1516 2512 1616 2550 dici-

894 2584 1000 2608 mus:
1041 2570 1191 2607 scilicet
1219 2569 1340 2607 modo
1372 2572 1488 2607 vestis
1523 2584 1615 2606 suc-

892 2629 1070 2677 cingitur
1086 2628 1278 2674 adduc-la,
1313 2626 1381 2664 sed
1408 2628 1615 2675 succinge-

893 2700 932 2722 re
953 2691 1012 2722 est
1029 2685 1237 2722 interdum
1258 2685 1457 2721 instruero
1478 2684 1545 2731 ita,
1570 2690 1615 2720 ut

894 2743 1049 2779 cinctus
1093 2755 1166 2793 ope
1212 2742 1473 2791 adiungamus
1519 2754 1613 2777 rem.

892 2798 1085 2837 Pliaretra
1114 2805 1246 2837 autem
1270 2798 1446 2835 humeris
1467 2798 1614 2848 pendet

892 2857 1048 2906 cingulo
1071 2857 1219 2895 vincta.
1257 2856 1375 2907 Apud
1396 2855 1612 2891 Homerum

891 2920 950 2950 est
973 2910 1079 2965 α’μφὶ
1104 2914 1166 2951 vel
1188 2913 1280 2965 περὶ
1296 2934 1354 2940 ——-
1370 2909 1532 2963 ἐβάλετο
1560 2911 1612 2957 ξί-

1256 2980 1336 3023 9*
