1811 3388
367 221 780 273 AENEIDOS
819 222 965 272 LIB.
1006 224 1092 286 VI,
1131 229 1415 280 623—631

1560 239 1657 285 947

139 350 293 410 Non,
341 345 474 395 mihi
519 348 560 395 si
597 347 809 412 linguae
843 357 1062 397 centum
1104 350 1239 414 sint,
1296 369 1495 421 oraque
1535 374 1655 407 cen-

927 427 1059 480 tum,
1559 434 1589 478 6
1594 434 1658 481 25

139 487 333 534 Ferrea
366 501 489 548 vox,
530 487 704 536 omnis
737 488 1001 537 scelerum
1036 489 1411 554 conprendere
1444 492 1658 561 formas,

140 554 337 604 Omnia
358 572 661 620 poenarum
685 574 1001 622 percurrere
1023 560 1243 608 nomina
1264 562 1479 626 possim.

206 626 350 673 Haec
381 625 474 674 ubi
511 626 648 676 dicta
681 627 829 677 dedit
864 628 1073 678 Phoebi
1102 628 1360 694 longaeva
1391 633 1659 686 sacerdos:

140 692 250 743 Sed
284 694 388 743 iam
424 711 518 759 age
540 737 552 760 ,
601 714 757 763 carpe
794 698 934 746 viam
959 741 971 763 ,
1019 708 1071 748 et
1107 710 1416 767 susceptum
1456 702 1659 769 perfice

136 830 544 898 Adceleremus,
584 836 680 897 ait3
721 836 1017 903 Cyclopum
1045 839 1234 888 educta
1260 840 1475 889 caminis

924 785 1122 818 munus
1136 793 1148 830 3

1558 849 1658 895 630

135 903 351 952 Moenia
375 905 643 971 conspicio
660 947 673 969 ,
713 916 871 973 atque
895 907 1118 958 adverso
1139 907 1347 959 fornice
1370 919 1564 975 portas,

227 1020 298 1054 627
317 1022 456 1065 possim
481 1033 522 1054 ex
546 1022 751 1057 melioribus
777 1030 813 1057 et
837 1025 971 1058 ratione
996 1025 1222 1070 grammatica
1246 1033 1342 1059 recte
1366 1027 1521 1060 restituit
1542 1028 1655 1062 Hein—

134 1065 217 1099 sius.
265 1067 382 1111 Vulgo
403 1080 557 1113 possem.
594 1070 649 1114 (ut
668 1077 720 1103 est
738 1071 774 1104 in
795 1071 907 1105 Palat.
950 1072 1046 1116 IVr.)

133 1113 234 1146 abest
259 1125 278 1146 a
303 1115 424 1158 Puget.
473 1117 543 1149 Eia
565 1129 635 1162 age
652 1130 680 1150 c.
700 1118 789 1153 coni.
811 1118 929 1154 Heius.

1143 1075 1211 1108 629
1237 1076 1286 1105 Et
1312 1074 1384 1106 lam
1410 1075 1539 1108 Medic.
1586 1088 1656 1121 age

1026 1120 1095 1154 630
1120 1121 1201 1152 IIac
1221 1132 1249 1152 c.
1267 1120 1403 1164 aliquot
1432 1121 1523 1154 Pier.
1572 1124 1654 1155 Ad—

133 1160 198 1192 cel.
217 1161 289 1193 iter
312 1162 402 1193 ven.
451 1163 535 1194 Mox
556 1164 667 1197 (lucca
686 1165 744 1197 alii
765 1178 820 1210 ap.
845 1166 935 1199 Pier.
959 1173 993 1199 et
1020 1166 1161 1208 Heins.‚
1196 1166 1256 1199 alii
1285 1166 1464 1209 obducta,
1501 1174 1537 1200 et
1566 1181 1654 1213 qua-

132 1212 215 1238 tuor
234 1207 368 1241 VV'assii
387 1220 443 1253 ap.
470 1210 583 1242 Burin.
619 1213 776 1253 virecta,
812 1213 906 1245 forte
933 1224 997 1256 pro
1027 1221 1171 1253 ενα-κη
1206 1213 1390 1247 Schrader.
1414 1214 1449 1247 in
1476 1227 1539 1248 ms.
1565 1227 1653 1248 eon—

131 1252 277 1286 iiciebat
295 1255 441 1295 νίηειας
467 1257 562 1300 quod
584 1264 619 1290 et
637 1258 749 1302 ipsum
779 1260 868 1292 bene
897 1260 1027 1292 dietum
1058 1267 1162 1293 esset.
1209 1261 1277 1293 Pro
1305 1261 1417 1293 ducta
1446 1261 1546 1294 etiarn
1573 1262 1652 1295 lau-

131 1299 209 1332 dari
226 1309 373 1345 possunt
394 1303 494 1335 Rom.
531 1309 566 1335 et
595 1305 719 1348 fragm.
750 1307 864 1339 Vatic.
894 1319 972 1339 cum
1001 1306 1090 1340 Gud.
1127 1306 1210 1351 (vid.
1235 1307 1446 1342 Lachmann.
1470 1309 1515 1341 ad
1545 1310 1651 1354 Prop.

132 1347 176 1389 v,
208 1347 298 1392 [1v.]
330 1350 363 1389 9,
394 1349 427 1383 3.
467 1350 562 1392 [ω

658 1353 724 1387 631
761 1355 914 1399 respicio
942 1354 1032 1387 Gud.
1066 1365 1130 1396 pro
1159 1366 1230 1390 var.
1255 1354 1338 1386 lect.
1388 1356 1546 1401 suspicio
1570 1357 1650 1392 Exc.

130 1394 244 1428 Burm.
293 1396 331 1428 in
343 1394 379 1441 f.
404 1396 520 1441 vulgg.
536 1404 615 1430 ante
635 1399 723 1432 Pier.
741 1406 777 1432 et
797 1401 916 1434 Heius,
931 1426 940 1443 ‚
967 1401 1025 1445 qui
1046 1401 1234 1433 secundum
1257 1401 1360 1434 codd.
1382 1402 1532 1434 sustulit.

130 1503 268 1528 rerum
303 1496 445 1542 potens
476 1492 604 1530 sactus
641 1501 747 1532 erat:
789 1508 862 1533 ve-

129 1562 220 1586 rum
240 1548 444 1599 Augustus
463 1550 649 1603 princeps
667 1553 764 1604 reip.
786 1552 862 1590 ha-

128 1606 321 1655 bebatur,
364 1621 445 1644 non
484 1608 682 1650 dominus.
728 1609 861 1662 (adde,

128 1677 229 1714 quae
252 1664 408 1715 scripsit
429 1666 644 1705 Weiehert.
666 1670 706 1705 iu
739 1670 860 1706 Com—

128 1728 291 1760 mentat.
314 1723 377 1760 ΙΙΙ.
408 1725 475 1760 De
498 1726 550 1763 L.
581 1727 710 1763 Vario
728 1729 860 1765 Poeta

125 1794 163 1833 p.
187 1783 253 1823 23.
288 1779 406 1833 lVoe.)

183 1895 266 1937 625
291 1909 375 1946 sqq.
399 1897 461 1934 Ex
483 1898 593 1936 Iliad.
616 1900 656 1951 β,
677 1899 761 1941 488
784 1914 857 1938 no—

125 1952 276 1991 tissimo
319 1954 420 1992 loco.
472 1957 577 1994 conf.
624 1958 765 2008 Georg.
810 1957 856 2007 II,

127 2014 207 2052 103
239 2025 296 2061 sq.
367 2013 581 2051 praeivisse
615 2015 772 2052 Maroni
815 2016 856 2053 in

123 2069 257 2106 verbis
286 2069 473 2107 Hostium
510 2078 667 2123 poetam
710 2073 752 2109 in
787 2073 854 2111 lib.

123 2127 171 2165 H.
210 2127 300 2164 belli
336 2128 501 2166 Histrici
539 2130 728 2167 observat
765 2130 855 2166 Ma-

123 2184 232 2222 crob.
257 2185 320 2233 VI,
341 2188 378 2225 3.
396 2200 434 2236 p.
464 2188 543 2227 591
577 2202 655 2224 non
672 2217 681 2235 ,
714 2189 751 2224 si
772 2190 853 2225 mi·-

122 2243 168 2280 ltc'
208 2243 376 2293 linguae
419 2253 576 2281 cenlzcm
623 2254 743 2296 alque
781 2259 850 2282 ora

122 2302 224 2337 sient
252 2301 414 2337 tolidem,
436 2316 625 2353 Ἰι’(κἚΜμω
650 2304 845 2353 liquatae.

123 2356 246 2410 (Bene
263 2358 447 2409 Vfagner.
475 2359 526 2396 ad
556 2360 683 2398 valer.
708 2359 764 2397 Fl.
785 2360 848 2409 Vl,

121 2418 218 2456 36:
274 2416 509 2464 „Homerus
548 2431 630 2454 non
677 2417 850 2455 decem

120 2472 274 2523 linguas
299 2474 513 2523 decemque
542 2489 630 2523 ora,
664 2474 850 2525 Virgilius

121 2536 161 2568 et
183 2530 353 2568 Ovidius
369 2531 464 2570 Met.
482 2532 582 2580 VIII,
603 2533 699 2574 532.
731 2546 851 2570 cen-

120 2594 246 2637 tum,
280 2589 460 2626 Valerius
478 2590 619 2627 mille
649 2590 748 2627 adeo
778 2589 851 2628 sibi

119 2660 202 2683 non
223 2646 471 2684 subsecturas
492 2648 643 2698 linguas
662 2648 850 2686 fateturf‘

119 2703 182 2740 An
203 2716 300 2741 vero
324 2705 515 2742 Hostium
544 2706 652 2755 sequi
673 2706 849 2743 voluerit

121 2760 326 2811 Virgilius,
367 2763 456 2812 quis
482 2777 556 2814 pro
597 2769 704 2801 certo
733 2764 847 2800 affir-

118 2823 199 2854 met
217 2818 235 2855 ?
281 2819 364 2857 vid.
416 2820 628 2859 Weichert.
673 2824 840 2859 Poelccr.

921 1495 1031 1533 nulla
1050 1495 1234 1534 clamoris
1253 1495 1475 1534 intentione
1500 1497 1649 1536 fracta:

922 1548 1094 1605 ἀτειρής.

980 1613 1234 1652 630—636.
1279 1610 1460 1648 Plutonis
1501 1612 1647 1664 regiam

919 1681 1003 1706 non
1026 1669 1154 1706 intrat
1183 1668 1333 1706 Aeneas
1366 1682 1457 1707 cum
1491 1671 1646 1719 comite,

919 1725 989 1763 sed
1033 1732 1194 1764 tantum
1236 1740 1258 1763 a
1306 1726 1441 1764 limine
1485 1728 1646 1777 salutat,

918 1796 1039 1821 aureo
1059 1798 1171 1822 ramo
1202 1783 1244 1821 in
1274 1783 1428 1822 foribus
1453 1784 1645 1837 deposito.

918 1841 1030 1889 Quid
1048 1841 1090 1878 in
1118 1840 1180 1879 his
1207 1848 1400 1892 sequutus
1431 1842 1482 1880 sit
1514 1849 1645 1895 poeta,

917 1913 999 1937 non
1040 1899 1176 1950 liquet.
1236 1900 1355 1951 Regia
1404 1900 1481 1937 ista
1525 1900 1646 1939 habet

915 1971 1053 1995 muros
1084 1970 1218 1994 aereos
1252 1958 1316 1995 vel
1346 1959 1507 1999 ferreos.
1568 1961 1643 1997 So—

913 2014 999 2052 lent
1020 2020 1159 2066 poetae
1191 2014 1267 2052 hae
1299 2015 1534 2053 munitionis
1565 2031 1642 2054 no—

913 2072 1023 2109 tione
1042 2072 1123 2120 uti,
1157 2071 1275 2109 ducta
1295 2086 1317 2108 a
1337 2073 1475 2110 ferreis
1497 2079 1537 2110 et
1559 2074 1641 2111 ser—

911 2130 1010 2167 ratis
1040 2129 1194 2180 porliS,
1246 2136 1286 2167 et
1326 2130 1516 2167 translato
1558 2131 1641 2169 fere

912 2199 1031 2238 opere
1062 2187 1113 2223 ad
1144 2187 1368 2224 Vulcanum
1400 2188 1463 2226 vel
1493 2189 1641 2239 Cyclo-

909 2258 989 2295 pes.
1049 2244 1113 2281 Sic
1135 2243 1334 2294 Argoruni
1354 2245 1509 2283 moenia
1532 2247 1639 2298 apud

909 2302 1080 2339 Statium
1102 2302 1118 2338 I
1139 2301 1262 2340 Theb.
1287 2305 1388 2352 630,
1424 2316 1541 2353 quem
1574 2305 1637 2342 lo—

909 2374 1001 2397 cum
1034 2360 1197 2396 Servius
1228 2360 1386 2407 laudat,
1429 2366 1468 2397 et
1498 2361 1637 2412 Myce—

909 2430 1051 2455 narum
1070 2417 1179 2468 apud
1202 2419 1336 2455 Senec.
1358 2417 1519 2469 Thyest.
1539 2421 1635 2469 406,

908 2475 989 2512 vid.
1012 2475 1136 2512 wass.
1160 2474 1210 2512 ad
1236 2474 1419 2526 Thucyd.
1444 2476 1544 2524 Vlll,
1567 2480 1635 2523 26,

909 2539 949 2569 et
998 2531 1130 2570 schol.
1176 2533 1313 2584 Eurip.
1361 2534 1489 2571 Orest.
1540 2536 1634 2576 964.

907 2589 1036 2627 Multo
1062 2589 1184 2640 magis
1201 2591 1335 2641 itaque
1365 2592 1407 2628 in
1439 2591 1574 2629 inseris
1594 2591 1632 2630 h.

907 2647 932 2685 l.
956 2654 1050 2685 sunt
1070 2649 1228 2684 moenia
1247 2650 1390 2685 educla
1416 2650 1633 2700 Cyclopum

905 2707 1077 2742 caminis
1095 2734 1106 2754 ,
1140 2704 1179 2742 h.
1199 2718 1231 2743 e.
1249 2707 1356 2744 ferro
1376 2720 1470 2744 cuso
1494 2713 1533 2743 et
1553 2707 1631 2743 ser-

903 2764 1108 2801 ruminato
1138 2763 1180 2800 in
1216 2764 1434 2815 Cyclopum
1460 2764 1630 2801 fabricis.

905 2821 1024 2871 (Male
1058 2820 1217 2874 Cerdn.)
1275 2822 1441 2859 advers-0
1469 2822 1630 2871 fornice

119 2878 215 2913 Lat.
258 2876 344 2913 Vil.
389 2886 425 2914 et
463 2878 595 2915 Carm.
629 2880 763 2930 Reliq.
806 2893 843 2930 p.
897 2888 1072 2929 portas,
1114 2885 1283 2928 ornate,
1320 2884 1437 2930 porta
1470 2878 1629 2929 proprie

119 2936 182 2975 13.
206 2938 246 2969 et
270 2933 321 2974 15
345 2947 403 2984 sq.
424 2934 542 2988 lVr.)
586 2936 728 2987 jer-rea
747 2951 839 2985 vox,
899 2937 994 2988 ipsis
1015 2942 1103 2974 erat
1125 2936 1312 2983 adversa,
1344 2942 1383 2973 ct
1402 2948 1446 2972 ea
1468 2935 1628 2985 quidem

1236 3004 1352 3050 60*
