1779 3420
131 233 231 280 838
455 229 510 276 P.
548 226 914 276 VIRGILII
951 224 1334 274 MARONIS

137 353 313 406 Currit
333 353 432 402 iter
454 361 631 402 tutum
654 368 766 401 non
788 351 957 400 secius
981 367 1215 416 aequore
1240 348 1427 412 classis,

134 423 522 489 Promissisque
549 423 709 489 patris
727 421 964 488 Neptuni
990 420 1229 468 interrita
1252 418 1434 469 fertur.

135 498 358 560 Iamque
383 494 519 542 adeo
548 492 800 558 scopulos
823 492 1075 540 Sirenum
1098 489 1314 539 advecta
1339 487 1573 550 subibat3

138 562 381 615 Difficilis
448 561 725 629 quondam
749 603 761 625 ‚
838 560 1246 626 multorumque
1308 559 1514 608 ossibus
1579 558 1655 607 al-

919 629 1044 689 bos3
1554 631 1654 681 865

140 707 282 753 Tum
314 719 470 751 rauca
502 700 725 750 adsiduo
765 700 926 764 longe
955 699 1061 748 sale
1091 714 1207 747 saxa
1239 697 1524 749 sonabant:

140 776 322 835 Quum
350 780 502 839 pater
523 771 714 819 amisso
741 768 1044 819 fluitantem
1066 784 1244 818 errare
1264 768 1517 832 magistro

143 843 343 905 Sensit,
385 849 438 890 et
460 842 572 906 ipse
593 849 766 889 ratem
789 840 1066 889 nocturnis
1089 840 1222 887 rexit
1246 838 1300 886 in
1324 837 1500 902 undis,

139 912 304 962 Multa
332 926 576 976 gemens,
626 927 857 977 casuque
901 910 1141 959 animum
1174 924 1461 958 concussus
1489 908 1655 958 amici.

241 1064 311 1098 862
336 1065 452 1096 secius
476 1062 634 1096 scribunt
658 1062 788 1095 Medic.
822 1068 858 1095 et
883 1061 943 1095 alii
968 1060 1188 1096 vetustiores.
1223 1072 1255 1094 v.
1280 1059 1400 1094 Heins.
1450 1059 1563 1093 Etiam
1588 1061 1659 1093 Be-

141 1109 298 1144 nedictus
321 1110 358 1143 in
386 1111 441 1143 ed.
464 1112 552 1144 lunt.
579 1112 669 1145 1520
693 1109 853 1143 codicum
877 1109 1088 1143 auctoritate
1115 1115 1151 1140 et
1176 1107 1279 1140 metri
1303 1107 1383 1152 lege
1409 1119 1484 1141 eam
1503 1107 1659 1152 scriptu—

141 1170 215 1191 ram
239 1158 463 1190 defendebat.
497 1158 589 1190 conf.
616 1168 694 1200 sup.
720 1157 764 1189 ad
791 1158 854 1190 Ge.
887 1158 931 1199 II,
954 1158 1035 1192 277.
1085 1156 1226 1188 saetius
1248 1156 1349 1187 Rom.
1407 1167 1481 1188 non
1508 1156 1660 1201 segnius

141 1205 277 1250 aliquot
303 1205 395 1250 apud
420 1206 601 1237 Burmann.
627 1216 703 1237 cum
728 1204 838 1237 Goth.
873 1210 968 1245 tert„
1001 1208 1172 1247 perpetua
1207 1201 1390 1235 varietate.
1440 1214 1513 1234 non
1539 1203 1661 1235 serius

142 1252 255 1296 Bigot.
314 1263 477 1298 aequora
510 1251 599 1285 alter
623 1251 813 1295 Hamburg.
849 1263 927 1283 cum
950 1250 1071 1291 Witt.‚
1105 1260 1177 1282 non
1201 1249 1364 1290 indocte,
1401 1260 1465 1293 per
1490 1259 1657 1293 aequora.

142 1312 219 1344 aeq.
253 1300 362 1333 navis
386 1301 503 1343 Sprot-
597 1299 667 1334 864
699 1298 859 1341 scopulis
882 1296 958 1331 bini
982 1309 1002 1330 a
1027 1309 1072 1331 m.
1107 1308 1159 1341 pr.
1192 1308 1268 1329 cum
1294 1296 1350 1328 ed.
1377 1296 1520 1338 Genev„
1562 1294 1661 1328 sacili

142 1345 254 1390 lapsu.
281 1354 409 1379 avecta
427 1345 502 1378 bini
522 1344 582 1378 alii
594 1347 708 1378 Burm.
735 1345 897 1378 adducta
918 1345 1008 1378 ven.
1080 1344 1148 1378 866
1160 1341 1339 1376 tonabant
1355 1342 1489 1376 Zulich.
1507 1354 1527 1375 a
1548 1355 1592 1375 m.
1604 1354 1658 1386 pr.

144 1393 207 1426 sed
231 1392 424 1433 sonabant,
456 1393 640 1426 Burmann.
665 1392 800 1437 inquit,
834 1391 1045 1436 requiritur,
1080 1397 1119 1422 ut
1156 1388 1310 1423 sibilans
1345 1390 1472 1422 littera
1505 1390 1661 1434 repetita

145 1438 312 1473 exhibeat
335 1440 449 1473 maris
472 1440 678 1473 stridorem.
725 1444 859 1482 Argute
894 1438 992 1472 satis.
1040 1436 1161 1470 Malim
1194 1436 1286 1469 hanc
1310 1448 1466 1469 caussam
1490 1436 1660 1468 reddere:

146 1488 290 1520 Sonare
327 1493 382 1519 est
415 1486 538 1520 vocab.
573 1486 689 1531 poetis
713 1486 873 1519 sollenne
910 1486 954 1518 de
987 1484 1174 1524 fluctibus,
1207 1483 1312 1516 etiam
1337 1483 1368 1516 si
1391 1483 1545 1527 scopulis
1570 1481 1661 1515 allisi

145 1534 320 1577 fragorem
345 1533 454 1566 edunt
478 1533 735 1577 gravissimum:
770 1532 891 1577 quidni
914 1532 1021 1576 igitur
1046 1538 1175 1576 poetae
1211 1542 1286 1572 eam
1310 1542 1432 1563 vocem
1458 1536 1494 1562 et
1518 1529 1576 1563 hic
1600 1541 1655 1562 re-

144 1580 359 1624 linquamu83
393 1578 458 1612 etsi
483 1579 569 1613 alias
602 1591 673 1613 non
698 1580 809 1612 minus
834 1586 928 1612 recte
954 1591 1073 1619 mare,
1096 1580 1263 1624 fluctus,
1288 1577 1430 1624 scopuli
1453 1583 1577 1610 tonare
1602 1576 1661 1609 di-

148 1633 282 1660 cuntur.

376 1627 444 1661 867
460 1628 702 1672 fluvitantem
735 1633 822 1659 vett.
857 1626 950 1670 apud
987 1625 1093 1667 Pier.,
1125 1626 1346 1670 flactantem
1380 1623 1529 1656 Dorvill.
1580 1623 1662 1668 (hoo

146 1680 265 1706 tuetur
282 1674 424 1707 Wakef.
448 1673 493 1706 ad
510 1675 650 1707 Lucret.
672 1675 732 1714 IV,
753 1674 809 1709 75.
832 1674 933 1717 lVr.)

1006 1673 1074 1707 868
1093 1680 1299 1705 nocturnas
1316 1672 1404 1705 Ven.
1476 1672 1545 1706 869
1564 1683 1661 1704 com-

148 1728 268 1754 motus
289 1720 435 1754 Vratisl.
482 1720 661 1766 confusus
683 1722 820 1764 Hugen.
844 1731 909 1765 pro
934 1732 1007 1753 var.
1031 1719 1113 1752 lect.

150 1856 186 1885 et
221 1850 412 1898 proiecit,
458 1849 614 1901 poetica
655 1853 875 1895 structura,

151 1904 251 1957 (vid.
273 1906 321 1954 Q.
352 1907 397 1946 V.
417 1907 459 1945 in
484 1908 529 1945 V.
549 1908 590 1945 L.
612 1906 721 1944 laud.
756 1904 876 1954 Hsr.)

151 1963 201 2000 ab
219 1963 395 2002 Homero
411 1965 548 2017 petita,
579 1978 652 2016 pro
675 1978 765 2002 cum
778 1977 878 2015 pro-

150 2021 244 2059 iecit
268 2035 321 2060 sc.
344 2024 516 2061 Somnus
546 2022 808 2070 Palinurum,
841 2027 879 2058 et

151 2093 248 2117 mox
275 2082 374 2122 861.
408 2080 598 2119 avolavit.
639 2078 744 2132 (Vix
772 2081 880 2130 pri-

152 2151 253 2174 mos
265 2159 322 2167 —-
334 2146 459 2186 ανιιιε,
475 2137 559 2180 vid.
573 2138 621 2185 Q.
637 2138 682 2176 V.
695 2137 880 2185 XXVIII,

153 2197 192 2243 3,
215 2195 251 2233 b.
274 2200 314 2232 et
343 2194 382 2235 4.
415 2194 533 2249 lVr.)
600 2195 702 2234 Cum
725 2197 880 2246 puppis

148 2260 280 2302 parte,
302 2252 402 2290 bene
420 2254 606 2293 Servius:
638 2267 738 2305 „pro
760 2266 880 2290 oeco-

154 2310 300 2359 nomia,
331 2316 377 2348 ut
395 2311 533 2350 triduo
568 2317 708 2350 natare
733 2317 876 2363 potue—

154 2367 245 2405 rit.“
276 2382 313 2406 v.
332 2368 397 2418 VI,
418 2368 500 2410 349
524 2383 606 2420 sqq.
638 2369 737 2407 Mox
759 2371 880 2406 inler-

155 2426 245 2473 rz‘ta‚
285 2425 367 2462 sine
396 2426 631 2475 offensione,
672 2427 784 2464 nullo
808 2425 882 2464 ad-

156 2494 274 2519 verso
307 2496 400 2520 casu
430 2485 636 2532 exterriti,
679 2484 882 2534 navigant.

215 2537 298 2580 864
310 2562 362 2567 —
377 2542 471 2582 866.
493 2542 720 2592 Respicitur
738 2541 780 2579 in
797 2541 884 2592 clis-

147 2594 278 2643 stellis
323 2599 526 2648 qnondam
564 2599 728 2637 Homeri
773 2599 884 2636 locus

160 2652 302 2703 Odyss.
322 2670 361 2705 μ,
382 2658 436 2696 39
459 2669 541 2706 sqq.
562 2659 642 2697 166
666 2671 733 2707 sq„
766 2670 883 2705 quem

160 2710 345 2760 Virgilius
406 2718 498 2750 ante
548 2714 682 2750 oculos
732 2713 882 2751 habuit.

161 2766 274 2805 Adde
299 2768 481 2819 Apollon.
514 2770 578 2818 IV,
610 2773 686 2811 891
715 2784 813 2819 sqq„
846 2777 883 2806 et

161 2825 286 2877 Orph.
311 2826 399 2877 Arg.
436 2830 543 2868 1232
566 2841 648 2877 sqq.
709 2828 884 2865 Difficilis

162 2884 253 2921 olim
287 2890 373 2922 erat
400 2885 599 2935 navigatio
625 2892 782 2936 practer
810 2884 883 2922 hos

162 2942 342 2993 scopulos
366 2948 530 2994 propter
564 2943 758 2981 fabulosas
775 2944 881 2981 Sire-

934 1860 1022 1897 nes3
1054 1860 1163 1884 nunc
1181 1852 1347 1898 propter
1370 1846 1520 1884 fluetus
1539 1846 1663 1884 maris

935 1905 1092 1943 assidue
1112 1904 1163 1942 ad
1190 1904 1373 1955 scopulos
1397 1904 1604 1942 allidentes
1623 1910 1664 1942 et

934 1976 1080 2002 navem
1096 1963 1140 2000 in
1161 1976 1226 2000 eas
1243 1962 1516 2013 impingentes.
1549 1960 1664 2014 (Iun-

936 2034 982 2073 ge
1000 2020 1428 2067 muca—sonabant,-
1469 2019 1551 2058 vid.
1572 2020 1663 2058 Not.

938 2079 991 2117 ad
1011 2078 1060 2127 II,
1091 2079 1158 2120 53.
1180 2075 1294 2131 Wr.)
1355 2079 1534 2116 Teneant
1562 2077 1664 2115 ado-

936 2137 1149 2186 lescentes,
1193 2149 1276 2173 non
1297 2135 1411 2187 longe
1446 2150 1468 2173 a
1504 2135 1664 2187 Capreis

937 2196 979 2233 in
1007 2195 1202 2232 Paestano
1236 2194 1326 2231 sinu
1350 2200 1432 2231 tres
1453 2206 1535 2231 esse
1556 2193 1665 2231 Sire-

938 2267 1036 2292 num
1069 2257 1202 2304 petras
1237 2247 1408 2304 (νήσους
1439 2247 1665 2303 Σειρηνού-

940 2308 1036 2364 σας)
1093 2309 1284 2348 adversus
1345 2309 1665 2360 promontorium

938 2368 1241 2416 Surrentinum,
1273 2366 1471 2406 fluctuum
1490 2367 1666 2404 allisione

940 2426 1035 2464 olim
1056 2431 1097 2463 et
1120 2425 1332 2475 naufragiis
1362 2426 1550 2472 infames3
1592 2438 1666 2462 an-

939 2483 1161 2534 tiquissima
1193 2483 1295 2520 sama
1316 2483 1361 2520 iis
1391 2482 1579 2521 insedisse
1602 2482 1665 2519 Si-

940 2554 1077 2590 renes,
1109 2541 1157 2578 ab
1177 2540 1353 2578 Homero
1381 2541 1492 2587 duas,
1522 2540 1565 2576 in
1586 2552 1667 2577 una

940 2600 1092 2647 insula3
1133 2598 1181 2635 ab
1210 2597 1293 2635 aliis
1330 2604 1433 2648 tres3
1473 2597 1667 2649 templum

943 2668 1100 2707 quoque
1144 2661 1183 2692 et
1216 2668 1327 2692 sacra
1358 2655 1403 2693 iis
1433 2668 1478 2693 eo
1506 2655 1547 2692 in
1578 2655 1666 2692 loeo

943 2713 1158 2751 constituta
1210 2713 1367 2750 narrari
1416 2714 1454 2750 in
1496 2712 1666 2750 Mirabil.

943 2770 1193 2808 Auditionib.
1217 2784 1249 2808 c.
1282 2773 1374 2819 110,
1406 2770 1475 2808 ubi
1508 2771 1559 2810 cf.
1583 2777 1666 2808 not.

942 2829 981 2865 in
1011 2828 1071 2865 ed.
1107 2828 1348 2865 Beckmann.
1419 2829 1512 2866 Fuit
1546 2841 1595 2865 ex
1624 2828 1668 2865 iis

943 2885 1194 2937 Parthenope
1246 2886 1424 2938 inprimis
1472 2887 1668 2924 celebrata

943 2944 1052 2981 urbis
1084 2945 1254 2981 nomine.
1317 2944 1371 2981 De
1405 2945 1533 2982 forma
1562 2944 1669 2981 Sire—
