1811 3388
540 197 664 243 AD
735 197 1173 251 LIBRUM
1239 205 1331 254 III
1596 217 1694 265 577

185 330 263 367 quo
281 319 452 370 sactum,
484 327 531 359 ut
550 324 732 361 confusas
747 326 892 377 passim
925 340 1015 365 cum
1040 327 1102 367 his
1133 329 1228 382 ipsis
1256 333 1409 374 videas:
1444 339 1514 376 etsi
1544 340 1694 381 Home-

184 388 253 412 rus
275 376 419 414 diserte
449 390 513 416 eas
547 380 804 421 distinxerat:
843 384 985 436 OdysS.
1021 402 1059 434 v,
1088 390 1154 428 77.
1187 391 1254 430 78.
1312 392 1400 431 Hoc
1426 408 1553 435 unum
1584 407 1692 440 recte

187 432 377 471 traditum
412 434 453 472 in
489 443 669 476 extrema
696 446 808 491 parte
847 447 963 480 notae
987 444 1202 483 Servianae
1233 454 1272 485 et
1302 449 1344 488 in
1374 458 1471 490 nota
1499 455 1689 498 Cerdana.

182 488 358 528 Accessit
392 492 432 529 in
467 501 584 544 poeta
622 504 661 534 et
699 497 796 547 hoc,
839 500 947 550 quod
972 501 1077 539 mala
1110 503 1348 545 denuntiant
1375 515 1415 547 et
1440 513 1688 562 praedicunt.

180 547 280 585 Nam
309 548 364 586 sic
387 550 576 591 Celaeno:
613 554 727 604 Quae
754 556 919 595 Phoebo
934 567 1055 608 pater
1074 563 1319 612 omnipolelw
1332 595 1342 614 ,
1377 569 1480 606 mila·
1496 571 1688 612 Phoebus

179 605 329 655 Apollo
350 609 566 647 Praeclz'm't
580 640 590 658 ,
626 612 736 650 voln's
756 615 971 653 Furiarum
992 631 1065 668 ego
1089 622 1271 659 maxima
1287 625 1444 672 pandO.
1509 628 1687 670 Tandem

177 662 296 700 etiam
316 664 530 704 Parcarum
553 673 592 704 et
612 669 805 708 Fatorum
822 672 909 710 loco
930 673 1088 712 habitae
1106 683 1214 718 sunt.
1274 680 1338 718 Sic
1368 682 1546 724 Herode.
1578 686 1687 727 Atti-

178 732 247 757 cus
273 720 315 758 in
342 722 524 775 Inscript.
555 725 595 762 in
623 727 833 779 Reginam:
871 744 929 769 vs·
964 732 1026 773 14.
1066 731 1214 775 οὕνεκα
1245 737 1288 776 οἵ
1312 742 1459 789 παῖδας
1483 742 1557 795 μὲν
1584 741 1685 798 οἷμύ-

176 793 303 829 μονας
325 778 367 819 ἐκ
390 779 788 838 μεγαροιο”Ἀρπυιαι
811 790 1017 838 Κλωθώες
1038 786 1313 845 ἀνηρείψαντο
1330 806 1491 838 —sunt
1511 804 1682 857 Μοῖραι.

175 835 233 873 Cf.
253 837 322 874 inf.
349 838 399 875 ad
422 839 508 888 ΧΗ,
541 839 636 883 845.
696 844 861 883 lecimus
889 847 1151 887 fundamenta
1184 851 1338 890 fabulae
1367 869 1388 892 a
1418 858 1514 895 viris
1541 859 1680 912 doctis,

173 893 242 943 qui
275 895 431 933 veriora
466 898 675 948 exquirere
704 902 861 952 volent,
902 907 1125 945 accuratius
1157 908 1435 960 dispescendae
1467 922 1506 953 et
1536 917 1680 957 diluci-

173 950 340 991 dandae.
401 954 519 992 Vanis
541 959 786 1010 etymologiis
807 960 1037 1013 implicitam
1057 978 1142 1003 rem
1161 979 1289 1019 nuper
1320 970 1491 1011 vidimus
1520 988 1542 1011 a
1569 976 1679 1015 Mar-

170 1009 311 1047 torello
333 1025 452 1063 super
473 1013 609 1053 Colon.
631 1016 793 1055 Euboic.
816 1019 1016 1071 Neapolim
1037 1022 1207 1061 deducta
1226 1039 1264 1076 p.
1287 1025 1341 1067 49
1360 1042 1443 1079 sqq.
1492 1032 1677 1074 Ceterum

168 1066 323 1105 mireris
345 1069 473 1119 sorte,
514 1077 595 1110 tam
625 1081 755 1124 casto,
794 1075 832 1114 h.
864 1091 895 1115 e.
925 1084 1003 1115 tam
1032 1081 1218 1130 exquisiti
1249 1083 1354 1121 circa
1379 1085 1423 1126 ro*
1456 1087 1574 1130 καλὸν
1607 1091 1676 1133 καὶ

167 1123 323 1177 πρέπον
346 1140 482 1165 sensus
503 1135 542 1166 et
563 1131 715 1170 subtilis
731 1133 866 1171 iudicii
885 1142 1043 1186 poetae,
1069 1139 1241 1177 fabulam
1264 1147 1343 1178 tam
1365 1156 1509 1194 parum
1528 1147 1675 1187 iucun-

168 1181 258 1220 dam
281 1185 456 1234 potuisse
472 1188 645 1237 probari.
706 1191 777 1228 Cui
800 1192 903 1230 enim
926 1208 1007 1231 non
1036 1203 1197 1234 moveat
1226 1211 1410 1238 nauseam
1427 1202 1673 1252 foedissima

165 1243 311 1278 ventri-s·
339 1244 544 1292 proluvies
563 1252 601 1283 et
622 1255 882 1300 contactuque
913 1254 1047 1289 omnia
1070 1253 1241 1303 foedant
1269 1257 1481 1297 lmmzcnclo
1511 1268 1551 1299 et
1581 1272 1675 1303 teter

165 1298 290 1335 odor?
348 1300 560 1340 Enimvero
584 1304 721 1342 talium
739 1319 875 1344 rerum
895 1307 1040 1346 iudicia
1066 1310 1231 1349 diversis
1252 1313 1292 1350 in
1312 1317 1489 1366 populiS,
1514 1319 1669 1360 diverso

164 1368 283 1403 aevo,
317 1357 534 1396 admodum
557 1361 712 1399 diversa
730 1376 810 1400 esse
840 1365 987 1416 solent3
1018 1368 1128 1417 quod
1150 1369 1317 1408 Homius
1346 1375 1565 1415 meminisse
1599 1379 1669 1417 de-

162 1412 299 1462 bebat,
332 1421 370 1451 et
390 1430 410 1451 a
440 1417 634 1469 Lessingio
667 1420 759 1458 olim
795 1423 989 1461 monitum
1020 1432 1090 1463 est.
1151 1427 1270 1474 Tum,
1303 1431 1412 1479 quod
1441 1434 1568 1472 maius
1598 1442 1666 1487 est,

161 1483 225 1518 ea,
257 1484 357 1521 quae
378 1476 590 1513 vetustatis
617 1479 895 1517 auctoritatem
920 1480 1094 1531 habent,
1134 1483 1175 1520 in
1210 1485 1329 1524 talem
1362 1501 1566 1529 censuram
1596 1494 1667 1533 vix

160 1527 342 1567 veniunt.
404 1532 452 1568 Et
493 1531 634 1572 habuit
669 1535 874 1587 Virgilius,
909 1552 1026 1589 quem
1048 1548 1302 1593 sequeretur,
1334 1544 1591 1597 Apollonium
1615 1552 1664 1603 Π,

163 1588 243 1626 187
264 1600 346 1637 sqq.
372 1589 420 1626 cf.
443 1590 534 1628 Exc.
556 1592 647 1630 XVI
669 1593 719 1630 ad
739 1608 776 1632 v.
799 1598 879 1636 623
900 1610 983 1647 sqq.

272 1646 479 1700 Superest,
510 1654 555 1685 ut
577 1650 774 1700 deforma
796 1655 933 1704 Harpy
946 1656 1077 1692 iarum
1097 1655 1371 1708 dispiciamus,
1403 1663 1536 1712 paullo
1565 1665 1663 1703 sub·

156 1699 264 1738 tilius
283 1716 400 1752 quam
422 1719 441 1741 a
460 1704 676 1746 Montsauc.
700 1714 739 1746 et
767 1710 850 1747 aliis
876 1711 1029 1750 sactum
1053 1713 1236 1753 vidimus.
1294 1717 1339 1754 In
1367 1718 1541 1759 Homero
1570 1729 1664 1761 sunt

160 1759 281 1797 Venti
300 1756 487 1807 θύελλαι,
520 1778 541 1800 a
562 1765 705 1815 quibus
722 1767 763 1803 in
779 1768 905 1806 altum
927 1776 1065 1820 raptae
1085 1778 1180 1809 sunt
1202 1773 1396 1813 Pandarei
1414 1776 1535 1828 filiae3
1563 1779 1664 1819 nihil

155 1815 203 1853 de
222 1817 348 1855 forma
371 1819 548 1859 additur.
608 1823 662 1861 At
684 1824 751 1861 ubi
771 1838 892 1875 equos
917 1827 1095 1880 Harpyia
1117 1828 1296 1881 Podarge
1324 1832 1508 1886 Zephyro
1538 1850 1661 1889 pepe-

151 1873 207 1911 rit
223 1875 451 1929 βοσκομένη
473 1882 638 1929 λειμῶνι
657 1879 766 1933 παρὰ
790 1881 888 1933 ρ’όον
908 1880 1136 1935 Ὠκεανοῖο,
1168 1889 1420 1928 manifestum
1441 1899 1519 1942 est,
1552 1896 1660 1946 quod

155 1937 196 1968 et
222 1932 455 1984 Apollonius
474 1936 514 1974 in
534 1937 677 1976 Lexico
698 1939 860 1979 Homer.
891 1944 1053 1991 statuit,
1086 1944 1268 1994 formam
1296 1951 1484 1998 equinam
1517 1952 1550 1988 ei
1578 1965 1658 1991 esse

150 1989 363 2029 tributam:
394 1993 504 2032 lli-ad.
526 2011 567 2043 π,
607 1996 698 2037 149.
731 1998 780 2035 ad
809 2012 924 2049 quem
955 2000 1086 2038 locum
1116 2002 1231 2052 plura
1258 2004 1492 2046 videbimus.
1553 2012 1658 2048 Alas

151 2046 307 2086 addidit
326 2050 523 2089 Hesiodus
545 2051 690 2104 Theog.
713 2057 807 2097 267.
868 2058 1052 2106 „Electra
1076 2059 1316 2098 Thaumanti
1344 2066 1499 2114 peperit
1530 2063 1654 2118 η’ὕκό-

150 2119 251 2155 μους
289 2105 479 2157 Ἁρπυίας
520 2105 660 2150 Ἀελλώ
701 2107 738 2150 τ’
783 2109 1006 2167 Ὠκυπέτην
1036 2131 1100 2163 τε,
1137 2118 1196 2157 Αἴ
1227 2114 1270 2170 ῥ’
1297 2115 1457 2170 ἆνέμων
1488 2127 1655 2179 πνοιῇσι

148 2161 218 2200 καὶ
259 2163 421 2210 οἰωνοῖς
466 2162 541 2214 ἅμ’
582 2167 745 2208 ἕπονται
781 2166 939 2227 Ὡκείῃς
973 2169 1221 2226 πτερύγεσσι.
1281 2176 1540 2229 μεταχθόνιαι
1575 2180 1652 2235 γαρ

148 2219 329 2259 ἴαλλον.“
388 2222 427 2259 Si
447 2219 622 2275 ἠΰκομοι
658 2233 772 2274 sunt,
809 2230 961 2278 pulcris
989 2233 1136 2279 comis,
1179 2239 1295 2284 putes
1320 2236 1485 2284 puellas
1514 2237 1652 2287 suisse3

145 2283 315 2327 possunt
349 2284 483 2317 tamen
518 2295 675 2332 quoque
700 2285 856 2334 pulcris
888 2286 991 2324 ίιιόιῖς
1024 2287 1193 2339 insignes
1224 2303 1304 2327 esse
1331 2306 1468 2344 equae.
1531 2295 1651 2348 Apud

144 2333 328 2385 Apollon.
353 2337 393 2373 in
414 2338 558 2389 Argon.
580 2340 604 2377 l.
626 2340 650 2377 l.
671 2341 717 2387 Il,
741 2344 833 2383 188.
867 2344 1066 2396 appositos
1094 2348 1331 2397 Argonautis
1358 2350 1464 2389 cibos
1489 2359 1650 2404 raptant

144 2396 403 2447 γαμφηλῇσι,
435 2396 541 2446 quod
561 2397 670 2448 apud
697 2399 917 2439 Homerum
949 2402 998 2440 de
1032 2406 1238 2453 maxillis,
1282 2406 1458 2459 σιαγόσι,
1497 2410 1649 2464 γένυσι,

145 2449 319 2499 dictum,
353 2452 400 2489 de
419 2454 559 2491 rostris
580 2455 697 2506 vulgo
718 2458 934 2509 accipitur3
966 2460 1158 2499 advolant
1175 2476 1333 2513 quoque
1354 2464 1442 2503 illae
1464 2473 1503 2505 et
1523 2469 1648 2507 edunt

144 2507 386 2557 clangorem,
419 2510 619 2564 κλαγγήν,
662 2527 718 2551 vs.
747 2518 841 2556 269.
873 2522 1076 2568 tamquam
1105 2519 1219 2557 alites
1246 2534 1429 2572 rapaces;
1470 2530 1514 2562 ut
1541 2526 1647 2577 apud

141 2564 372 2615 Apollodor.
399 2568 426 2617 l,
473 2572 510 2617 9,
541 2574 606 2612 21.
639 2570 705 2608 ubi
739 2572 1003 2624 Argonautica
1035 2577 1216 2627 exponit,
1257 2580 1456 2632 πτερωταὶ
1483 2590 1577 2621 sunt
1607 2590 1647 2622 et

143 2620 218 2661 σύν
241 2624 323 2680 βοῇ
336 2623 648 2678 nathum-sinemo..
713 2630 885 2669 Omnino
912 2633 953 2670 in
975 2634 1249 2682 Argonautieis
1272 2636 1405 2675 fabula
1430 2639 1478 2676 de
1498 2640 1644 2679 Phineo

142 2685 182 2717 et
195 2680 383 2733 Harpyiis
411 2683 596 2722 disertius
625 2688 803 2737 exposita
831 2690 949 2727 fuisse
976 2691 1150 2731 videtur.
1209 2693 1411 2732 Hactenus
1448 2696 1644 2750 Harpyias

139 2740 365 2777 animantia
385 2742 499 2779 alala
518 2753 736 2781 monstrosa
756 2746 874 2784 fuisse
892 2748 1101 2787 existimes.
1163 2749 1347 2802 Virgilius
1376 2752 1531 2792 addidit
1547 2756 1642 2807 plu-

137 2805 204 2843 ra;
247 2803 340 2834 sunt
368 2798 443 2848 ipsi
470 2800 670 2851 Harpyiae
696 2804 893 2854 volueres,
932 2809 1105 2857 virgineo
1136 2822 1222 2856 ore,
1265 2823 1409 2848 manas
1441 2813 1640 2862 unguibus

136 2855 267 2889 curvis
299 2856 511 2894 z'nslrnclas
540 2858 708 2907 habent,
743 2863 869 2910 pedes
899 2879 1020 2901 uncos
1036 2895 1046 2913 ,
1090 2880 1225 2902 vocem
1254 2867 1411 2915 diram,
1442 2871 1638 2918 pallorem

136 2908 315 2958 exsame
331 2941 340 2958 ,
375 2927 516 2962 eorpus
547 2917 843 2957 invulnerabile.
903 2919 1016 2973 (216.
1062 2923 1106 2960 V
1103 2923 1251 2973 irgine&
1275 2924 1478 2963 voluerum
1509 2928 1638 2964 mellus

204 2977 412 3028 VIRGIL.
452 2981 592 3030 ΤοΜ.
629 2983 692 3031 II.
1296 2992 1363 3037 37
