1811 3388
383 218 796 270 AENEIDos
834 218 975 268 ΜΒ.
1004 219 1092 281 IV,
1127 221 1418 270 483—487

1563 226 1662 272 673

161 348 423 411 Spargens
455 342 677 392 humida
718 342 879 392 mella
913 341 1386 408 soporiferumque
1420 360 1661 410 papaver.

157 418 298 463 Haec
322 429 378 462 se
402 412 721 462 carminibus
747 413 1013 478 promittit
1041 411 1248 462 solvere
1275 413 1484 476 mentiS‚

249 552 318 587 486
343 552 510 585 Waddel.
534 551 600 585 iam
633 553 746 585 Burm.
780 551 938 584 laudatus
964 551 1052 585 coni.
1079 563 1218 584 arcens.
1267 554 1333 584 Aut
1365 563 1546 597 spargens
1567 551 1662 585 acci-

155 599 275 643 piebat
301 610 463 631 amovens
490 610 529 630 ex
555 598 681 639 horto,
707 610 749 630 ne
775 599 879 631 draco
906 605 1059 642 gustaret
1086 604 1121 629 et
1144 597 1177 630 in
1204 609 1367 642 soporem
1392 597 1574 631 incideret.
1610 600 1662 632 Ita

153 646 214 678 ille
240 657 315 678 cum
340 645 417 677 aliis
443 645 487 677 de
512 645 805 689 interpretatione
826 645 1019 684 laborabat,
1047 652 1080 677 et
1104 644 1180 688 ipse
1207 646 1428 677 Burmannus.
1462 645 1511 677 lo.
1531 645 1661 679 Schra-

154 692 256 724 derus
282 692 316 723 in
342 691 500 732 schedis,
545 692 601 723 ubi
636 691 742 724 multa
769 698 983 731 tentaverat,
1023 703 1158 723 versum
1193 691 1333 724 damnat
1359 697 1394 722 et
1420 690 1529 730 eiicit;
1570 699 1606 724 at
1631 704 1660 725 v.

154 740 292 771 Notam.
343 737 629 783 soporzferumve
653 738 748 770 multi
773 750 828 782 ap.
854 739 1036 770 Burmann.
1085 739 1151 781 (—
1176 737 1256 772 487.
1276 739 1482 784 praemittit
1506 743 1542 770 et
1559 751 1661 771 men-

154 793 210 818 tes
233 784 372 826 Medic„
398 784 485 816 illud
509 796 528 817 a
553 797 596 817 m.
623 796 676 828 pr.
706 785 802 829 lVr.)

155 913 273 951 fuisse
300 913 462 951 Servius
492 920 651 963 narrat,
686 913 747 952 alii
778 914 879 952 Ter-

155 984 222 1009 rae
241 985 385 1009 munus
404 985 518 1022 poma
548 985 666 1009 aurea
699 972 875 1009 tradide-

154 1034 267 1077 rant,
298 1042 334 1066 v.
356 1029 446 1066 Not.
472 1028 520 1065 ad
535 1028 715 1080 Apollod.
735 1031 878 1080 p.410.

154 1085 250 1126 411.
282 1086 395 1122 Certe
416 1085 555 1123 violari
576 1099 640 1123 eos
655 1087 761 1123 nefas
781 1092 878 1124 erat.

156 1143 299 1180 Narrat
321 1149 450 1180 autem
473 1149 602 1194 poeta,
624 1144 653 1180 si
678 1158 758 1181 non
775 1144 878 1194 ipsas

155 1200 391 1250 Hesperidas
422 1200 534 1248 deas,
576 1200 716 1238 hortos
744 1207 876 1238 tamen

157 1270 316 1306 earum,
348 1271 446 1307 quos
473 1260 663 1307 [emplum
692 1259 876 1309 appellat,

155 1320 357 1365 tamquam
389 1314 519 1351 locum
537 1315 582 1351 iis
610 1329 778 1363 sacrum,
809 1316 876 1353 illo

157 1371 288 1409 adhuc
315 1377 492 1422 tempore
519 1373 776 1422 superfuisse,
807 1373 877 1410 iis-

156 1442 231 1479 que
253 1429 464 1480 praesuisse
487 1429 732 1467 sacerdotem
759 1430 876 1467 semi-

156 1500 258 1524 nam.
303 1486 349 1522 cf.
375 1486 465 1523 Exc.
492 1486 542 1523 lv
563 1487 609 1524 ad
637 1486 675 1525 h.
701 1487 725 1527 l.
784 1486 874 1539 (Ce-

157 1549 287 1581 terum
309 1543 390 1582 vid.
415 1543 456 1579 V.
479 1543 518 1581 L.
542 1544 591 1580 ad
620 1543 658 1581 h.
683 1558 736 1581 vs.
764 1543 873 1596 lVr.)

214 1600 308 1642 486.
349 1600 410 1637 Sic
432 1601 498 1638 ins.
530 1601 593 1649 VI,
624 1600 717 1641 420.
742 1601 875 1653 Sibyl-

155 1657 192 1695 la
228 1657 398 1694 Cerbero
432 1659 558 1695 Melle
583 1667 813 1708 soporatam
839 1667 875 1696 et

155 1715 361 1751 medicatis
381 1714 569 1763 frugibus
597 1715 724 1767 offam
759 1716 876 1753 Obii-

155 1774 233 1809 cit.-
267 1785 406 1809 verum
439 1772 493 1808 ibi
514 1772 564 1809 ad
592 1786 773 1824 soporem
802 1774 878 1810 im-

155 1829 411 1866 mittendum.
471 1830 589 1867 Nunc
622 1836 778 1868 tantum
809 1844 880 1881 pro

156 1886 230 1924 oss'a
259 1900 303 1923 ac
323 1887 408 1923 cibo
440 1887 606 1924 ofl'ertur
636 1885 758 1939 μα’ζα,
790 1888 878 1939 pla-

155 1949 269 1981 centa
313 1944 484 1991 mellita,
524 1951 615 1992 aut,
656 1946 686 1982 si
720 1946 878 1996 proprie

156 2001 263 2038 dicta
291 2001 527 2051 accipimus,
576 2002 650 2038 mel
683 2002 878 2052 liquidum

158 2071 247 2095 cum
280 2071 490 2108 papavere.
550 2058 666 2095 Mella
697 2065 763 2095 aut
788 2059 878 2109 pla-

158 2121 289 2151 centas
335 2115 502 2152 mellitas
535 2116 783 2166 serpentibus
813 2130 878 2152 sa-

158 2172 233 2208 cris
253 2171 418 2222 apponi,
450 2171 559 2209 haud
582 2173 748 2221 mirum3
787 2186 877 2210 nam

159 2229 188 2265 si
227 2228 266 2264 in
298 2229 451 2278 templis
484 2241 642 2266 servare
679 2236 877 2280 serpentes

158 2298 290 2322 sacros
333 2286 554 2335 placuerat,
605 2299 759 2324 necesse
795 2294 879 2324 erat

157 2342 203 2379 iis
227 2342 355 2379 cibum
381 2343 578 2392 praebere.
610 2344 742 2393 Neque
762 2344 876 2393 quic—

158 2412 276 2449 quam
303 2400 469 2450 amplius
497 2401 536 2437 in
570 2413 615 2437 eo
643 2401 726 2438 ritu
755 2414 879 2450 quae-

157 2470 262 2504 ram3
306 2469 431 2506 neque
462 2464 570 2505 tum,
615 2458 646 2494 si
686 2458 769 2509 ipsa
802 2458 879 2495 l)ea

158 2514 271 2550 Salus
309 2514 423 2551 simili
464 2527 571 2552 more
601 2523 820 2566 serpentem
857 2528 877 2552 e

158 2577 323 2622 paterna
346 2571 491 2622 pascit:
515 2572 584 2609 etsi
607 2573 732 2610 multa
753 2573 876 2610 serius

159 2641 352 2665 accessere
367 2629 510 2679 partim
533 2630 764 2680 religionum
780 2643 874 2681 par-

159 2685 229 2721 tim
252 2687 599 2735 grammaticorum
631 2687 873 2731 commentis,

160 2741 208 2777 de
257 2742 399 2790 quibus
447 2756 556 2794 egere
609 2744 786 2795 Bottiger
836 2751 875 2780 et

159 2798 344 2848 Sprengel
396 2799 434 2836 in
476 2802 701 2851 Beylrci'gen
755 2805 796 2848 1,
836 2805 874 2841 2.

163 2856 446 2903 „lncongrue‚
481 2857 558 2894 iam
593 2859 754 2895 Servius
785 2872 874 2895 mo-

161 2911 272 2958 nuit,
308 2912 710 2963 ,‚videturposicu1n,
750 2923 792 2951 ut
810 2930 876 2952 so-

228 2978 432 3027 Vfflmt.
471 2980 609 3027 ToM.
635 2981 697 3029 II.

932 912 1112 964 polifera
1137 914 1284 963 species
1318 911 1527 966 (papaver)
1562 928 1659 964 per-

937 972 1056 1021 vigili
1085 971 1199 1007 detur
1224 972 1461 1008 Draconi.“
1533 970 1659 1009 Multa

937 1028 988 1064 ad
1023 1027 1316 1065 defendendum
1347 1034 1506 1079 poetam
1534 1034 1572 1065 et
1605 1028 1660 1066 ibi

937 1091 976 1122 et
1011 1085 1153 1135 passim
1193 1085 1284 1122 alibi
1326 1086 1496 1123 afferunt
1527 1085 1658 1137 Intpp.

937 1156 975 1180 v.
999 1142 1138 1179 Cerda.
1179 1142 1382 1180 Excidisse
1405 1141 1482 1180 hoc
1504 1149 1657 1194 poetae,

936 1205 982 1237 ut
1005 1199 1164 1237 credam
1184 1199 1294 1236 facile
1315 1199 1515 1249 adducor3
1540 1201 1658 1251 quip-

935 1269 982 1307 pe
1003 1257 1069 1306 qui
1097 1270 1177 1294 non
1197 1257 1438 1308 meminisset
1469 1258 1563 1296 offas
1584 1271 1657 1309 pa-

935 1326 1080 1364 pavere
1109 1314 1244 1351 aliisve
1280 1315 1506 1365 soporiferis
1533 1315 1658 1352 succis

934 1371 1114 1408 conditas
1127 1371 1365 1409 draconibus
1379 1372 1484 1423 apud
1505 1378 1658 1410 veteres

936 1428 1051 1465 obiici
1084 1434 1193 1477 tum,
1225 1442 1314 1466 cum
1339 1442 1476 1467 somno
1502 1429 1558 1466 illi
1582 1444 1656 1481 op—

934 1486 1132 1536 primendi
1154 1492 1260 1523 sunt.
1297 1486 1378 1523 Nec
1403 1493 1536 1524 tamen
1557 1487 1655 1525 adeo

934 1542 1174 1591 absurdum,
1215 1556 1305 1580 cum
1339 1544 1452 1581 melle
1480 1544 1656 1594 antiqui-

934 1606 992 1637 tas
1011 1600 1050 1637 in
1072 1600 1307 1650 quotidiano
1333 1602 1442 1639 victu
1462 1607 1655 1650 uteretur,

933 1663 973 1694 et
991 1670 1163 1708 papaver
1184 1664 1287 1695 certe
1306 1659 1499 1708 posterior
1530 1659 1656 1696 Grae-

937 1715 996 1752 cia
1030 1715 1069 1752 in
1106 1715 1253 1753 deliciis
1290 1713 1475 1764 haberet,
1524 1716 1656 1754 cibum

937 1772 1119 1822 serpenti,
1139 1772 1348 1810 lautiorem
1364 1779 1401 1810 et
1424 1773 1655 1822 dulciorem,

935 1828 1027 1866 inde
1049 1835 1232 1880 paratum
1262 1829 1360 1877 dici,
1390 1836 1437 1868 ut
1471 1838 1656 1881 pascatur

934 1884 998 1924 ille
1014 1887 1100 1924 oss'is
1111 1887 1271 1924 mellitis
1282 1900 1480 1939 papavere
1498 1888 1655 1937 mixtis,

935 1950 982 1981 ut
1015 1945 1278 1994 soporiferam
1320 1950 1480 1983 tantum
1527 1951 1654 1983 ornet.

938 2000 1043 2052 (Non
1070 2001 1217 2051 ubique
1254 2001 1430 2052 epitheta
1459 2009 1551 2053 apte
1582 2003 1655 2040 de—

935 2058 1032 2108 legit
1065 2058 1267 2109 Virgilius,
1311 2059 1359 2096 cf.
1388 2059 1468 2097 Ecl.
1506 2060 1553 2106 X,
1587 2062 1653 2100 66.

942 2117 1003 2153 W
1005 2113 1095 2167 cll.)
1195 2129 1413 2164 spwgens,
1474 2116 1652 2164 miscens,

935 2173 1074 2218 Serv.;
1107 2170 1146 2209 h.
1168 2183 1200 2210 e.
1219 2171 1417 2219 obiiciens,
1449 2173 1653 2223 praebens,

936 2242 1149 2279 apponens.
1213 2228 1319 2266 Nihil
1351 2229 1536 2280 amplius3
1580 2229 1653 2267 nisi

935 2286 1044 2335 quod
1069 2292 1113 2323 ut
1140 2291 1254 2336 poeta
1286 2285 1402 2323 docte
1434 2286 1540 2336 loqui
1565 2301 1652 2323 ma-

940 2343 1025 2380 luit.
1057 2342 1289 2394 (Spargebat
1318 2342 1359 2380 in
1394 2343 1457 2380 via
1477 2344 1591 2381 mella
1615 2350 1653 2381 et

936 2412 1131 2450 papaver,
1161 2400 1303 2449 quibus
1324 2400 1581 2438 advenientes
1603 2401 1651 2438 ab

939 2456 1057 2494 horto
1087 2463 1239 2494 arceret
1264 2463 1303 2494 et
1328 2471 1442 2508 poma
1462 2457 1651 2510 Hesperi-

937 2514 1032 2551 dum
1064 2520 1250 2552 servaret.
1282 2515 1402 2552 lalm.
1439 2517 1650 2566 praeclare,

936 2571 966 2608 si
989 2572 1061 2608 mel
1085 2578 1123 2609 et
1145 2585 1319 2622 papaver
1338 2571 1445 2610 hunc
1466 2575 1513 2610 ad
1538 2587 1650 2611 usum

934 2628 1156 2666 adhibuisse
1188 2635 1338 2666 veteres
1366 2629 1544 2680 ipsorum
1579 2643 1650 2668 ve-

934 2693 1062 2723 terum
1092 2686 1328 2723 testimoniis
1356 2687 1561 2737 probasset
1589 2688 1651 2725 vir

933 2743 1193 2781 doctissimus.
1229 2742 1347 2795 Wr.)

991 2803 1073 2841 467
1088 2823 1132 2828 -
1150 2799 1244 2841 491.
1266 2801 1465 2838 Sollennia
1485 2800 1583 2838 haee
1603 2801 1651 2838 de

935 2857 1086 2894 artibus
1106 2858 1261 2908 magicis
1284 2858 1335 2895 ad
1361 2858 1563 2896 fastidium
1586 2870 1649 2894 re-

934 2915 1059 2965 petita
1093 2927 1115 2950 a
1154 2914 1294 2965 poetis.
1355 2915 1442 2952 vid.
1478 2915 1528 2952 ad
1571 2914 1649 2952 Eoi.

1308 2982 1373 3025 43
