1731 3420
96 199 163 248 50
345 194 572 254 DISQU.
609 193 658 242 Π
692 193 783 241 DE
821 190 1069 240 RERUM
1104 188 1175 236 IN
1211 187 1361 236 AEN.

97 326 262 374 terris.
311 320 449 372 conf.
485 326 599 373 478.
632 323 746 371 479.
816 318 984 367 Recte
1017 312 1151 362 adeo
1183 314 1390 362 Aeneas
1428 311 1607 363 dicere

98 400 308 459 poterat
342 391 427 442 lib.
451 392 539 451 111,
578 395 609 441 7
643 405 699 436 se
734 386 894 436 Troia
926 382 1200 450 profectos
1224 385 1476 444 Incertos,
1515 403 1609 449 quo

83 467 213 528 sata
247 465 456 528 serant,
517 462 597 508 ubi
649 462 824 506 sistere
863 459 1021 503 detur.
1081 449 1221 502 conf.
1265 453 1474 503 ExcurS.
1513 456 1608 504 XV

99 532 165 582 ad
200 531 285 582 lib.
316 533 377 581 ΙΙ.
448 532 650 580 Verum
689 527 742 575 in
779 526 894 590 ipso
931 539 1113 572 rerum
1154 530 1487 570 narratarum
1525 539 1608 572 or-

100 601 224 652 dine
262 599 403 666 apud
442 607 657 664 poetam
702 596 938 661 primum
981 592 1068 643 lib.
1116 593 1192 653 ΙΙ,
1230 596 1333 643 281
1372 607 1447 657 sq.
1497 594 1604 642 He-

100 672 258 721 ctoris
287 669 478 719 umbra
512 672 723 717 Aeneae
759 680 856 731 per
888 678 1143 711 somnum
1184 660 1372 710 suadet
1406 660 1606 726 sugam,

97 760 368 804 novumque
408 744 455 787 in
506 741 609 785 alia
639 746 804 795 terra,
849 738 988 782 ultra
1028 750 1197 790 mare,
1254 729 1405 797 quod
1439 734 1605 781 Troa-

101 811 227 859 dem
272 809 440 869 alluit,
497 810 733 855 coloniam
780 802 1055 868 promittit.
1135 804 1260 850 Mox
1296 802 1606 866 auspicium,

99 881 333 946 primum
374 876 619 926 flammae
648 875 700 922 in
737 872 836 922 Iuli
869 871 1060 938 capite,
1107 872 1171 933 II,
1212 876 1329 931 681,
1367 879 1485 919 tum
1527 888 1606 922 ex-

100 950 200 998 orti
237 948 409 997 subito
443 944 669 995 meteori
710 961 754 993 v.
788 948 889 993 692
920 949 1201 1006 receptum
1235 939 1302 989 ad
1332 939 1460 990 Idae
1486 958 1607 991 mu-

99 1020 206 1067 nita
246 1017 359 1066 loca
408 1024 459 1065 et
496 1034 629 1080 spem
666 1016 981 1078 posteritatis
1029 1030 1091 1059 ex
1131 1015 1239 1060 Iulo
1287 1010 1607 1069 ostendunt3

100 1104 198 1136 nec
249 1103 359 1135 non
402 1087 598 1135 Creusa
651 1087 949 1148 Hesperiam
994 1079 1183 1129 sedem
1229 1078 1491 1143 futuram,
1555 1089 1606 1130 et

99 1156 318 1223 quidem
354 1159 513 1205 Tiberi
540 1152 701 1201 fluvio
736 1169 880 1201 nunc
911 1151 1147 1216 primum
1178 1150 1487 1213 nominato,
1524 1150 1606 1199 in-

100 1234 416 1292 terpretatur
459 1242 503 1274 v.
545 1229 643 1274 781
691 1239 803 1288 sqq.
856 1221 978 1284 (ubi
1014 1223 1225 1272 ExcurS.
1270 1223 1366 1270 XV
1413 1220 1604 1269 viden-

100 1296 232 1359 dus).
304 1296 363 1343 In
397 1293 532 1343 Delo
559 1292 766 1342 Phoebi
803 1290 1079 1340 oraculum
1116 1306 1235 1338 eam
1267 1298 1467 1338 terram
1509 1289 1606 1339 de-

99 1365 255 1414 clarat
287 1380 399 1412 esse
433 1361 760 1423 adeundam,
802 1377 830 1411 e
861 1378 963 1427 qua
999 1364 1203 1409 Troiani
1237 1364 1478 1425 originem
1511 1365 1606 1410 da-

98 1445 238 1491 cant‚·
264 1437 328 1482 ibi
348 1452 586 1499 magnum
611 1436 863 1497 imperium
891 1434 1245 1480 constituturos
1278 1450 1385 1480 esse
1407 1435 1629 1480 Aeneae‘

91 1515 318 1570 posteros
359 1505 446 1563 ΙΙΙ,
483 1509 549 1554 94
593 1518 721 1567 sqq.,
769 1517 929 1567 quae,
969 1517 1091 1551 cum
1125 1499 1198 1549 illi
1240 1509 1457 1548 auctore
1496 1503 1606 1549 An-

100 1574 264 1635 chise,
313 1573 403 1638 qui
441 1575 709 1621 Teucrum
747 1587 775 1621 e
811 1573 968 1621 Creta
1012 1569 1303 1619 oriundum
1338 1570 1605 1619 memine-

98 1652 200 1704 rat,
239 1642 377 1691 male
425 1641 491 1690 de
539 1643 691 1691 Creta
747 1641 1072 1706 acciperent,
1128 1640 1292 1706 inque
1333 1638 1431 1688 hac
1475 1655 1605 1688 con«-

98 1712 271 1761 sidere.
309 1711 525 1773 vellent,
574 1713 797 1760 Penates
829 1727 928 1776 per
959 1726 1216 1759 somnum
1250 1712 1464 1760 Aeneae
1506 1709 1604 1758 ob—

98 1782 184 1830 lati
227 1781 293 1830 de
334 1780 478 1831 Italia
523 1779 850 1830 manifestius
889 1788 1192 1845 exponunt,
1257 1797 1302 1830 v.
1347 1785 1444 1832 163
1490 1796 1603 1845 sqq.

100 1868 212 1900 esse
260 1860 478 1909 terram,
513 1851 822 1914 Hesperiam
863 1850 1075 1899 Graecis
1118 1849 1341 1911 dictam,
1391 1849 1603 1914 antiqua

98 1920 265 1976 fama;
312 1919 406 1967 soli
442 1918 734 1981 fertilitate,
781 1919 1079 1969 incolarum
1114 1919 1309 1968 virtute
1345 1918 1603 1977 nobilem,

100 1991 413 2038 Oenotriam
451 1989 580 2036 olim
606 1989 822 2051 dictam,
859 2006 1002 2039 nunc
1027 1989 1231 2039 Italiam
1267 1988 1331 2037 ab
1363 1988 1477 2038 Itali
1504 1988 1605 2037 du—

100 2060 170 2107 cis
204 2059 446 2108 nomine:
483 2058 605 2107 hinc
639 2058 946 2108 Dardanum
975 2059 1262 2125 aliquando
1295 2056 1603 2124 profectum

100 2129 291 2177 Troiae
334 2128 446 2175 loca
498 2127 709 2185 adiisse3
756 2146 869 2178 esse
911 2130 965 2178 in
1009 2146 1069 2179 ea
1108 2138 1247 2179 terra
1289 2127 1601 2192 Corythum,

99 2214 192 2245 sen
234 2197 426 2245 urbem
462 2214 554 2245 seu
599 2198 848 2261 heroem,
899 2208 950 2247 et
988 2199 1269 2263 regionem
1311 2198 1601 2247 Ausoniam

100 2267 341 2316 Troianis
385 2267 775 2330 exquirendam.
847 2269 1096 2334 Inprimis
1138 2269 1477 2332 ingeniosum
1510 2276 1602 2327 est,

99 2337 246 2400 quod
301 2337 655 2385 Troianorum
700 2338 927 2399 origines
985 2356 1045 2388 ex
1089 2339 1235 2388 Italia
1284 2346 1605 2403 repetuntur

100 2422 196 2469 per
227 2405 558 2465 Dardanum,
621 2406 704 2457 lib,
742 2410 838 2469 ΠΙ,
893 2414 986 2460 167
1021 2425 1134 2475 sqq,
1185 2411 1297 2470 VII,
1335 2411 1439 2459 205
1471 2424 1602 2472 sqq„

99 2474 291 2522 sabulis
323 2474 510 2521 diversi
539 2477 745 2536 generis
780 2477 1026 2538 confusis,
1066 2478 1161 2528 sed
1195 2477 1444 2543 exemplo
1475 2476 1603 2525 alio—

99 2561 245 2593 rum:
293 2562 335 2593 v.
371 2546 577 2594 Excurs.
619 2548 689 2595 vl
739 2546 800 2594 ad
846 2546 930 2597 lib.
974 2550 1061 2599 111.
1135 2548 1340 2609 Quibus
1383 2547 1602 2595 narratis

100 2613 163 2660 ab
210 2617 385 2661 Aenea
436 2613 687 2661 Anchises
740 2617 1106 2666 vaticiniorum
1151 2616 1476 2668 Cassandrae
1533 2615 1601 2663 de

99 2682 344 2730 adeunda
370 2684 618 2745 Hesperia
655 2693 704 2731 et
731 2685 872 2733 ltalia
902 2687 1257 2736 reminiscitur
1286 2706 1330 2738 v.
1366 2693 1462 2738 183
1488 2702 1601 2751 sqq.

97 2754 224 2799 Post
255 2751 384 2798 haec
425 2761 565 2798 recte
605 2754 703 2799 iam
738 2753 820 2801 illa
855 2755 917 2801 ab
952 2759 1131 2805 Aenea
1166 2757 1266 2805 dici
1307 2763 1603 2822 potuerunt

102 2820 185 2870 lib.
222 2822 268 2878 Ι,
327 2827 427 2871 380
482 2838 593 2885 sqq.
688 2827 893 2871 Italiam
936 2845 1119 2888 quaero
1151 2831 1381 2891 patriam
1427 2829 1603 2873 Matre

98 2894 197 2939 dea
238 2901 544 2940 monstrante
584 2895 737 2952 viam,
783 2899 912 2942 data
934 2898 1065 2958 sata
1102 2907 1347 2961 sequutus.
1420 2898 1600 2946 Unum
