1779 3420
166 233 269 284 252
527 224 1337 276 EXCURSUSMX

167 361 276 400 edita
306 358 508 407 Αἰθιοπὶς
530 355 630 398 κατὰ
649 353 855 411 ’alent-[vota
890 352 955 396 τὸν
979 350 1193 406 Μιλήσιοι»
1225 353 1447 405 adscripta,
1495 356 1697 400 tamquam

167 434 219 458 ex
248 433 325 471 qua
346 431 485 456 rerum
512 429 790 468 expressarum
815 427 907 465 pars
927 412 1052 464 petita
1089 412 1152 450 sit.
1214 411 1429 450 Arctinum
1459 408 1510 446 ad
1539 408 1700 459 Olymp.

166 478 227 517 [X
256 477 426 525 Suidas,
474 475 525 513 ad
559 475 612 512 lv
648 475 773 512 refert
804 471 996 509 Eusebius
1025 470 1262 522 Hieronymi
1295 468 1505 515 MCCLIV,
1551 466 1620 504 ubi
1660 480 1699 506 v.

167 537 331 575 Pontac.
360 534 498 586 Scalig.
527 533 696 571 Vallars.
726 531 823 568 item
855 529 1018 566 Salmas.
1052 528 1103 566 ad
1136 529 1257 566 Solin.
1282 543 1321 580 p.
1347 529 1442 570 599.
1466 528 1548 567 600
1570 524 1699 576 Ryck.

170 595 219 633 de
248 595 362 646 prim.
385 593 473 631 Ital.
496 591 626 629 colon.
647 604 686 642 p.
707 588 804 629 440.
868 586 1007 624 Eidem
1026 582 1144 626 Ἰλίου
1168 585 1318 640 Πέρσις
1343 586 1516 631 tributa,
1552 582 1600 620 de
1622 596 1699 633 qua

167 667 206 693 v.
234 654 406 691 Excurs.
437 651 450 688 l
482 649 534 687 ad
565 648 633 688 lib.
658 648 712 696 ΙΙ,
746 661 806 698 pr.
868 644 1100 683 Secundum
1129 650 1303 693 veteres,
1347 657 1447 694 quos
1479 641 1696 689 amisimus,

167 712 246 750 late
270 709 514 749 describitur
541 705 765 744 Menmonis
792 705 920 742 fatum
955 717 975 740 a
997 702 1154 751 Quinto
1175 703 1345 753 Paralip.
1370 702 1436 739 lib.
1457 700 1491 738 ll
1519 705 1559 736 et
1582 699 1701 750 Dicty

168 770 236 819 IV,
269 769 307 810 4.
340 768 406 816 VI,
442 769 507 807 10.
539 771 578 802 et
597 764 741 802 ultimo
760 763 850 801 loco
887 776 908 800 a
935 762 1079 799 Tzctza
1108 760 1149 798 111
1182 759 1387 798 Posthom.
1411 761 1495 800 212
1519 771 1602 808 sqq.
1632 756 1698 795 ubi

168 843 208 867 v.
228 827 396 866 Iacobsii
419 830 537 872 nota,
569 822 637 873 qui
666 821 876 859 Sturzium
897 832 1058 872 quoque
1089 818 1242 857 excitat
1263 818 1314 855 ad
1334 816 1528 855 Ilellanici
1561 816 1698 866 fragm,

168 901 208 940 p.
245 886 338 928 149.
407 881 546 921 Multis
579 881 699 919 etiam
742 880 835 917 olim
876 878 1090 930 tragoediis
1121 877 1197 915 suit
1237 877 1458 914 celebratus
1499 874 1701 921 Memnon,

168 942 356 995 Aeschyli
378 940 560 994 inprimis
581 947 620 978 et
644 938 878 990 Sophoclis,
911 937 1025 975 cuius
1048 935 1252 984 Αἰθίοπες
1276 934 1455 972 eiusdem
1477 932 1702 984 argumenti

169 1004 287 1041 fuisse
306 1001 519 1047 videntur,
553 1005 615 1047 et,
661 997 770 1048 quod
789 996 996 1049 probabile
1024 994 1089 1043 fit,
1135 1009 1215 1032 una
1245 994 1463 1043 eademque
1487 1005 1578 1029 cum
1603 993 1700 1028 ille-

169 1076 312 1098 mnone
332 1059 480 1097 sabula.
542 1057 797 1095 Memnonem
820 1055 939 1092 etiam
961 1054 1162 1091 Homerus
1189 1053 1271 1105 ipse
1293 1050 1535 1089 memoravit
1555 1048 1700 1100 Odyss.

169 1120 205 1168 ὅ,
241 1120 334 1160 188.
369 1117 437 1155 ubi
462 1117 608 1154 Nestor
631 1115 757 1152 filium
789 1111 1052 1152 Antilochum
1088 1112 1135 1148 ab
1176 1125 1221 1149 eo
1253 1124 1409 1148 caesum
1442 1108 1598 1161 prodit3
1643 1112 1701 1143 est

168 1177 222 1215 ibi
246 1173 367 1224 Ἠοῦς
391 1177 567 1227 φαεινῆς
598 1169 750 1227 ἆγλαός
776 1168 880 1220 υἱός.
940 1171 991 1209 Et
1022 1173 1056 1219 λ,
1089 1170 1169 1213 521
1201 1169 1361 1220 Ulysses
1390 1166 1700 1219 Neoptolemum

168 1234 378 1288 praedicat
410 1230 625 1274 κάλλιστον
668 1227 764 1284 μετὰ
799 1228 1005 1282 Μέμνονα
1039 1229 1141 1268 δῖον.
1211 1227 1307 1265 Fuit
1344 1227 1481 1277 itaque
1510 1225 1700 1262 Memnon

167 1293 438 1347 pulcerrimus
468 1291 635 1330 iuvenis.
701 1288 888 1339 Virgilius
921 1294 1056 1326 tamen
1090 1288 1254 1336 nigrum
1285 1285 1471 1337 appellat.
1543 1282 1701 1321 Scilicet

168 1351 336 1390 Tithoni
359 1358 399 1389 et
425 1350 604 1388 Aurorae
628 1348 735 1386 filius
758 1347 880 1384 Indos
903 1353 943 1384 et
970 1344 1187 1395 Aethiopes
1219 1343 1436 1381 adduxisse
1460 1343 1608 1380 fertur:
1656 1345 1702 1378 ut

169 1411 356 1449 Troianis
381 1423 497 1461 opem
516 1409 658 1446 ferret:
687 1406 771 1444 sive
794 1405 904 1456 quod
925 1405 1030 1442 sama
1054 1408 1259 1455 acceptum
1285 1409 1386 1449 erat,
1419 1400 1574 1440 venisse
1596 1400 1694 1436 Tro-

167 1469 272 1507 ianis
307 1468 434 1506 socios
462 1474 502 1505 et
536 1466 686 1504 auxilia
719 1478 770 1501 ex
804 1463 922 1502 terris
950 1462 1001 1500 ad
1029 1462 1226 1500 orientem
1258 1460 1425 1499 Troadis
1458 1458 1564 1507 sitis,
1616 1457 1701 1495 sive

169 1527 281 1579 quod
299 1542 320 1565 a
334 1526 500 1579 Cyclicis
524 1531 610 1563 tota
629 1525 696 1562 illa
716 1522 898 1561 narratio
914 1522 992 1559 fuit
1016 1521 1123 1558 illata
1137 1520 1257 1558 rebus
1279 1518 1444 1557 Troicis.
1476 1515 1698 1554 Obscurior

169 1593 228 1625 est
261 1586 309 1624 de
327 1585 541 1623 Memnone
566 1583 722 1631 sabula,
769 1586 806 1618 et
838 1593 938 1631 quae
955 1579 1077 1616 niodo
1109 1578 1161 1616 ad
1182 1579 1409 1630 Aegyptum
1438 1575 1699 1627 superiorem,

168 1645 290 1684 modo
314 1644 365 1682 ad
395 1643 654 1696 Assyriorum
686 1640 786 1678 adeo
813 1639 986 1690 origines
1022 1643 1249 1675 revocetur.
1318 1635 1419 1673 Vide
1451 1648 1469 1671 a
1503 1632 1699 1671 Pocockio

169 1710 357 1755 congesta
386 1702 436 1740 ad
467 1700 689 1739 Memnonis
721 1699 876 1749 signum
910 1695 1196 1734 illustrandum
1236 1694 1277 1731 in
1308 1693 1437 1731 ruinis
1468 1691 1698 1729 Thebarum

170 1762 392 1816 (Des-cripi.
431 1760 486 1812 os
506 1760 570 1797 llze
601 1761 704 1796 Eas(
725 1757 837 1794 Tom.
860 1755 887 1803 I,
919 1769 958 1807 p.
991 1757 1068 1795 101
1099 1767 1181 1804 sqq.
1213 1758 1251 1789 et
1273 1753 1313 1789 in
1336 1750 1592 1802 Inscription.
1617 1755 1698 1786 ant.

168 1820 319 1873 graecis
338 1834 376 1872 p.
397 1822 451 1861 8O
474 1832 557 1869 sqq.
580 1820 629 1858 91
655 1812 772 1867 sqq).
832 1812 911 1851 Sed
940 1826 990 1850 ne
1021 1819 1163 1864 poetae
1181 1810 1354 1848 absurda
1375 1809 1589 1847 commenti
1618 1821 1700 1843 esse

168 1879 408 1927 videantur,
449 1876 528 1915 hoc
558 1876 697 1913 saltem
725 1872 999 1919 monebimus,
1041 1871 1298 1922 Assyriorum
1330 1868 1542 1920 imperium
1571 1865 1700 1904 videri

168 1938 237 1976 illo
257 1944 441 1988 tempore
462 1948 588 1986 usque
609 1934 650 1971 in
672 1932 804 1971 Asiam
828 1930 1021 1967 minorem
1043 1929 1273 1981 prolatum,
1316 1934 1436 1977 atque
1462 1939 1511 1963 ex
1539 1925 1586 1962 iis
1606 1924 1698 1961 [ini-

168 1997 264 2045 bus,
298 1996 476 2045 adeoque
498 2007 548 2031 ex
579 1992 744 2030 Oriente
777 1988 887 2036 (111110
916 1989 1028 2024 ane
1061 1985 1198 2039 αρίιικ),
1231 1999 1313 2023 11011
1345 1999 1443 2023 vero
1467 1997 1515 2021 ex
1538 1982 1699 2034 Assyria

168 2054 332 2108 proprie
355 2053 481 2101 dicta,
521 2052 696 2103 potuisse
716 2047 811 2099 fingi
842 2046 907 2086 vel
935 2045 1042 2084 tradi
1061 2045 1234 2096 aliquem
1255 2044 1531 2090 Memnonem,
1563 2041 1699 2078 Auro—

167 2127 261 2161 rae,
293 2108 424 2160 Ἠοῦς,
458 2111 598 2158 filium,
633 2108 767 2160 copias
790 2104 976 2143 Troianis
997 2102 1236 2151 adduxisse3
1284 2102 1403 2139 lndos
1419 2107 1459 2139 et
1481 2098 1699 2150 Aethiopes

167 2178 308 2224 poetae
331 2176 498 2219 voeant3
543 2182 623 2219 quo
652 2166 812 2205 nomine
836 2176 973 2201 omnes
1004 2161 1054 2199 ad
1076 2162 1283 2199 Orientem
1307 2161 1401 2198 sitos
1432 2158 1624 2212 populOS,
1656 2156 1699 2193 in

168 2229 410 2268 australibus
438 2227 621 2279 inprimis
657 2225 805 2277 plagis,
854 2221 1117 2259 declarabant
1148 2225 1314 2258 veteres.
1375 2218 1531 2256 Ornata
1555 2214 1700 2253 deinde

167 2288 290 2327 variis
312 2287 442 2325 modis
468 2292 507 2323 et
528 2284 768 2338 amplificata
789 2280 935 2319 sabula.
970 2280 1016 2317 ef.
1037 2279 1206 2317 Pausan.
1230 2278 1282 2326 X,
1315 2279 1365 2319 31
1387 2291 1425 2328 p.
1449 2276 1544 2317 875.
1566 2273 1698 2311 Schol.

168 2346 284 2385 Pind.
307 2347 417 2384 Nem.
441 2348 478 2393 6,
510 2345 577 2386 85.
612 2347 650 2390 3,
676 2345 769 2384 106.
801 2339 894 2378 add.
918 2338 988 2375 ins.
1017 2337 1068 2375 ad
1091 2351 1128 2374 v.
1152 2337 1248 2379 751.
1309 2335 1404 2373 Fuit
1428 2346 1588 2385 quoque
1613 2331 1700 2368 Me-

169 2404 328 2442 mnonis
364 2403 591 2455 sepulerum
620 2399 732 2438 haud
763 2399 878 2448 longe
900 2396 948 2432 ab
977 2395 1129 2447 Aesepo
1159 2394 1211 2431 ad
1235 2395 1550 2445 septentrionem
1570 2391 1700 2428 Troa—

169 2464 230 2502 dis
253 2463 413 2500 linium:
445 2459 691 2499 St1·ah.Xll[
714 2472 752 2509 p.
776 2458 858 2497 878
892 2456 933 2492 C.
995 2454 1168 2491 Confusa
1196 2452 1361 2489 tandem
1392 2465 1482 2489 cum
1515 2450 1591 2487 alio
1614 2449 1701 2485 Me-

167 2534 315 2560 mnone
348 2519 565 2571 Aegyptio,
609 2513 947 2563 l’ha-menoplza
980 2511 1089 2563 apud
1122 2512 1237 2548 Paus.
1268 2510 1297 2558 1,
1331 2510 1384 2550 42
1409 2524 1445 2561 p.
1479 2512 1572 2556 101,
1607 2506 1699 2544 alibi

168 2578 431 2629 slnze710pln'.s‚
477 2578 502 2615 f.
529 2571 892 2623 Ainun-nowphi,
935 2569 1156 2608 secundum
1182 2568 1380 2605 [ablonsk.
1415 2567 1463 2604 de
1488 2566 1701 2603 Memnone

168 2654 206 2691 p.
230 2642 296 2680 31.
358 2638 454 2674 Erat
473 2637 505 2673 is
527 2635 583 2673 sol
609 2634 761 2671 oriens:
792 2630 833 2667 id
853 2627 961 2679 quod
986 2634 1118 2666 statua
1139 2639 1298 2677 quoque
1320 2626 1392 2664 sub
1416 2625 1611 2663 orientem
1634 2637 1700 2660 so*

166 2698 244 2736 lem
265 2695 413 2736 vocalis
436 2692 677 2732 declarabat.
