1779 3420
149 189 249 239 464

477 188 532 235 Ρ.
570 186 937 236 VIRGILII
975 185 1346 236 MARONIS

150 312 447 364 Connubiis
474 313 717 380 arvisque
744 313 896 361 novis
927 321 1145 378 operata
1173 313 1450 371 iuventus;

147 386 269 434 Iura
301 383 607 450 domosque
641 383 860 434 dabam:
900 382 1075 432 subito
1109 400 1279 449 quum
1301 382 1478 432 tabida
1500 398 1678 431 mem—

944 452 1068 515 bris,

151 525 437 589 Conrupto
466 522 602 572 coeli
629 531 823 583 tractu,
862 522 1276 588 miserandaque
1309 523 1455 571 venit

148 593 556 659 Arboribusque
577 593 807 658 satisque
834 592 963 656 lues,
998 602 1051 641 et
1071 592 1249 641 letifer
1271 608 1453 643 annus,

149 664 492 731 Linquebant
515 663 681 711 dulcis
705 662 927 724 animaS,
968 671 1056 710 aut
1078 678 1232 725 aegra
1252 662 1537 710 trahebant
1580 666 1680 713 140

153 737 420 800 Corpora;
458 742 573 782 tum
598 732 786 781 sterilis
816 749 1035 781 exurere
1059 733 1224 781 Sirius
1249 747 1430 795 agros;

152 805 391 855 Arebant
411 803 637 865 herbae,
678 811 730 851 et
754 802 954 851 victum
975 818 1125 866 seges
1151 817 1306 865 aegra
1330 801 1572 866 negabat.

150 877 354 927 Rursus
375 873 441 922 ad
466 872 704 922 oraclum
729 873 977 937 Ortygiae
999 872 1399 938 Phoebumque
1423 887 1677 921 remenso

249 1004 316 1039 136
340 1004 486 1036 Poterat
510 1002 637 1044 scribi,
662 1002 787 1036 saltem
808 1002 1106 1046 pronuntiandum
1131 1009 1184 1035 est
1207 1000 1409 1041 ConnubIs.
1460 1001 1544 1046 (vid.
1572 1002 1616 1034 V.
1638 1001 1678 1034 L.

152 1052 197 1085 ad
219 1054 302 1084 Aen.
322 1052 346 1091 Ι,
360 1052 432 1090 73.;
463 1051 584 1083 eadem
608 1050 778 1095 synizesis
800 1052 842 1089 V,
856 1052 953 1085 269.:
981 1049 1135 1091 „evincti
1155 1058 1314 1094 tempora
1339 1056 1354 1082 t
1367 1063 1385 1082 a
1400 1062 1417 1081 e
1430 1049 1563 1082 niis.“
1583 1049 1678 1091 Wr.)

153 1100 336 1143 armisque
355 1100 445 1131 Ven.

545 1098 611 1133 137
633 1097 772 1130 dabant
792 1097 926 1130 Zulich,

1027 1098 1093 1132 138
1116 1100 1300 1142 Corrupta
1324 1097 1491 1129 Rotteud.
1512 1108 1531 1129 a
1560 1108 1606 1128 m.
1625 1108 1678 1141 pr.

153 1154 254 1178 tactu
275 1145 400 1178 Hamb.
426 1157 480 1189 pr.
501 1158 519 1178 a
540 1157 584 1177 m.
608 1156 661 1189 pr.
712 1153 835 1177 tracta
864 1144 1010 1177 Mentel.
1039 1151 1122 1176 tert.
1174 1145 1243 1187 (—
1268 1144 1346 1179 139.
1373 1143 1523 1189 leclzzser
1554 1143 1678 1184 Palat„

153 1192 295 1225 omnino
316 1192 502 1225 deterioris
520 1191 554 1224 in
575 1192 643 1225 hoc
660 1203 788 1235 genere
808 1191 955 1224 rationis
975 1199 1107 1224 auctor.
1145 1192 1239 1233 JVr.)

153 1238 358 1284 Linquebac
379 1240 413 1272 d.
433 1252 467 1272 a.
495 1239 631 1283 aliquot
647 1239 750 1272 codd.
770 1239 865 1282 apud
887 1238 976 1271 Pier.
1023 1239 1165 1283 (dulces
1182 1238 1307 1271 Medic.
1333 1238 1426 1282 ll'r.)

1340 1192 1408 1226 140
1441 1200 1477 1223 ec
1507 1190 1530 1223 l.
1556 1202 1680 1223 annus

1501 1239 1565 1272 141
1593 1238 1678 1270 dum

152 1287 312 1319 Parthas.
332 1286 368 1318 in
386 1299 494 1330 marg.
544 1287 666 1319 serius
689 1287 827 1330 Menag.
848 1298 916 1319 sec.
963 1299 1097 1319 exuere
1114 1286 1223 1319 Wall.
1251 1286 1415 1329 (steriles
1436 1285 1564 1318 Medic.
1581 1284 1677 1327 lVr.)

155 1335 222 1368 142
249 1332 441 1366 Ardebant
473 1340 546 1366 tres
568 1335 681 1366 Burm.
711 1345 786 1365 cum
813 1334 938 1377 fragm.
972 1333 1086 1365 Vatic.
1136 1345 1243 1378 seges
1266 1335 1348 1378 ipsa
1377 1333 1467 1365 alter
1486 1332 1610 1372 Goth„
1636 1344 1677 1364 ex

152 1381 253 1424 lapsu
273 1380 420 1413 librarii.
471 1379 659 1426 negabant
676 1380 767 1413 Gud.
796 1387 832 1413 et
853 1380 998 1413 Mentel.
1019 1393 1037 1413 a
1058 1392 1111 1424 pr.
1132 1393 1189 1420 m.‚
1215 1380 1311 1425 quod
1336 1380 1500 1424 placebat
1519 1379 1678 1412 Heinsio.

153 1440 292 1473 negare
308 1428 431 1472 ffagm.
452 1429 565 1460 Vatic.
584 1440 603 1460 a
625 1440 678 1472 pr.
696 1440 740 1460 m.

839 1429 905 1464 143
932 1429 1129 1461 Graculum
1160 1427 1265 1473 plene
1290 1426 1326 1460 in
1358 1427 1476 1461 multis
1506 1427 1609 1461 codd.
1643 1433 1678 1460 et

154 1475 235 1508 edd.
283 1477 405 1508 reviso
423 1476 559 1519 Puget„
583 1475 646 1508 sed
666 1487 697 1508 v.
715 1487 791 1520 sup.
814 1476 855 1517 Π,
882 1476 960 1511 181.

155 1588 193 1621 et
213 1582 379 1621 tandem
400 1597 474 1620 arx
498 1583 589 1634 ipsa
609 1585 735 1621 tectis.
782 1580 882 1636 (vid.

157 1641 249 1679 Not.
272 1641 323 1679 ad
346 1655 403 1679 VS.
426 1640 494 1683 46.
530 1638 648 1693 lVr.)

216 1699 488 1741 135—146.
544 1698 681 1737 Novos
721 1699 885 1738 colonos

156 1757 241 1795 lues
279 1763 422 1794 exorta
452 1771 578 1794 novas
615 1757 726 1795 sedes
760 1772 884 1809 quae-

155 1828 244 1854 rere
269 1815 385 1866 cogit.
448 1815 541 1856 135.
568 1830 742 1866 puppes.
785 1817 886 1855 Cum

157 1887 180 1911 a
211 1879 326 1925 parte
351 1887 422 1911 sua
456 1872 722 1912 declarandae
756 1880 886 1913 essent

157 1944 303 1980 naves,
362 1931 523 1982 proprie
565 1935 721 1983 puppis
765 1933 885 1983 dieta,

156 1989 446 2028 subducturum
470 1991 512 2026 in
530 1991 679 2027 siccum
699 1991 888 2042 navium3

156 2061 278 2100 prora
299 2053 504 2099 spectante
527 2047 567 2085 in
590 2048 729 2087 altum.
790 2064 887 2101 ope-

155 2114 247 2144 rata
271 2120 352 2143 non
374 2106 425 2143 ad
443 2119 528 2143 rem
549 2120 702 2145 sacrani
722 2113 781 2146 est
801 2114 890 2146 tra-

156 2163 357 2212 hendum3
389 2163 457 2201 sed
479 2164 607 2216 simpl.
628 2179 790 2217 operam
815 2166 890 2204 da-

156 2235 212 2260 re.
242 2228 290 2259 ut
310 2222 360 2259 ad
384 2222 530 2260 Tibull.
550 2229 756 2262 notatum:
786 2225 833 2274 ll,
853 2230 887 2274 1,

158 2280 212 2321 65
239 2286 279 2317 et
304 2280 350 2328 ll,
374 2283 413 2328 3,
434 2283 500 2322 36.
555 2283 644 2319 iura
671 2283 889 2334 domosque

157 2337 323 2374 (labam.
361 2338 500 2375 domos
522 2337 562 2377 h.
595 2352 627 2377 e.
655 2340 789 2378 locum
812 2341 889 2379 do—

159 2394 312 2432 miciliis
334 2395 569 2443 statuendis,
604 2411 797 2449 agrosque
824 2413 889 2436 as-

160 2452 383 2503 signabam3
414 2460 453 2490 et
481 2454 625 2492 dabam
650 2458 740 2493 iura
761 2456 801 2494 h.
827 2457 888 2494 le-

157 2523 221 2561 ges
243 2516 282 2547 et
308 2510 514 2558 instituta,
543 2519 685 2563 utpote
715 2513 757 2551 in
782 2528 885 2553 nova

158 2568 343 2617 civitate,
383 2569 617 2607 condebam.
686 2570 887 2621 Argutum

160 2626 274 2663 nimis
311 2632 432 2674 esset,
485 2626 535 2663 ad
576 2627 636 2665 ius
680 2629 887 2678 publicum

158 2684 443 2735 privatumque
458 2685 621 2723 referre.
654 2685 778 2723 Aliter
798 2689 887 2723 iura

158 2741 188 2790 I,
221 2740 317 2783 426.

219 2799 455 2840 137-142,
486 2798 627 2836 Ornati
650 2813 802 2847 versuS,
824 2800 889 2836 in-

157 2856 295 2908 primis
319 2870 356 2894 v.
384 2857 476 2904 140,
503 2857 569 2907 qui
589 2863 724 2894 tamen
746 2870 794 2894 ex
809 2858 890 2895 Lu-

158 2914 284 2953 cretio
318 2914 364 2964 V,
398 2916 480 2957 987
505 2921 543 2952 et
574 2916 700 2954 Ennio
735 2913 790 2967 (v.
813 2916 891 2953 Co—

943 1582 1069 1620 lumn.
1099 1582 1150 1620 ad
1171 1582 1255 1623 eius
1276 1583 1415 1634 fragm.
1446 1597 1485 1635 p.
1515 1581 1588 1636 53)
1621 1588 1679 1620 est

944 1640 1222 1679 adumbratus.
1284 1641 1411 1681 Porro
1448 1647 1581 1680 totum
1613 1640 1677 1679 lo-

944 1713 1037 1737 cum
1069 1705 1162 1737 ante
1187 1699 1325 1737 oculos
1352 1698 1498 1738 habuit
1522 1699 1676 1738 Statius

943 1756 1069 1795 Theb.
1090 1757 1118 1806 Ι,
1150 1760 1233 1799 632
1258 1772 1342 1808 sqq.
1410 1759 1532 1797 Vena
1550 1755 1677 1810 (quod

944 1816 1028 1852 sere
1068 1815 1117 1852 de
1150 1816 1264 1853 malis
1303 1816 1678 1866 calamitatibusque

943 1873 1222 1924 ingruentibus
1259 1873 1444 1927 ponitur)
1494 1873 1679 1911 membris

944 1931 1228 1984 arboribusque
1245 1935 1423 1983 salisque
1442 1933 1527 1969 lues
1549 1930 1678 1985 (quod

945 1990 1169 2041 eleganter,
1209 1996 1257 2029 ut
1278 2004 1374 2028 mox
1395 2004 1508 2041 seges
1530 2004 1674 2041 aegra,

949 2048 999 2086 ab
1034 2048 1135 2086 aeris
1167 2048 1393 2097 miasmate,
1433 2048 1485 2086 ad
1514 2049 1678 2087 arbores

948 2112 1175 2158 segetesque
1207 2112 1313 2145 tetro
1344 2106 1437 2144 solis
1467 2113 1580 2145 aestu
1602 2120 1677 2144 ex-

948 2171 1059 2203 ustas
1083 2163 1291 2219 tractum).
1355 2165 1545 2216 Corrupto
1578 2166 1679 2203 coeli

948 2231 1077 2261 tractu
1092 2253 1101 2271 ,
1136 2223 1238 2261 aeris
1255 2223 1367 2275 plaga
1381 2253 1390 2271 ,
1422 2223 1603 2275 regione,
1630 2229 1679 2261 ut

948 2281 1060 2319 alibi:
1092 2280 1132 2319 h.
1158 2296 1189 2319 e.
1212 2295 1313 2319 aere.
1345 2281 1434 2320 Alia
1454 2281 1678 2319 Burmanni

948 2345 1008 2377 est
1029 2340 1322 2392 interpretatio,
1344 2346 1391 2377 ut
1408 2348 1572 2387 tractus,
1596 2339 1677 2376 du-

947 2403 1056 2445 ctus,
1089 2397 1257 2435 haustus
1279 2397 1380 2435 aeris
1398 2397 1462 2435 sit.
1523 2397 1679 2435 Laudat

946 2456 1095 2506 egregie
1113 2455 1163 2492 ad
1184 2468 1268 2493 rem
1288 2456 1444 2492 Lucret.
1467 2454 1529 2503 Vl,
1554 2457 1676 2496 1126.

945 2513 1094 2552 Lucan.
1116 2513 1201 2562 VH,
1231 2514 1330 2553 419.
1389 2513 1515 2550 Docta
1546 2519 1587 2550 et
1608 2527 1677 2550 ar-

945 2576 1038 2621 guta
1069 2570 1370 2621 interpretatio3
1411 2570 1480 2607 sed
1502 2571 1676 2621 priorem

945 2628 1053 2665 iilam
1078 2629 1284 2678 vulgarem
1308 2628 1421 2666 offert
1441 2641 1503 2665 res
1524 2635 1564 2666 et
1581 2629 1676 2668 iun-

946 2691 1059 2722 ctura
1076 2701 1083 2723 ε
1103 2686 1383 2737 arboribusque
1398 2689 1573 2738 salisque
1594 2688 1678 2724 lues

946 2756 1029 2780 non
1044 2744 1157 2780 venit
1170 2744 1319 2781 haus-lu
1343 2745 1456 2792 aeris,
1486 2745 1555 2782 sed
1577 2745 1677 2783 aeris

947 2803 1195 2851 corruptela,
1231 2816 1267 2839 v.
1292 2815 1325 2842 c.
1348 2815 1396 2839 ex
1418 2802 1585 2841 humido
1609 2818 1677 2841 ca-

948 2858 1044 2895 lore.
1081 2882 1128 2886 —
1168 2858 1248 2900 140
1272 2862 1413 2897 (mima
1444 2862 1594 2899 dicitur
1613 2876 1677 2899 re-

949 2917 1126 2968 linquere
1154 2932 1224 2954 uos
1239 2948 1249 2966 ‚
1295 2924 1335 2956 et
1364 2933 1435 2955 nos
1465 2922 1674 2966 animam3
