1811 3388
560 207 679 262 AD
754 211 1179 259 LIBRUM
1252 211 1311 258 ΙΙ
1595 220 1693 263 403

175 344 279 382 idem
312 357 401 382 cum
443 343 539 383 fune
575 341 616 379 in
656 341 817 393 pictura
851 338 1009 378 Codicis
1046 339 1174 378 Vatic.
1208 353 1247 391 p.
1280 338 1335 379 47
1377 339 1564 377 occurrit.
1627 341 1696 378 Est

175 401 338 441 tandem
365 406 506 451 patera
534 400 719 447 Etrusco⁷
756 411 827 436 seu
857 397 995 436 Italico
1027 410 1158 449 opere,
1191 396 1302 448 apud
1327 398 1535 434 Lanzium
1565 396 1694 449 (Sas-

171 461 242 511 gio
272 459 317 496 a't
338 460 508 509 Lingua
535 455 726 509 Etrusca)
760 456 873 494 Tom.
905 455 952 504 ΙΙ,
994 469 1032 507 p.
1060 458 1157 497 223.
1218 454 1402 493 Habebat
1425 455 1547 506 igitur
1577 463 1695 506 poeta

173 517 346 555 fabulam
379 529 400 552 a
431 515 568 554 multis
596 520 815 553 tractatam
854 519 894 551 et
933 513 1140 564 vulgarem
1173 519 1267 550 ante
1298 525 1338 549 se
1365 513 1564 564 positam,
1617 514 1687 551 sed

174 588 264 612 cum
290 586 339 610 ea
378 573 496 611 simul
521 573 694 624 tragicos
728 586 821 610 suos
864 584 915 609 ex
952 571 1116 608 Graecis
1154 583 1372 623 expressos
1442 571 1542 608 Nam
1580 572 1696 609 Liuii

172 632 396 670 Andronici
423 632 501 669 fuit
527 631 684 679 sabula,
716 632 859 682 Equus
899 631 1118 677 Troianus,
1154 641 1174 666 e
1205 643 1284 679 qua
1314 629 1538 680 fragmenta
1565 643 1695 681 pauca

173 694 408 741 supersunt,
440 690 595 740 aliaque
632 690 790 726 Naevii
820 686 930 739 apud
960 686 1138 725 Mam-ob.
1163 686 1226 736 Vl,
1262 690 1297 736 1,
1335 692 1375 724 et
1404 686 1453 724 de
1484 700 1529 725 eo
1559 693 1693 726 actum

173 748 250 786 fuit
278 748 321 785 in
351 749 470 785 Accii
503 746 732 797 Deiphobo.
766 759 804 785 v.
831 748 945 784 Serv.
975 745 1026 783 ad
1056 745 1100 793 ΙΙ,
1131 748 1194 786 17.
1225 744 1288 782 uti
1320 757 1480 796 quoque
1512 745 1555 783 in
1590 746 1693 783 Tra-

172 806 265 857 gieis
296 806 436 843 Graec.
468 811 744 854 memoratur,
774 817 814 842 v.
838 818 871 844 0.
910 803 1043 855 Eurip.
1074 803 1222 840 Troad.
1246 805 1270 844 9
1300 816 1356 853 sq.

286 863 365 901 Sed
395 864 557 914 gravior
588 862 814 901 observatio
844 863 947 899 sorte
979 868 1038 898 est
1064 861 1159 909 illa,
1192 874 1270 912 qua
1304 866 1390 898 arte
1419 866 1540 912 poeta
1573 861 1693 898 sabu-

174 922 251 960 lam
277 934 350 973 per
386 934 426 958 se
467 921 660 973 puerilem
695 927 734 958 et
774 920 928 958 nullam
967 915 1222 971 πιθανότητα
1263 917 1479 957 habentem
1512 919 1567 956 ita
1606 927 1693 956 tra—

174 979 366 1028 ctaverit,
397 985 444 1016 ut
467 978 570 1017 nihil
590 993 662 1017 nos
688 979 732 1016 in
761 991 806 1015 ea
835 977 1034 1026 offendat,
1075 977 1202 1014 inulta
1230 976 1439 1014 delectent.
1500 977 1694 1015 Fabulam

174 1037 258 1075 dixi
287 1038 479 1088 puerilem
521 1044 560 1076 et
591 1051 664 1089 per
693 1050 733 1074 se
769 1050 915 1088 parum
944 1035 1189 1086 probabilem
1200 1050 1210 1085 3
1259 1035 1334 1072 etsi
1362 1035 1693 1086 interpretatione

174 1109 245 1133 sua
289 1109 374 1132 eam
409 1095 550 1133 iuvare
590 1095 724 1133 conati
777 1095 858 1132 sint
899 1093 1017 1130 multi
1070 1093 1190 1130 etiam
1223 1091 1331 1130 inter
1367 1099 1535 1131 veteres,
1594 1093 1694 1130 Vide

174 1154 238 1191 vel
266 1155 377 1191 Serv.
407 1159 447 1190 et
479 1153 649 1191 Cerdani
677 1152 729 1190 ad
756 1151 796 1190 h.
826 1152 850 1190 1.
881 1158 920 1188 et
946 1151 1063 1202 plura
1092 1151 1186 1189 satis
1216 1151 1351 1202 inepte
1381 1151 1605 1202 excogitata
1629 1165 1692 1202 ap.

174 1211 354 1249 Licetum
390 1213 571 1248 Gemmis
598 1211 801 1248 Anmdar.
837 1223 874 1261 p.
916 1212 1000 1251 310
1030 1222 1114 1259 sqq.
1186 1208 1419 1246 Abhorrens
1450 1215 1508 1246 est
1545 1222 1565 1245 a
1597 1209 1693 1247 rudi

175 1275 214 1307 et
242 1269 407 1307 indocta
428 1275 650 1317 vetustate,
684 1268 858 1319 cogitare
888 1265 936 1304 de
965 1266 1153 1304 machina
1183 1266 1322 1304 bellica
1351 1266 1392 1304 in
1420 1266 1509 1317 equi
1540 1280 1694 1305 morem

175 1327 361 1365 formata.
422 1327 500 1364 Sed
539 1326 651 1365 haud
679 1326 801 1365 dubie
837 1325 880 1363 in
909 1325 1055 1363 veteris
1100 1324 1287 1362 Graeciae
1323 1325 1455 1375 prisco
1498 1337 1692 1373 sermone,

176 1385 346 1422 audaces
375 1390 416 1423 et
450 1384 666 1423 insolentes
696 1384 843 1436 figuras
883 1389 1078 1432 sectante,
1121 1382 1291 1420 obscura
1321 1381 1441 1420 huius
1477 1382 1579 1433 Equi
1607 1383 1693 1421 ori-

174 1456 222 1494 go
249 1442 362 1482 latet.
423 1442 546 1490 Quod
573 1449 708 1481 tamen
730 1455 792 1480 me
821 1442 861 1479 in
890 1440 968 1479 hac
993 1441 1132 1479 sabula
1161 1441 1292 1479 multo
1329 1441 1451 1492 magis
1483 1446 1602 1490 tenet,
1633 1448 1693 1479 est

174 1500 272 1549 hoc,
304 1500 413 1552 quod
441 1501 507 1538 ille
537 1503 672 1552 Equus
697 1500 848 1538 Palladi
875 1499 961 1537 voti
994 1512 1133 1537 caussa
1163 1498 1344 1537 offertur.
1403 1499 1524 1547 Nam,
1556 1499 1587 1536 si
1612 1499 1692 1537 Ne·—

174 1564 326 1610 ptuno,
360 1559 564 1610 Equestris
588 1560 647 1597 rei
678 1558 854 1606 auctori,
884 1556 1045 1613 Ἱππίῳ,
1077 1563 1355 1596 consecratum
1387 1556 1579 1603 viderem,
1610 1571 1694 1595 non

176 1616 355 1654 mirarer.
416 1617 539 1664 Quod
568 1618 696 1656 Pallas
726 1617 878 1655 artibus
908 1620 1092 1666 praeest,
1123 1614 1169 1652 id
1203 1621 1366 1653 tantum
1397 1615 1449 1653 ad
1479 1614 1693 1653 artificium

176 1674 266 1724 equi
304 1675 410 1725 ligno
450 1676 542 1713 sacti
575 1676 777 1727 pertinere
808 1679 954 1727 potest.
1014 1673 1078 1710 An
1113 1686 1259 1723 equus,
1307 1673 1422 1710 navis
1464 1673 1691 1724 symbolum

175 1730 287 1784 (nam
328 1733 623 1784 navigationem
659 1733 904 1784 antiquiores
937 1743 1010 1783 per
1047 1731 1335 1782 equitationem
1377 1731 1692 1781 adumbrabant5

175 1796 222 1827 ut
250 1791 353 1828 sorte
384 1789 463 1828 hoc
489 1791 575 1843 ipso
601 1798 736 1829 ortum
767 1790 979 1837 videatur,
1022 1789 1131 1839 quod
1164 1790 1375 1840 Neptunus
1412 1802 1558 1839 equum
1593 1803 1693 1841 pro-

177 1847 340 1885 duxisse
373 1849 559 1899 proditus
592 1852 679 1899 est),
710 1863 785 1900 pro
817 1847 1072 1898 navigatione
1105 1848 1206 1885 felici
1229 1847 1438 1884 dedicatus
1462 1847 1570 1885 suit'?
1600 1847 1693 1884 Pal—

176 1906 257 1942 ladi
288 1913 443 1955 autem,
495 1908 588 1957 quia
621 1921 665 1944 ea
706 1908 780 1945 dea
814 1912 983 1958 propter
1017 1905 1196 1943 ablatum
1232 1904 1456 1943 Palladium
1487 1911 1574 1942 erat
1603 1905 1693 1957 pla-

176 1963 333 2001 canda'?
380 1964 544 2016 Navigio
586 1966 705 2003 etiam
745 1964 924 2003 actuario
953 1976 1102 2013 equum
1138 1962 1356 2001 adsimulat
1384 1963 1519 2014 Eurip.
1545 1963 1692 2000 Troad.

178 2022 261 2062 538
289 2021 329 2058 in
360 2021 474 2059 chori
504 2023 657 2071 verbis,
694 2037 795 2074 quae
822 2022 1034 2072 antiquum
1062 2034 1287 2059 sermonem
1314 2022 1396 2059 fere
1418 2021 1673 2058 aemulantur
1683 2036 1692 2070 5

177 2078 230 2115 ad
260 2079 373 2117 navis
400 2080 520 2117 etiam
544 2081 711 2119 modum
739 2088 780 2119 et
801 2082 999 2118 rationem
1021 2093 1042 2116 a
1068 2079 1300 2117 vectoribus
1319 2078 1488 2116 insessae
1513 2078 1692 2116 effictum

179 2148 269 2173 eum
302 2136 466 2176 exhibet
494 2138 715 2190 Tryphiod.
751 2153 790 2177 v.
824 2141 890 2179 62.
928 2139 1022 2179 181.
1083 2137 1206 2185 Quod
1242 2149 1339 2175 vero
1369 2136 1409 2173 in
1439 2136 1603 2187 Virgilio
1631 2137 1693 2173 sa—

178 2193 272 2230 bula
308 2207 378 2245 per
396 2207 436 2231 sc
465 2195 599 2247 inepta
624 2197 781 2249 placere
811 2200 959 2247 potest,
990 2193 1033 2232 id
1063 2195 1239 2232 eflicitur
1267 2194 1446 2245 primum
1478 2194 1560 2231 eius
1587 2194 1693 2231 anti-

178 2250 353 2302 quitate3
392 2266 484 2290 nam
512 2254 553 2291 in
580 2255 716 2292 multis
745 2252 891 2305 mythis
921 2252 1000 2290 hoc
1035 2265 1131 2290 suus
1162 2265 1359 2302 quemque
1385 2264 1523 2289 sensus
1549 2251 1695 2289 docere

178 2315 330 2360 potest,
361 2324 441 2360 quo
470 2312 678 2362 propiores
707 2312 764 2350 illi
794 2324 931 2349 rerum
958 2308 1248 2361 hominumque
1269 2309 1485 2360 originibus
1515 2309 1693 2361 priscae-

178 2379 255 2416 que
288 2367 395 2405 vitae
426 2370 631 2420 asperitati
659 2376 731 2408 aut
764 2367 1012 2420 simplicitati
1041 2368 1143 2416 sint,
1188 2381 1234 2406 eo
1266 2368 1419 2406 facilius
1451 2367 1493 2405 in
1519 2367 1566 2405 iis
1598 2367 1694 2405 ferri

178 2437 241 2461 res
274 2439 417 2477 parum
447 2427 671 2479 probabiles
703 2425 768 2481 (cs.
800 2427 868 2465 ins.
892 2427 943 2464 ad
971 2425 1041 2474 111,
1073 2427 1157 2468 209
1194 2432 1234 2463 et
1257 2424 1384 2479 250)3
1424 2431 1511 2463 tum
1539 2430 1694 2463 tracta-

178 2482 287 2520 tione
318 2484 516 2535 sapienter
545 2492 585 2523 et
620 2500 763 2536 magno
795 2499 886 2523 cum
919 2483 1069 2523 iudicio
1097 2483 1286 2522 instituta
1324 2489 1443 2535 poeta
1480 2483 1613 2521 omnia
1644 2482 1694 2520 ab

181 2540 303 2578 oculis
335 2543 530 2592 removit,
583 2557 683 2594 quae
716 2550 925 2582 attenuare
962 2555 1048 2579 rem
1078 2547 1118 2579 et
1149 2542 1307 2580 officere
1349 2540 1534 2592 dignitati
1561 2541 1696 2592 epicae

181 2604 387 2649 poterant3
419 2608 561 2638 contra
583 2603 707 2640 multa
731 2601 936 2653 apposuit,
975 2612 1075 2650 quae
1107 2599 1159 2637 ad
1181 2598 1506 2652 probabilitatem
1524 2599 1695 2647 saciunt3

181 2669 350 2707 cumque
387 2659 568 2709 inprimis
599 2660 670 2698 vix
703 2661 744 2698 in
775 2657 1051 2697 stolidissimos
1087 2656 1269 2696 homines
1310 2657 1452 2694 cadere
1490 2656 1693 2704 videatur,

181 2718 228 2748 ut
258 2716 464 2764 patiantur
502 2717 576 2754 sibi
610 2724 692 2756 tam
731 2724 892 2768 turpem
923 2715 1107 2754 fraudem
1135 2715 1242 2763 fieri,
1283 2721 1350 2763 ut,
1392 2714 1616 2765 suspicione
1645 2714 1695 2751 de

183 2769 278 2806 viris
303 2771 344 2808 in
377 2773 489 2823 Equo
517 2775 690 2813 conditis
718 2776 837 2813 semel
865 2780 977 2822 orta,
1019 2779 1154 2811 tamen
1184 2786 1275 2811 eum
1309 2773 1417 2810 intra
1440 2772 1598 2809 moenia
1626 2784 1693 2809 re-

183 2825 353 2876 cipiant,
385 2831 525 2869 callide
553 2840 670 2883 poeta
701 2834 817 2885 plura
847 2845 994 2882 eaque,
1037 2844 1139 2881 quae
1170 2832 1220 2869 ad
1248 2830 1478 2881 religionem
1499 2834 1693 2880 spectant,

184 2895 267 2920 rein
297 2885 346 2922 ad
366 2884 574 2927 hominum
605 2892 756 2928 animos
787 2890 1124 2943 potentissimam,
1168 2889 1327 2937 attulit,
1369 2900 1469 2938 quae
1500 2887 1694 2924 Troianos

185 2954 205 2976 a
244 2943 447 2992 proposito
477 2956 734 2997 revocarent,
777 2948 952 2999 primum
985 2946 1144 2984 Sinonis
1173 2946 1306 2996 dolos,
1346 2951 1435 2983 tum
1458 2942 1694 2982 Laocoontis

1306 3013 1415 3058 26*
