1811 3388
372 249 786 300 AENEIDOS
825 252 965 302 LIB.
1004 253 1096 317 III,
1133 259 1419 307 168-181
1566 264 1666 313 469

146 375 463 441 Velatasque
485 391 690 439 comaS,
728 379 1138 446 praesentiaque
1166 397 1257 429 ora
1279 381 1524 445 videbar3

147 447 287 494 Tum
307 444 512 508 gelidus
535 453 651 494 toto
674 448 924 498 manabat
947 466 1176 515 corpore
1199 450 1403 517 sudor.)
1568 460 1664 508 175

145 514 402 579 Conripio
428 531 456 564 e
485 516 657 564 stratis
680 533 900 583 corpus,
937 519 1218 586 tendoque
1242 522 1456 587 supinas

142 582 225 633 Ad
247 583 463 633 coelum
493 601 616 634 cum
636 603 768 636 voce
790 605 981 638 manus
995 630 1007 650 ,
1047 599 1100 639 et
1121 607 1347 641 munera
1368 591 1478 642 libo

139 655 463 703 Intemerata
482 653 629 707 focis
703 656 952 708 Perfecto
977 659 1145 709 laetus
1166 661 1380 711 honore

138 722 406 772 Anchisen
430 723 568 774 sacio
592 735 797 776 certum
813 769 825 792 ‚
857 746 1087 797 remque
1107 730 1299 781 ordine
1323 731 1519 798 pando.

138 792 407 857 Adgnovit
442 794 655 861 prolem
701 798 1031 864 ambiguam,
1075 802 1433 868 geminosque
1466 820 1660 869 paren-

925 870 1014 931 tlS;
1563 879 1659 927 180

140 933 319 998 Seque
344 949 487 983 novo
511 944 756 986 veterum
781 936 1069 1006 deceptum
1098 956 1280 991 errore
1308 941 1569 995 locorum.

212 1031 273 1077 17
278 1029 323 1077 4.
361 1042 606 1080 VIDEBAR.

232 1165 300 1202 174
329 1169 564 1214 Vittatasque
584 1171 696 1205 Wall.
724 1183 768 1204 ex
792 1172 937 1218 interpr.
964 1173 1143 1218 (videbam
1162 1175 1262 1220 prior
1278 1175 1404 1211 Medic.
1424 1176 1542 1210 lectio.
1560 1177 1656 1219 Wr.)

138 1213 204 1247 175
230 1222 378 1259 pectore
403 1216 471 1248 duo
498 1218 614 1251 Burm.
663 1220 893 1253 Pareuthesin
926 1221 983 1254 vix
1016 1234 1159 1255 necesse
1194 1224 1240 1256 ad
1264 1224 1368 1256 huius
1401 1236 1518 1257 versus
1553 1224 1656 1257 finem

135 1260 350 1295 continuare.
398 1263 508 1296 Poeta
533 1264 614 1297 data
640 1276 749 1310 opera
774 1263 948 1307 α’τάκτως
973 1269 1071 1313 loqui
1095 1270 1212 1314 potuit
1246 1271 1307 1303 tali
1341 1271 1375 1303 in
1411 1283 1469 1311 re;
1512 1277 1655 1315 tumque

134 1318 254 1339 versus
280 1308 329 1340 sic
355 1309 560 1343 decurrunt:
607 1311 760 1345 Talibus
793 1316 977 1348 attonitus
1008 1317 1100 1349 visis
1124 1329 1167 1349 ac
1192 1329 1279 1350 voce
1299 1318 1449 1351 deorum
1484 1317 1573 1362 (scil.
1598 1318 1655 1350 fa·-

136 1360 208 1386 ctus
246 1355 345 1398 sum.)
405 1356 483 1389 Nec
507 1368 535 1390 s.
571 1378 613 1382 ὴ
643 1358 817 1392 manabat
853 1374 1005 1407 corpore
1041 1363 1169 1396 sudor.
1216 1365 1321 1408 (Sane
1357 1364 1462 1398 etiam
1496 1377 1545 1398 νε.
1576 1366 1654 1401 175.

132 1398 392 1444 παρένθετος,
420 1403 525 1436 modo
553 1403 587 1437 in
614 1405 681 1438 fine
706 1419 757 1439 vs.
785 1406 863 1442 174.
890 1416 1052 1452 punctum
1079 1409 1114 1442 iu
1142 1411 1335 1444 semicolon
1359 1419 1533 1451 mutetur3
1569 1412 1654 1444 duas

135 1448 226 1480 enim
252 1448 355 1481 affert
381 1461 501 1483 causas
528 1454 684 1494 Aeneas,
717 1466 823 1497 quare
848 1455 935 1487 deos
965 1468 1029 1500 per
1055 1468 1212 1490 somnum
1236 1458 1333 1503 ipsos
1358 1458 1427 1491 sibi
1451 1458 1654 1504 apparuisse

132 1495 273 1535 credat3
300 1508 441 1540 quarum
469 1496 579 1531 altera
605 1499 693 1532 haec
718 1508 795 1542 est,
820 1502 914 1545 quod
939 1503 988 1535 ita
1014 1515 1051 1535 se
1076 1504 1235 1537 affectum
1261 1506 1457 1547 sentiebat,
1482 1506 1655 1550 quemad-

131 1542 269 1574 modum
295 1543 410 1575 solent
434 1544 546 1586 affici,
586 1546 644 1590 qui
669 1559 743 1579 rem
778 1548 937 1581 horroris
970 1550 1110 1594 plenam
1143 1550 1326 1596 vigilantes
1351 1553 1484 1586 vident.
1532 1554 1576 1585 Et
1604 1553 1654 1586 sic

131 1588 236 1621 etiam
261 1590 448 1623 Wunderl.
476 1598 511 1623 et
538 1593 633 1625 lahn.
659 1593 960 1639 iuterpuuxeruut.
1009 1597 1172 1630 Ceterum
1196 1598 1266 1632 vid.
1296 1601 1335 1634 V.
1363 1600 1402 1634 L.
1430 1600 1475 1632 ad
1499 1612 1548 1633 vs.
1573 1601 1650 1635 172.

135 1636 231 1678 lVr.)
332 1638 399 1672 176
424 1650 443 1670 e
476 1638 578 1672 deest
610 1639 746 1685 aliquot
779 1641 948 1675 Pieriauis
984 1650 1019 1676 et
1043 1645 1165 1678 Franc.
1216 1659 1260 1679 ex
1284 1648 1387 1680 Voss.
1436 1660 1480 1679 ex
1503 1649 1654 1680 structis

132 1682 283 1716 Dorvill.
309 1683 354 1728 cf.
382 1684 496 1717 Burni.
583 1687 649 1721 178
674 1687 871 1733 Praefecto
895 1691 1018 1725 Franc.
1102 1693 1169 1726 179
1193 1694 1388 1726 Anchisem
1412 1693 1522 1727 multi.
1549 1694 1648 1738 (cer-

131 1737 207 1761 tum
222 1728 329 1775 facio
355 1730 433 1766 Alb.
467 1732 560 1776 JVr.)
659 1735 726 1770 180
753 1736 889 1769 Nonius
914 1738 1008 1769 sorte
1034 1740 1239 1784 ancipitem.
1269 1741 1332 1773 sed
1356 1754 1387 1774 v.
1412 1740 1532 1773 Heius.
1568 1743 1652 1786 <pa—

129 1784 252 1809 rentes
274 1777 415 1819 Medic„
442 1779 504 1811 sed
528 1782 698 1825 parentis
722 1782 766 1815 fr.
791 1784 872 1816 Vat.
905 1785 1001 1828 lVr.)
1099 1787 1165 1820 181
1192 1786 1343 1833 decepto
1371 1788 1541 1821 [lotteud.
1567 1795 1651 1820 tert.

127 1835 255 1856 errore
277 1825 423 1858 viarum
448 1838 500 1871 pr.
525 1828 730 1872 Hamburg.,
757 1829 819 1862 sed
843 1843 874 1867 v.
900 1833 1084 1866 Burmann.
1132 1846 1162 1866 e.
1182 1843 1380 1880 parentum
1405 1835 1539 1879 aliquot
1560 1835 1649 1868 Pier.

126 1929 299 1979 „Debuit
345 1929 446 1970 hoc
487 1933 620 1972 meriti
665 1949 858 1974 summa

124 1987 244 2025 fuisse
266 1988 383 2027 mei.“
423 1990 505 2028 vid.
537 1991 588 2029 ad
613 1992 742 2045 Viger.
767 2008 857 2046 pag.

128 2048 221 2087 178.
282 2047 467 2086 Ceterum
497 2049 545 2087 cf.
577 2050 623 2088 V.
655 2051 698 2090 L.
729 2052 781 2090 ad
798 2067 858 2092 vs,

130 2103 221 2144 151·
258 2103 377 2158 JsVr.)
462 2106 554 2147 174.
591 2107 763 2147 Velatae
786 2126 857 2148 co·-

126 2174 228 2198 mae.
269 2161 367 2199 Erat
387 2163 486 2201 adeo
503 2165 712 2204 Penatium
735 2174 857 2220 caput

126 2218 227 2255 vitta
248 2219 493 2258 redimitum.
532 2223 580 2260 cf.
606 2223 775 2263 Excurs.
798 2226 856 2263 [X

124 2274 177 2312 ad
199 2276 246 2325 11,
277 2279 373 2318 293.
403 2284 441 2315 et
471 2280 664 2331 Ponipon.
692 2283 782 2321 Sab.
804 2283 856 2321 ad

122 2331 162 2370 h.
194 2333 220 2371 l.
295 2336 387 2377 175.
431 2336 495 2374 Ad
532 2338 649 2376 Ennii
687 2339 855 2379 ductum

122 2390 234 2442 apud
257 2391 434 2432 Maerob.
461 2394 524 2444 Vl,
550 2398 584 2436 1.
648 2400 740 2439 177.
760 2413 853 2436 ηια-

120 2463 217 2486 nera
238 2451 490 2501 intemerata,
523 2453 664 2491 vinum
690 2470 851 2507 purum,

122 2504 414 2559 (recordaberis
463 2511 682 2550 verborum
738 2528 854 2565 egre-

117 2566 230 2614 gius,
264 2568 460 2617 eximias,
493 2569 632 2619 lectus,
668 2571 710 2608 iu
731 2572 852 2610 sacris

120 2629 421 2674 usurpatorum.
449 2626 599 2680 JV071.)
631 2642 746 2680 pure,
775 2630 852 2668 rite

121 2679 301 2719 libatum.
335 2683 443 2732 quod
467 2699 624 2735 numus,
656 2701 753 2725 mox
773 2688 851 2725 ho-

120 2750 204 2773 nos.
251 2737 361 2790 (Post
385 2743 537 2779 somnia
559 2743 642 2781 visa
663 2745 850 2796 precibus

120 2798 160 2830 et
179 2797 410 2835 muneribus
448 2799 543 2838 deos
564 2801 724 2852 placare
745 2804 850 2841 sole-

119 2850 216 2888 bant
252 2853 411 2903 Graeci,
458 2858 508 2896 cs.
539 2859 661 2911 Soph.
704 2860 848 2900 Electr.

119 2907 214 2948 634.
247 2923 330 2961 sqq.
363 2911 499 2953 Aesch.
527 2915 634 2959 Pers,
664 2919 777 2969 215„
808 2926 849 2958 et

118 2965 312 3016 Romani,
361 2969 442 3009 vid.
468 2971 613 3013 Tibull.
646 2975 676 3024 1,
709 2976 748 3026 5,
784 2980 847 3020 13.

921 1939 1048 1978 chlz.
1108 1939 1187 1978 Sed
1226 1940 1352 1978 aliena
1380 1940 1482 1981 haec
1522 1956 1543 1979 a
1572 1956 1650 1980 110-

917 2003 1002 2035 stro
1033 1997 1121 2036 loco
1147 1999 1350 2051 exempla,
1378 2006 1522 2052 utpote
1549 2014 1649 2053 pro-

918 2056 1167 2094 curationem
1196 2057 1438 2095 tristium
1471 2058 1647 2096 somnio-

916 2127 1007 2151 rum
1025 2113 1294 2163 illustrantia,
1313 2128 1456 2153 verum
1478 2116 1556 2154 hoc
1575 2129 1647 2154 nec

918 2171 1054 2219 triste,
1097 2178 1136 2209 et
1159 2185 1208 2210 ne
1239 2173 1439 2212 somnium
1472 2173 1645 2225 quidem.

920 2227 1038 2280 ΖΓΛ)

977 2288 1067 2327 180.
1102 2288 1194 2327 181.
1233 2286 1409 2337 Agnovit
1446 2288 1644 2340 duplicem

915 2343 1185 2381 Troianorum
1215 2351 1352 2382 ortum
1388 2360 1433 2384 ac
1457 2347 1643 2398 stirpem:

914 2400 1081 2439 alteram
1105 2415 1126 2438 a
1146 2401 1347 2451 Dardano,
1379 2404 1546 2442 alteram
1565 2404 1643 2442 du—

913 2465 1021 2496 ctam
1041 2472 1062 2496 a
1094 2460 1270 2510 Teum-03
1302 2460 1480 2512 adeoque
1510 2463 1643 2500 canbi-

908 2530 998 2567 ἑξιιαι
1012 2518 1148 2568 proles
1168 2517 1244 2568 ipsi
1264 2526 1359 2557 sunt
1377 2520 1551 2570 Troiani,
1574 2521 1643 2571 qui

911 2581 952 2612 et
972 2574 1147 2613 Dardani
1176 2582 1216 2613 et
1239 2577 1381 2615 Teucri
1403 2576 1460 2630 (et
1480 2578 1521 2616 hi
1547 2585 1643 2616 suut

906 2635 1064 2683 gemini
1096 2634 1301 2688 parentes)
1349 2648 1473 2685 genus
1512 2643 1640 2674 erant.

910 2690 1085 2743 Agnovit
1100 2705 1223 2742 porro
1240 2692 1431 2731 Anchises
1448 2695 1490 2732 in
1509 2695 1639 2732 inter-

908 2748 1109 2800 pretando
1134 2749 1329 2801 Apollinis
1347 2752 1444 2789 Delii
1462 2753 1638 2800 oraculo,

909 2820 1000 2844 cum
1019 2808 1190 2858 antiqua
1209 2818 1338 2846 mater
1357 2816 1396 2846 et
1411 2813 1547 2860 prima
1561 2812 1635 2847 tel-

907 2865 971 2902 lus
1000 2870 1102 2902 esset
1133 2867 1405 2916 exquirenda,
1445 2883 1485 2905 se
1520 2869 1635 2905 ‹lece-

901 2930 1022 2972 ptum
1050 2935 1132 2960 esse
1170 2938 1272 2962 novo
1303 2940 1426 2962 errore
1465 2934 1635 2962 retemta

906 2980 1082 3017 locorum
1096 3009 1106 3029 ‚
1141 2979 1181 3020 h.
1206 2994 1238 3020 e.
1260 2996 1398 3022 errore
1418 2983 1523 3021 circa
1546 2982 1632 3020 loca
