1779 3420
164 203 296 250 1038
521 192 1132 243 EXCURSUS
1209 191 1346 242 XIV

158 328 284 381 patris
313 325 459 366 umbra
491 324 793 376 interpretibus,
854 323 1062 361 Exomata
1094 327 1190 359 sunt
1220 320 1353 360 omnia
1394 333 1464 373 pel
1505 333 1700 370 personas·

159 386 428 451 symbolice-9,-
469 396 640 435 quarum
673 383 854 421 studium
896 394 1099 418 summum
1141 386 1227 418 emt
1267 381 1435 418 saeculis
1479 379 1701 430 superiori-

159 445 248 494 bus,
278 443 462 497 inplimis
491 443 598 479 inter
628 441 762 489 Italos,
793 439 1022 477 Platonicae
1053 438 1328 490 philosophiae
1359 450 1495 476 amole
1527 443 1567 475 et
1590 437 1701 474 Dan-

160 504 211 542 tis
243 502 447 554 exemplo;
490 501 627 551 ltaque
661 500 735 537 sub
768 498 877 536 vitae
916 497 1079 534 suturae
1118 496 1342 546 ingressum
1388 495 1701 545 Er1·01,Igno—-

160 559 530 610 rantia,Ve1itaS,
562 557 706 605 Ratio,
740 556 918 606 aliaeque
950 554 1101 592 multae
1133 536 1310 591 Viitutes
1342 561 1382 592 et
1421 555 1548 602 Vitia,
1590 554 1701 591 Bona

162 627 203 658 et
232 620 351 667 Mala,
384 617 598 656 excubant.
660 615 723 653 Ad
753 628 816 653 res
850 613 1085 664 praeteritas
1118 611 1273 649 aditum
1305 612 1459 650 faciunt
1490 619 1571 650 ties
1601 625 1700 663 Ροι-

162 687 246 727 tae,
291 690 461 729 quarum
500 687 624 712 unam
658 672 797 711 Cadmi
841 672 912 709 filii
959 677 1100 708 tenent
1142 684 1234 708 Cum
1278 671 1391 708 Poesi
1431 676 1471 708 et
1510 669 1700 719 Historia,

164 737 332 775 alteram
364 732 733 781 tabula‚te1tiam
765 730 983 781 Sculptura
1015 736 1056 767 ct
1097 729 1272 767 Pictum.
1334 729 1397 767 Ad
1440 742 1503 766 les
1544 728 1703 765 suturas

164 801 300 833 autem
332 798 471 845 patent
503 797 642 843 portae
674 803 764 838 sex,
798 803 895 839 quas
929 787 1167 826 custodiunt
1198 787 1436 840 Prophetia,
1480 787 1702 831 Somnium,

163 855 319 900 Mania,
354 849 599 901 Astrologia,
632 850 915 886 Neci-omantia
947 853 987 885 et
1019 848 1168 884 Sortes.
1230 847 1317 884 Alio
1337 847 1426 884 loco
1445 845 1702 899 (lib.Xle)

165 913 306 950 Narses
340 910 437 947 dum
467 908 635 946 Nursiae
666 913 873 952 moratur,
915 918 1016 956 quae
1046 907 1086 943 in
1119 905 1275 943 Sabinis
1317 905 1418 954 suit,
1466 917 1575 942 nunc
1617 903 1702 940 Du-

165 976 278 1008 catus
315 967 522 1019 Spoletani
561 967 658 1004 urbs
703 971 785 1012 est,
827 964 1021 1016 Sibyllam
1060 963 1156 1002 adit.
1227 965 1297 1001 Est
1337 977 1435 1002 vero
1478 963 1518 1000 in
1562 962 1704 1000 vicinis

166 1028 277 1067 urbis
308 1027 405 1065 locis
435 1027 542 1063 inter
572 1024 723 1062 Montis
754 1024 927 1061 Victoris
958 1024 1049 1073 iuga
1080 1023 1206 1060 Lacus
1237 1021 1411 1074 Sibyllae
1443 1021 1577 1059 dictus
1612 1034 1704 1057 cum

166 1100 300 1139 specu.
364 1086 499 1130 Viam,
532 1096 634 1134 quae
666 1083 717 1120 ad
748 1082 941 1133 Sib>llam
974 1081 1111 1129 ducit,
1144 1081 1306 1119 ornavit
1336 1085 1452 1133 poeta
1484 1094 1530 1132 5)
1522 1078 1703 1117 mbolica

165 1146 274 1184 xitae
313 1143 515 1182 humanae
560 1140 929 1194 repiaesentatione
968 1111 1192 1177 secundum
1234 1140 1490 1192 planetalum
1531 1137 1704 1175 circulos

167 1211 206 1241 et
237 1204 442 1251 sionmum
473 1201 699 1239 caelestium
734 1200 808 1237 ΧΠ
839 1199 1049 1237 lationem.
1110 1199 1278 1236 Habitat
1318 1198 1469 1249 Sibylla
1508 1196 1582 1235 sub
1626 1197 1703 1233 Ca—

166 1263 355 1315 piicorno
388 1269 428 1298 et
460 1260 608 1311 Aqua}
600 1274 661 1309 10,
699 1260 739 1297 in
771 1259 854 1296 eius
884 1258 1031 1309 palatio
1061 1257 1197 1309 plures
1239 1263 1334 1294 sunt
1372 1256 1456 1294 oeci
1498 1269 1568 1293 seu
1611 1267 1703 1292 coe—

167 1321 310 1360 nacula
343 1320 440 1357 satis
475 1320 667 1370 spatiosi,
699 1330 873 1368 quorum
906 1316 1075 1368 paiietes
1107 1315 1286 1367 depictas
1318 1315 1515 1353 exhibent
1545 1327 1608 1352 les
1639 1314 1702 1350 lu-

167 1387 282 1418 tuias
311 1392 383 1431 pel
423 1378 636 1430 peliodum
678 1382 903 1427 nonucntot
909 1390 974 1413 um
1017 1381 1057 1412 et
1098 1374 1303 1423 ses-noima
1344 1387 1544 1412 ann01um
1585 1371 1705 1409 certis

167 1438 394 1478 rationibus
424 1436 670 1487 astrologicis
702 1441 908 1484 exactam,
938 1433 1247 1472 succedentibus
1278 1433 1394 1473 novis
1424 1431 1562 1484 figuris
1591 1431 1705 1483 prio-

168 1497 299 1545 ribus,
332 1509 435 1547 quae
465 1495 544 1532 iam
577 1500 768 1533 eventum
797 1507 935 1531 rerum
965 1492 1207 1531 habuerant.

286 1555 386 1592 Cum
417 1554 612 1592 Italorum
643 1553 914 1591 vetustiorum
944 1551 1118 1590 inventis
1150 1551 1357 1602 figmenta,
1399 1561 1500 1601 quae
1541 1547 1583 1585 in
1621 1547 1706 1599 epi-

170 1614 225 1653 cis
254 1613 383 1666 poetis
414 1612 604 1664 Hispanis
635 1618 675 1649 et
706 1611 904 1648 Lusitanis
935 1616 1177 1659 occurrunt,
1211 1609 1431 1647 admodum
1463 1606 1706 1658 conspirare,

170 1686 221 1711 ex
257 1674 456 1710 Cervante
498 1670 557 1724 (in
588 1672 686 1708 Don
733 1667 919 1722 Quia-ote)
961 1669 1154 1721 suspicari
1194 1668 1329 1717 licuit,
1371 1674 1411 1705 et
1450 1679 1549 1705 vero
1586 1666 1707 1703 etiam

171 1745 194 1768 a
223 1731 372 1780 DieziO,
404 1729 492 1769 viro
527 1729 759 1767 doctissimo
793 1734 832 1765 et
863 1727 1115 1777 amicissimo,
1147 1727 1292 1779 accepi.
1353 1727 1464 1764 Inter
1501 1725 1597 1762 alios
1629 1738 1706 1762 no—

170 1788 353 1828 bilissimi
386 1801 406 1825 e
435 1787 731 1825 recentioribus
762 1786 964 1823 Lusitanis
1006 1792 1169 1837 poetae,
1216 1786 1381 1822 Comitis
1419 1785 1467 1821 cle
1506 1785 1703 1829 Micam,

171 1848 214 1886 in
244 1846 544 1898 Henriqueicle‚
580 1859 659 1896 qua
689 1846 814 1895 Regni
844 1844 1025 1881 Lusitani
1057 1857 1127 1895 per
1157 1843 1378 1880 Henricum
1412 1842 1587 1893 primun]
1628 1841 1707 1877 Co—

172 1906 311 1944 mitem
334 1904 563 1943 Lusitaniae
595 1903 763 1941 exordia
786 1908 1063 1954 exponuntur,
1095 1902 1317 1953 episodiuni
1347 1913 1435 1938 meo
1465 1905 1611 1951 rogatu
1640 1898 1706 1935 in—

172 1970 419 2017 teipretatus
451 1969 530 2011 est,
571 1961 682 2012 quod
721 1961 790 1999 lib.
829 1961 845 1998 Ι
877 1967 916 1998 et
948 1961 982 1999 ΙΙ
1021 1961 1274 1998 continetur:
1315 1958 1514 1997 Henricus
1554 1958 1708 2008 ingres-

173 2037 240 2061 sus
271 2029 435 2060 antrum
465 2021 701 2069 latidicum,
734 2020 847 2058 cuius
877 2018 1032 2057 aditum
1064 2018 1251 2056 obsident
1280 2023 1463 2056 monstla
1494 2015 1546 2054 ad
1577 2016 1708 2054 visum

174 2087 213 2119 et
252 2081 437 2119 auditum
474 2079 703 2127 horrenda,
750 2078 944 2130 plospicit
983 2078 1231 2117 vestibulum
1268 2076 1407 2128 templi
1449 2088 1519 2114 seu
1556 2072 1707 2126 palatii,

175 2140 289 2178 cuius
329 2145 447 2191 poxta
487 2138 609 2177 variis
649 2136 924 2188 hieroolyphis
967 2142 1006 2174 et
1043 2135 1349 2174 emblematibus
1388 2134 1597 2185 exsculpta
1631 2137 1706 2180 est,

175 2212 351 2250 quorum
384 2212 427 2235 a1
430 2205 668 2248 numentum
699 2196 853 2234 faciunt
887 2209 950 2233 les
981 2196 1158 2233 futurae.
1220 2194 1414 2232 Interiora
1446 2193 1553 2230 aedis
1586 2203 1707 2229 exor-

176 2263 275 2295 nant
306 2256 483 2308 primum
521 2261 678 2293 statuae
719 2268 770 2292 ex
809 2267 899 2291 aere
940 2254 1075 2292 XXIV
1118 2266 1279 2303 regum,
1321 2254 1389 2303 qui
1427 2251 1469 2289 in
1508 2248 1709 2289 Lusitanis

176 2314 385 2366 regnaturi
425 2320 542 2362 sunt,
590 2326 717 2363 usque
767 2313 818 2350 ad
857 2312 1046 2350 Ioannem
1087 2311 1296 2362 quintum,
1346 2309 1525 2349 subiecto
1566 2309 1709 2359 cuique

178 2374 298 2411 titulo
329 2378 369 2410 et
398 2373 596 2421 carmine,
628 2378 717 2410 tum
748 2372 916 2409 aliarum
948 2378 1174 2408 statuarum
1206 2383 1374 2420 magnus
1405 2381 1610 2415 numerus,
1641 2372 1706 2403 ta-

177 2431 293 2469 bulae
324 2431 454 2482 pictae
486 2431 662 2481 aliaeque
692 2430 842 2479 multa,
882 2430 1027 2480 quibus
1067 2441 1204 2479 regum
1243 2428 1528 2465 Lusitanorum
1568 2426 1710 2465 futura

179 2489 361 2537 soboles,
393 2489 469 2526 viri
500 2490 695 2538 illustres,
743 2495 780 2526 et
818 2489 921 2526 sacta
952 2487 1157 2540 praeclara
1198 2492 1566 2538 repraesentantur.
1627 2485 1710 2522 Sub

180 2560 380 2598 egressum
405 2560 456 2584 ex
486 2548 675 2599 spelunca
716 2547 759 2584 in
799 2547 991 2598 Sibyllam
1029 2545 1172 2583 incidit
1211 2545 1433 2592 HenricuS,
1478 2556 1601 2594 quae,
1640 2542 1708 2580 ubi

180 2618 317 2659 preces
349 2618 438 2642 eum
470 2606 601 2643 facere
630 2605 765 2655 iussit,
796 2604 947 2657 tripodi
980 2617 1102 2642 aureo
1134 2603 1341 2653 insidens,
1371 2603 1502 2640 tribus
1532 2600 1710 2640 volumi-

180 2664 319 2713 nibus,
360 2676 461 2714 quae
503 2664 653 2701 scilicet
684 2677 733 2700 ex
776 2676 924 2701 novem
966 2662 1186 2712 Tarquinio
1228 2662 1321 2699 olim
1362 2660 1504 2698 oblatis
1545 2671 1710 2709 supere-

181 2728 299 2771 r,ant
342 2721 558 2773 explicitis,
608 2722 775 2772 lylaque
816 2721 1054 2771 triangulari
1098 2725 1228 2767 tacta,
1269 2731 1362 2755 suos
1401 2731 1515 2755 casus
1556 2723 1710 2765 namat,

182 2787 271 2819 tum
301 2793 365 2819 res
393 2780 561 2831 exponit
603 2779 789 2830 deinceps
829 2792 851 2815 a
891 2778 1090 2815 Lusitanis
1131 2776 1346 2826 gerendas,
1386 2771 1543 2813 Indiam
1582 2775 1712 2826 inpri—

183 2840 257 2877 mis
298 2845 509 2888 utramque
556 2837 810 2888 navigatione
858 2834 1187 2887 patefaciendam.
1248 2833 1331 2872 Sub
1381 2834 1596 2871 discessum
1635 2832 1712 2870 tria

182 2898 335 2935 talenta
368 2912 389 2934 a
421 2896 641 2947 Tarquinio
652 2868 768 2932 ξ’01ὴί111
804 2908 877 2946 pro
919 2893 1031 2931 libris
1071 2898 1232 2944 accepta
1273 2892 1449 2930 Henrico
1490 2892 1532 2929 in
1571 2904 1712 2929 manus

184 2956 331 3005 tradit,
362 2961 406 2994 ut
440 2955 535 2992 inde
565 2955 608 2992 B.
642 2953 796 3005 Virgini
826 2965 979 2990 sacram
1013 2951 1149 2989 aedem
1182 2956 1378 2989 exstruat.
