1811 3388
433 180 842 230 AENEIDOS
881 180 1022 229 LIB.
1060 182 1122 241 V,
1160 183 1455 232 364—374

192 308 456 373 Idemque
517 304 582 354 ad
634 304 940 369 tumulum,

1609 192 1709 237 775

1014 321 1122 370 quo
1168 321 1447 354 maxumus
1488 309 1710 358 occubat

974 377 1188 436 Hector,

191 444 465 494 Victorem
483 445 654 492 Buten
677 443 875 492 inmani
900 459 1154 509 corpore,
1194 443 1360 510 quise

189 512 441 576 Bebrycia
463 513 683 561 veniens
702 513 883 577 Amyci
907 513 973 562 de
995 523 1154 577 gente
1176 513 1397 576 ferebat,

190 582 444 646 Perculit,
486 592 539 632 et
558 581 698 631 fulva
721 583 1112 633 moribundum
1141 583 1376 633 extendit
1397 599 1567 632 arena.

259 682 374 728 372.
413 690 488 739 SE,

672 682 787 729 373.
818 692 1004 739 GENTE,

282 815 350 850 371
379 814 532 848 accubat
558 816 718 850 Parrhas.
745 823 779 849 et
803 816 937 860 aliquot
959 815 1051 849 Pier.
1090 814 1239 850 occubat
1263 817 1298 850 h.
1322 817 1346 850 l.
1372 828 1438 861 pro
1464 816 1580 857 cubat,
1603 814 1706 848 iacet.

191 861 344 905 (potius:
373 876 404 894 m
420 871 595 896 orcitus
619 862 884 903 cubat,1acec;
915 863 1001 895 nihil
1024 870 1116 907 aget,
1141 864 1202 907 qui
1227 877 1333 908 quom
1354 875 1544 897 maxumus
1565 875 1583 895 a
1602 870 1707 907 poeta

190 908 356 953 scriptum
394 908 501 941 fuisse
536 917 645 961 putet.
691 890 785 952 W’r.)

890 911 959 944 372
985 913 1113 942 Butem
1146 918 1212 943 tres
1237 913 1363 949 Bur.,m
1400 918 1433 943 et
1457 921 1542 942 unus
1570 912 1706 942 Batan-

190 955 314 988 Hamb.
349 967 417 988 sec.
443 969 466 988 ι.
497 969 556 1000 qul
587 969 615 989 c.
649 969 738 989 sese.
786 959 830 988 At
856 957 924 989 hoc
951 969 991 989 ex
1018 968 1059 989 eo
1086 958 1299 999 tenebimus,
1340 964 1379 989 ut
1403 957 1704 1001 interpungamus:

192 1003 371 1035 Victorem
399 1006 539 1043 Buten,

186 1060 323 1092 magna
347 1061 385 1081 se
415 1050 509 1081 mole
534 1047 695 1094 ferebat.
744 1051 1043 1094 (Inteipunctione
1078 1051 1292 1094 pervertitur
1319 1051 1375 1083 hic
1400 1050 1509 1083 locus.

589 1005 730 1036 trimani
758 1016 881 1048 corpo
891 1016 909 1035 e
948 1017 1007 1048 qut
1037 1003 1296 1048 se-serebac.
1334 1011 1371 1036 ut
1405 1003 1704 1044 inf.V111,199

1567 1049 1603 1083 Si
1629 1061 1704 1082 cum

188 1095 428 1128 Wakefieldio
457 1096 577 1148 iunges
604 1109 663 1140 (sul
690 1109 728 1129 se
753 1109 898 1129 emmam
924 1109 1075 1142 corpore
1091 1096 1253 1141 serebat,
1278 1097 1408 1140 frigent
1431 1096 1614 1129 interiecta
1642 1095 1704 1129 illa

191 1141 369 1185 Βεέ)ν]εια
398 1155 547 1174 vemens
570 1144 614 1174 de
645 1151 773 1188 gente,
810 1143 839 1175 si
868 1143 916 1175 ita
950 1143 1155 1186 distinguis,
1180 1151 1218 1175 ut
1247 1145 1376 1178 factum
1404 1150 1457 1176 est
1487 1144 1521 1175 in
1540 1149 1636 1175 textu
1658 1143 1702 1175 ab

186 1189 490 1231 Heynio,xe1ba
518 1202 576 1233 qut
610 1201 647 1222 se
660 1188 812 1234 serebat
836 1191 1017 1234 requirunt
1041 1190 1173 1234 aliquid
1197 1191 1406 1224 adiunctum.
1455 1192 1591 1244 Nempe
1616 1189 1703 1222 sub—-

188 1234 261 1267 lata
288 1241 370 1279 post
396 1248 434 1267 se
460 1242 494 1267 et
519 1242 600 1288 post
623 1244 734 1280 gente
757 1236 1038 1279 interpunctione
1064 1237 1186 1280 iunge:
1226 1250 1284 1282 qai
1311 1250 1350 1271 se
1374 1240 1525 1270 v'encens
1540 1235 1702 1281 serebat,

185 1280 208 1314 i.
235 1293 264 1313 e.
291 1283 353 1325 qui
377 1294 414 1314 se
440 1291 704 1314 venientem
724 1281 892 1328 ferebat,
918 1290 953 1316 ut
981 1285 1058 1324 XII,
1085 1285 1182 1319 860:

350 1335 384 1361 et
403 1340 508 1371 saepe
536 1328 639 1367 alibi3
665 1330 733 1361 vid.
754 1341 840 1373 quae
865 1342 941 1373 lpse
967 1310 1069 1362 allent
1093 1310 1248 1374 Heynitis
1273 1331 1306 1363 in
1333 1332 1373 1364 V.
1392 1332 1432 1364 L.
1458 1331 1502 1363 ad
1526 1331 1549 1362 l.
1574 1331 1600 1370 I,
1620 1328 1701 1364 314

189 1327 310 1368 tulit3‘

1223 1284 1388 1325 „Talis
1414 1296 1451 1316 se
1478 1291 1554 1316 sati
1580 1284 1697 1316 Nocte

188 1381 223 1406 et
246 1353 334 1418 qliae
358 1387 422 1418 ego
444 1375 488 1408 ad
507 1376 570 1408 Ge.
590 1377 630 1415 ΙΙ,
656 1377 736 1410 219.
784 1378 828 1408 Et
850 1376 991 1417 ferebat
1009 1390 1047 1410 se
1066 1378 1271 1409 venientem
1302 1384 1424 1410 ornate
1451 1389 1515 1422 pro
1536 1384 1700 1410 venerat.

183 1422 269 1453 Post
306 1434 459 1467 corpore
484 1422 585 1454 video
618 1422 722 1454 etiam
749 1422 784 1455 in
817 1423 978 1457 Mediceo
1007 1424 1194 1467 interpung
1199 1424 1220 1456 i.
1249 1424 1345 1467 Wr.)

1438 1423 1509 1459 374
1536 1424 1702 1456 Pereunt

184 1479 269 1500 unus
290 1468 380 1500 Pier.
404 1469 461 1512 qui
485 1475 538 1500 est
560 1470 645 1500 Rom
651 1481 744 1501 111115
795 1471 956 1503 Pertulit
975 1470 1056 1512 duo,
1079 1470 1205 1503 vitiose
1223 1477 1261 1503 ut
1281 1483 1398 1516 saepe.
1433 1471 1539 1515 (idem
1564 1470 1601 1502 in
1619 1470 1699 1502 Me-

184 1515 306 1556 diceo,
332 1515 431 1547 sed
418 1516 704 1560 superscriptae.
734 1518 831 1560 lVr.)

184 1619 324 1657 cellere
353 1621 487 1671 potuit
506 1621 546 1658 in
566 1622 694 1673 poetis
725 1621 915 1674 deperdi-

183 1677 250 1714 tis.
315 1680 410 1731 371.
434 1678 535 1716 Ludi
555 1680 742 1717 funebres
767 1680 808 1718 in
830 1681 915 1718 He-

183 1734 304 1771 ctoris
335 1734 529 1774 honorem
556 1735 704 1786 habiti,
736 1752 834 1776 num
864 1738 913 1776 ab

180 1792 320 1829 iisdem
352 1794 479 1844 poetis
508 1795 717 1833 memorati
748 1796 913 1846 fuerint,

181 1863 232 1887 an
276 1850 427 1900 Virgilii
470 1852 625 1902 ingenio
674 1853 911 1903 debeantur,

180 1921 262 1945 non
281 1906 408 1946 habeo
429 1909 572 1947 dicere.
614 1911 821 1949 Probabile
843 1918 909 1949 ta-

180 1978 270 2002 men
292 1965 360 2013 fit,
394 1979 413 2002 e
434 1967 602 2018 Cyclicis
630 1968 756 2020 poetis
777 1975 816 2006 et
834 1968 908 2006 hos

182 2022 328 2073 petitos
353 2036 444 2061 esse.
506 2025 575 2061 Est
600 2039 759 2075 quoque
781 2027 908 2064 vesti—

179 2080 285 2129 gium
307 2080 363 2116 rei
384 2080 421 2117 in
447 2081 590 2119 Darete
611 2085 678 2125 25.
717 2085 909 2121 Priamus

181 2138 396 2174 Hectorem
415 2153 485 2175 suo
509 2153 613 2176 more
636 2149 727 2177 ante
745 2150 909 2190 porlam

182 2196 364 2244 sepelivit
377 2211 387 2231 .·
421 2197 486 2232 cui
507 2197 621 2233 ludos·
630 2197 907 2248 funebres-fi-

178 2253 243 2288 cit.
288 2250 360 2303 (De
382 2253 573 2291 orationis
599 2260 804 2292 structura
824 2255 905 2293 vid.

179 2308 223 2346 V.
243 2309 283 2346 L.
309 2309 358 2346 ad
378 2323 434 2347 VS.
456 2313 550 2351 371.
581 2311 698 2364 lVr.)
749 2313 803 2350 At
822 2313 905 2350 Bu-

178 2372 246 2404 ten
270 2368 448 2404 suaviter
468 2368 515 2405 ab
536 2368 687 2420 Amyco
718 2370 902 2418 deduxit,

175 2424 243 2474 qui
265 2424 464 2462 Pollucem
487 2434 791 2477 provocaverat,
811 2442 900 2465 cum

175 2482 206 2519 is
227 2496 317 2520 cum
342 2482 581 2533 Argonautis
612 2485 662 2522 ad
690 2485 902 2538 Bithyniae

174 2539 289 2577 littus
326 2540 561 2579 accessisset.
606 2542 687 2580 vid.
714 2543 899 2595 Apollon.

173 2597 239 2635 lib.
262 2597 294 2634 11
315 2611 374 2649 pr.
417 2598 521 2636 Cave
543 2606 671 2637 tamen
691 2613 781 2639 eum
801 2615 902 2639 con-

173 2654 317 2692 fundas
351 2669 441 2693 eum
473 2658 604 2707 Bate,
646 2658 845 2697 Teleontis
872 2659 899 2697 f.

174 2724 223 2748 ex
258 2711 580 2763 Argonautarum
603 2730 791 2766 numero,
834 2716 903 2766 qui

173 2768 356 2807 Sirenum
380 2777 501 2809 cantu
526 2773 742 2812 fascinatus
763 2775 804 2813 in
834 2774 901 2811 Li-

171 2825 355 2876 lybaeum
382 2829 556 2867 enatavit
588 2831 750 2869 Veneris
776 2832 900 2869 bene-

172 2883 279 2921 ficio:
312 2883 494 2935 Apollon.
509 2886 572 2935 lV,
598 2890 681 2930 912
696 2903 752 2940 sq.
773 2888 898 2940 Apol—

974 1622 1056 1661 lod.
1070 1623 1099 1671 I,
1118 1623 1236 1671 9,25,
1266 1622 1314 1660 de
1335 1637 1413 1673 quo
1426 1637 1464 1662 v.
1479 1624 1696 1661 Burmann.

974 1681 1096 1718 Catal.
1117 1680 1337 1731 Argonaut.
1388 1681 1575 1720 Diversus
1593 1694 1697 1730 quo—

972 1751 1049 1789 que
1062 1739 1181 1776 Butes
1202 1737 1416 1776 Pandionis
1438 1739 1463 1777 f.
1478 1753 1498 1776 a
1517 1752 1595 1789 quo
1613 1737 1698 1775 Bu-

972 1796 1108 1845 tadae,
1141 1796 1364 1834 sacerdotio
1394 1795 1560 1836 Athenis
1596 1795 1696 1833 insi—

970 1867 1083 1904 gnes:
1120 1867 1158 1892 v.
1192 1854 1375 1905 Apollod.
1405 1854 1469 1901 ΙΙΙ,
1504 1854 1567 1902 15,
1595 1856 1630 1895 1.
1655 1859 1696 1891 et

968 1911 1101 1949 Notas.
1134 1924 1251 1962 quem
1278 1926 1364 1964 sup.
1388 1912 1437 1949 ad
1462 1912 1490 1960 I,
1525 1912 1616 1952 156.
1647 1911 1693 1949 V.

967 1969 1009 2007 L.
1036 1969 1077 2006 in
1101 1968 1277 2020 Orphica
1303 1969 1508 2007 reduxisse
1539 1968 1692 2007 videor.

968 2027 1089 2064 Dares
1102 2032 1142 2064 et
1162 2027 1341 2064 Entellus
1364 2027 1481 2064 etiam
1496 2026 1693 2078 epigram-

967 2090 1072 2121 mate
1095 2090 1293 2122 ornantur
1315 2083 1527 2134 Antholog.
1546 2097 1604 2133 gr.
1622 2083 1690 2121 lib.

967 2141 1012 2190 V,
1044 2155 1131 2193 pag.
1155 2144 1250 2183 526.
1333 2144 1427 2182 373.
1458 2142 1579 2178 Butes
1602 2141 1690 2177 Be-

967 2198 1102 2249 brycia
1134 2200 1291 2235 veniens
1318 2200 1465 2249 Amyci
1486 2199 1534 2236 cle
1552 2206 1685 2248 genle,

965 2256 1114 2307 duplici
1133 2255 1254 2293 modo
1276 2255 1406 2293 dictus
1435 2269 1516 2293 esse
1532 2261 1688 2307 potest5

963 2320 1045 2362 aut,
1077 2314 1145 2364 qui
1166 2326 1216 2350 ex
1235 2313 1427 2365 Bebrycia
1442 2343 1452 2363 ,
1483 2326 1583 2364 quae
1602 2319 1688 2351 erat

959 2385 1059 2421 gens
1081 2373 1249 2422 Amyci,
1288 2371 1329 2408 id
1352 2378 1431 2420 est,
1473 2372 1546 2409 sub
1564 2383 1686 2421 regno

962 2428 1122 2480 Amyci,
1173 2435 1338 2467 venerat
1386 2429 1568 2478 Troiam3
1615 2434 1686 2467 aut

960 2492 1095 2524 ortum
1119 2486 1268 2524 ducens
1288 2501 1308 2523 a
1321 2486 1444 2538 stirpe
1456 2487 1596 2538 Amyci
1608 2486 1683 2523 Be-

959 2544 1108 2596 brycii:
1140 2550 1180 2581 et
1202 2544 1279 2582 hoc
1300 2551 1490 2596 praestat.
1523 2544 1685 2595 ferebat

959 2618 1022 2650 se,
1057 2602 1286 2651 incedebat,
1318 2609 1364 2640 ut
1383 2602 1412 2651 I,
1445 2604 1539 2644 503.
1571 2603 1684 2639 Talis

961 2668 1046 2697 erat
1066 2660 1179 2697 Dido
1195 2689 1205 2709 ,
1250 2660 1371 2697 talem
1390 2675 1429 2698 se
1450 2662 1556 2698 laeta
1565 2660 1682 2710 sbre-

961 2716 1043 2754 bat.
1106 2717 1171 2766 IV,
1206 2720 1253 2760 11
1283 2732 1400 2769 quem
1422 2732 1503 2754 sese
1527 2732 1588 2755 ore
1605 2716 1680 2766 fi>-

959 2789 1046 2812 rens
1060 2775 1074 2810 .'
1106 2775 1204 2812 Nam
1224 2775 1304 2813 vim
1324 2775 1456 2813 verbis
1476 2775 1592 2813 facias
1606 2803 1615 2821 ,
1648 2773 1678 2809 si

958 2831 1157 2870 iunxen's:
1187 2832 1337 2870 serebat
1365 2845 1404 2869 se
1431 2845 1512 2870 esse
1544 2829 1678 2881 Amyci

959 2889 1008 2927 de
1038 2895 1173 2940 gente,
1206 2890 1367 2928 veniens
1398 2889 1446 2927 de
1473 2889 1677 2939 Bebrycia.
