1827 3436
397 231 807 282 AENEIDOS
844 232 989 280 LIB.
1028 233 1092 293 ΙΙ,
1127 238 1421 286 322—334
1566 244 1666 291 315

154 359 349 409 Fundit
374 373 572 424 equus,
608 356 885 423 victorque
913 357 1081 405 Sinon
1108 357 1353 406 incendia
1380 361 1583 424 miscet,

153 428 426 479 Insultans.
497 426 670 474 Portis
695 425 779 475 alii
801 426 1162 492 bipatentibus
1190 426 1397 490 adsunt,
1570 439 1672 486 330

153 498 316 549 Millia
341 504 474 562 quot
498 496 700 560 magnis
718 513 981 563 umquam
1003 513 1202 546 venere
1226 499 1487 564 Mycenis;

157 566 435 618 Obsedere
462 564 543 614 alii
566 565 682 615 telis
707 575 923 631 angusta
948 567 1153 615 viarum

157 636 432 703 Oppositi3
471 644 570 684 stat
594 634 723 685 ferri
747 636 882 685 acies
902 653 1165 686 mucrone
1188 653 1411 689 corusco

158 707 367 768 Stricta,
398 714 576 772 parata
597 706 744 767 neci3
778 707 860 757 vix
885 706 1044 773 primi
1065 706 1272 774 proelia
1292 716 1500 759 tentant

248 847 317 881 329
340 844 444 892 fudit
471 845 630 878 nonnulli
649 846 753 880 codd.
775 847 896 880 Heins.
923 853 958 879 et
977 848 1103 889 Burm.,
1129 848 1248 893 (etiam
1266 848 1343 882 Alb.
1371 849 1468 892 lVr.)
1494 861 1559 883 nec
1585 849 1675 883 male

156 894 235 927 hoc.
285 893 424 926 Servius
452 893 626 937 vulgatam
647 893 729 926 lect.
751 893 1027 938 interpretatur;
1055 901 1090 927 et
1116 895 1225 928 habet
1238 895 1372 941 fundit
1394 896 1558 940 grandius
1580 897 1676 941 quid,

157 952 261 985 quam
281 939 392 984 fudit.
442 940 555 972 Nimis
577 946 701 984 argute
721 938 766 974 τὸ
780 939 947 986 sundere
966 941 999 974 h.
1023 941 1046 973 l.
1073 954 1092 974 a
1116 949 1219 986 partu
1242 949 1426 986 repetunt,
1453 943 1533 988 quia
1552 956 1584 977 v.
1607 945 1676 979 238

154 987 235 1033 feta
252 988 374 1020 armis.
423 987 485 1019 Est
518 987 632 1032 simpl.
665 987 808 1020 emittit.
834 988 959 1032 Odyss.
987 988 1028 1028 θ,
1055 989 1123 1022 515
1155 986 1323 1023 ἱππόθεν
1354 985 1558 1034 ἐκχύμενοι.
1607 1003 1677 1036 que

157 1034 258 1067 abest
276 1033 399 1077 Regio.
439 1034 626 1080 fictorque
647 1035 761 1068 Sinon
785 1034 875 1067 coni.
897 1034 1124 1075 VVaddelius3
1160 1036 1223 1068 sed
1246 1049 1277 1069 v.
1303 1038 1488 1070 Burmann.
1536 1039 1668 1079 victor,

157 1080 332 1125 propositi
362 1080 528 1122 effector,
574 1088 669 1114 recte
699 1080 954 1126 interpretatur
980 1082 1129 1116 Servius.
1223 1083 1294 1118 330
1317 1085 1522 1117 Exsultans
1538 1085 1675 1128 Menag.

157 1140 222 1172 pr.,
247 1127 343 1171 quod
364 1127 475 1160 minus
503 1134 607 1160 esset.
657 1127 723 1161 alii
745 1130 869 1174 portis
898 1140 968 1161 sec.
990 1130 1117 1162 Moret.
1148 1135 1184 1162 et
1208 1129 1308 1162 Leid.
1345 1142 1441 1164 unus.
1484 1133 1677 1177 portisque

159 1174 226 1207 alii
246 1175 383 1219 Menag.
413 1181 448 1206 et
467 1178 584 1218 Sprot.
610 1173 699 1207 alibi
713 1174 928 1221 patentibus
945 1175 1034 1208 Gud.
1082 1176 1149 1210 alii
1161 1175 1377 1222 patentibus
1399 1178 1571 1210 Rottend.
1593 1184 1675 1210 tert.

160 1233 179 1253 a
197 1233 240 1253 m.
260 1233 314 1266 pr.
363 1221 430 1254 alii
445 1223 483 1254 in
508 1219 753 1268 bipatentibus
772 1221 871 1254 Leid.
893 1228 928 1254 et
948 1223 1076 1255 Moret.
1097 1229 1180 1255 tert.
1229 1223 1364 1268 aliique
1390 1223 1600 1270 petentibus
1620 1224 1675 1257 ed.

159 1269 286 1301 Venet.
381 1269 447 1303 331
478 1281 646 1313 umquam
664 1267 782 1301 Heius.
802 1281 876 1301 cnm
895 1267 996 1301 libris
1021 1269 1242 1314 potioribus;
1276 1270 1356 1311 alii,
1382 1279 1418 1303 ut
1435 1271 1550 1315 vulgo,
1574 1283 1675 1305 nun-

160 1327 282 1359 quam,
310 1315 404 1358 quod
425 1321 461 1347 et
479 1313 674 1347 Priscianus
695 1315 756 1348 lib.
779 1316 881 1348 XVII
899 1315 1016 1349 habet.
1063 1316 1134 1349 Sed
1151 1323 1263 1349 totum
1285 1329 1421 1350 versum
1451 1318 1576 1351 abesse
1597 1330 1676 1351 ma-

159 1361 239 1393 lim:
265 1368 351 1405 quot
370 1361 461 1393 enim
483 1374 524 1394 ex
543 1361 612 1394 illis
630 1362 782 1394 millibus
802 1374 866 1406 per
885 1362 1004 1395 decem
1025 1374 1134 1395 annos
1165 1374 1285 1396 caesos
1310 1376 1386 1396 esse
1414 1372 1536 1409 putare
1568 1364 1675 1397 licet!

160 1407 272 1440 Etiam
290 1409 358 1441 Iac.
381 1409 513 1452 Bryant
538 1410 582 1442 V.
606 1408 642 1440 C.
661 1415 860 1453 suspectum
888 1409 1043 1442 habebat
1070 1421 1218 1442 versum.
1268 1412 1316 1443 Ut
1335 1411 1518 1452 defendas,
1551 1412 1676 1445 dicen-

160 1455 262 1487 dum:
289 1454 347 1487 alii
365 1455 409 1487 ad
431 1462 552 1499 portas
572 1463 696 1497 ruunt,
721 1462 818 1488 tanto
845 1468 989 1489 numero
1004 1482 1013 1497 ,
1047 1462 1085 1488 ut
1103 1456 1159 1489 vix
1178 1456 1297 1502 plures
1316 1457 1429 1501 prima
1449 1458 1566 1491 statim
1587 1469 1675 1503 pro—

160 1501 314 1534 fectione
335 1514 354 1534 e
376 1502 524 1535 Graecia
545 1501 671 1535 exiisse
690 1509 844 1547 putares.
895 1502 1091 1547 (Praeclara
1114 1504 1201 1537 haec
1220 1504 1415 1546 sententia,
1441 1505 1562 1538 Iahnio
1583 1516 1676 1550 quo·-

162 1560 229 1593 que
257 1549 426 1593 probata;
461 1560 531 1581 non
559 1549 666 1593 igitur
692 1550 817 1590 video,
859 1562 966 1594 quare
994 1550 1164 1594 optimum
1193 1562 1329 1582 versum
1357 1552 1583 1585 eliminemus.
1631 1555 1677 1584 At

162 1595 257 1627 aliud
278 1602 351 1637 est,
377 1595 412 1628 in
432 1607 500 1639 quo
524 1596 682 1628 haereas.
731 1598 844 1637 Quum
876 1597 966 1629 enim
998 1596 1089 1629 inter
1120 1610 1158 1629 se
1189 1597 1321 1642 opponi
1346 1599 1528 1631 videantur
1550 1599 1616 1632 alii
1632 1618 1675 1622 —

162 1642 247 1681 alii,
281 1642 303 1674 i.
331 1654 359 1675 e.
381 1655 634 1688 pars—<paug
660 1654 729 1674 non
760 1643 890 1676 licebat
922 1644 1016 1687 parti
1043 1644 1079 1676 id
1095 1644 1270 1685 tribuere,
1303 1646 1677 1689 Millia—MyceniS,

163 1689 256 1733 quod
287 1689 490 1721 conveniret
518 1689 598 1722 toti.
656 1689 824 1722 Nimirum
863 1690 947 1723 alii
976 1690 1048 1732 illi,
1090 1691 1149 1735 qui
1181 1691 1299 1735 priore
1327 1691 1407 1725 loco
1442 1693 1677 1737 appellantur,

162 1735 223 1775 iis,
251 1735 309 1780 qni
332 1736 374 1768 ei<
396 1747 484 1780 equo
505 1735 734 1780 prodierant,
761 1744 1007 1780 opponuntur3
1041 1737 1094 1771 his
1121 1737 1224 1770 alteri
1251 1738 1336 1770 alii
1360 1751 1430 1771 non
1457 1746 1528 1772 tam
1557 1750 1677 1783 oppo-

163 1781 220 1814 siti
245 1790 346 1823 sunt,
373 1795 474 1827 qnam
493 1783 739 1828 comprehensi
758 1784 883 1816 horum
906 1797 1070 1825 numero,
1104 1785 1196 1817 hunc
1227 1784 1260 1817 in
1294 1787 1455 1819 modum:
1490 1786 1577 1819 alii
1601 1786 1677 1819 ad·-

164 1836 290 1870 sunt,
316 1829 338 1862 i.
365 1842 394 1862 e.
421 1829 475 1862 vel
491 1829 697 1871 adveniunt,
722 1830 776 1862 vel
800 1831 994 1871 advenere;
1018 1832 1154 1872 horum,
1180 1831 1238 1875 qui
1259 1832 1324 1865 iam
1349 1834 1570 1874 advenerunt,
1597 1833 1677 1877 qui-

162 1876 241 1908 dam
259 1876 330 1908 vias
349 1875 524 1909 obsident.
553 1877 648 1919 lVr.)
721 1878 791 1912 332
816 1877 988 1911 Obsidere
1010 1880 1137 1911 Moret.
1160 1891 1229 1911 sec.
1250 1885 1284 1911 et
1302 1880 1409 1912 Goth.
1431 1887 1510 1913 tert.
1524 1893 1542 1913 a
1560 1893 1603 1913 m.
1623 1892 1677 1923 pr.

162 1922 224 1955 inf.
249 1935 280 1956 v.
300 1924 378 1958 450.
475 1924 544 1959 333
570 1924 746 1970 oppositis
774 1925 863 1957 Gud.
891 1937 966 1958 cum
994 1938 1117 1969 magna
1146 1933 1244 1968 parte
1265 1927 1367 1959 codd.
1390 1927 1510 1960 Heins.
1541 1934 1576 1959 et
1596 1927 1678 1959 Pie-

164 1969 263 2009 rian..
289 1970 384 2015 quod
404 1969 551 2002 Heinsio
571 1982 641 2002 non
662 1970 880 2015 displicebat.
931 1972 1043 2005 Etiam
1063 1972 1274 2016 Pomponius
1299 1973 1383 2006 telis
1412 1975 1588 2020 oppositis
1616 1986 1678 2006 ex—

163 2017 275 2061 ponit.
323 2017 474 2049 Vidctur
492 2023 608 2049 tamen
627 2017 795 2059 alterum,
821 2020 915 2062 qnod
938 2019 1041 2052 etiam
1059 2019 1168 2052 Goth.
1201 2032 1253 2063 pr.
1282 2027 1317 2052 et
1346 2032 1415 2053 sec.
1435 2021 1587 2061 habent,
1615 2033 1678 2053 ex-

165 2063 343 2107 quisitius,
368 2063 578 2108 poeticaque
597 2064 686 2096 adeo
705 2064 860 2097 dictione
887 2066 1024 2110 dignius
1047 2078 1133 2098 esse.
1183 2066 1400 2099 Adhaeserat
1420 2080 1438 2100 s
1456 2079 1495 2100 ex
1516 2067 1679 2111 sequenti

165 2121 253 2151 voc„
278 2123 309 2142 v.
331 2112 444 2143 Burm.
472 2111 662 2156 (oppositis
682 2111 784 2144 etiam
805 2113 996 2153 Mediceus,
1022 2125 1122 2156 quem
1141 2112 1273 2144 omittit
1287 2114 1454 2157 Heynius‚
1478 2115 1570 2157 apud
1580 2115 1678 2157 Fog—

166 2156 256 2199 gin.;
282 2158 439 2203 oppositi
458 2156 580 2197 Palat„
605 2164 715 2197 recte,
740 2171 783 2190 ne
803 2159 855 2191 bis
874 2159 965 2192 idem
986 2159 1132 2191 dicatur.
1166 2160 1260 2202 ll'r.)
1302 2159 1433 2205 ferrea
1454 2162 1550 2193 acies
1570 2162 1679 2194 Ham-

165 2203 264 2247 burg.
294 2216 366 2248 pr.,
408 2217 437 2236 v.
468 2202 588 2236 Heius.
656 2212 730 2236 stat
753 2208 937 2250 pernicies
970 2206 1127 2237 nonnulli
1159 2206 1262 2239 codd.
1295 2206 1388 2250 apud
1430 2207 1578 2240 Pierium
1604 2219 1679 2240 cum

169 2250 321 2283 Donato.
371 2258 473 2283 stant
497 2250 606 2283 Goth.
631 2261 699 2282 sec.
749 2251 901 2285 umbone
924 2265 1074 2286 corusco
1100 2252 1154 2285 ed.
1180 2254 1268 2287 Ven.

165 2369 267 2405 riam
289 2374 326 2405 et
344 2381 478 2405 rerum
496 2381 690 2405 summam
703 2368 895 2420 permisit,
949 2369 1202 2421 patetztibu3‚
1243 2371 1445 2408 variatum
1475 2385 1550 2422 pro
1580 2370 1679 2408 sim—

167 2426 285 2463 Troia
306 2440 415 2464 nunc
433 2438 582 2463 eversa.
952 2427 1062 2479 plici:
1103 2434 1307 2479 patentes,
1360 2435 1530 2480 apertae.
1586 2428 1680 2478 (Sed

225 2484 479 2525 329—335.
528 2483 683 2520 Mediis
713 2485 754 2520 in
783 2498 895 2521 moe-

168 2540 304 2588 nibus,
337 2541 378 2578 in
412 2540 541 2578 media
569 2540 690 2589 urbe,
730 2554 822 2579 nam
852 2542 894 2579 in

171 2611 271 2636 arce.
302 2599 352 2636 cf.
374 2600 576 2641 240252.
609 2599 795 2636 incendia
815 2602 895 2636 mi-

170 2664 263 2702 scet,
320 2656 434 2707 plus,
492 2669 613 2706 quam
657 2657 895 2707 promiscue,

171 2712 328 2763 passim,
359 2714 466 2751 facit.
526 2714 583 2751 ita
610 2716 771 2752 miseere
800 2730 895 2752 eae-

172 2769 250 2806 des.
281 2769 445 2808 haerent
465 2771 506 2808 in
524 2769 563 2808 h.
586 2784 625 2809 v.
644 2771 895 2824 interpretes.

173 2828 267 2866 330.
300 2828 396 2876 alii,
432 2853 483 2858 —
516 2829 648 2866 millia
667 2838 771 2881 quot,
803 2830 843 2868 h.
863 2843 895 2869 e.

174 2887 238 2919 tot
264 2884 404 2933 millia,
445 2891 544 2935 quot
572 2898 711 2924 eorum
730 2893 802 2926 etc.
821 2901 894 2940 pro

175 2938 280 2989 vulg.
307 2941 448 2991 reliqui
482 2956 628 2980 omnes.
685 2948 813 2994 portis
831 2945 894 2982 ln·-

953 2491 1002 2523 ut
1031 2485 1090 2523 bis
1118 2500 1199 2524 non
1233 2492 1289 2523 est
1320 2486 1446 2535 idem,
1479 2486 1588 2537 quod
1615 2501 1678 2523 se-

954 2543 1056 2591 mel,
1111 2544 1166 2581 ita
1205 2543 1388 2594 bipatens
1425 2558 1506 2582 non
1548 2550 1681 2596 potest

952 2600 1059 2638 idem
1091 2600 1331 2653 significare,
1371 2601 1478 2651 quod
1513 2601 1679 2653 simplex

948 2667 1118 2709 palens,-
1151 2659 1414 2710 intelligemus
1443 2659 1565 2710 igitur
1582 2673 1681 2711 por-

952 2722 1014 2753 tas
1037 2716 1210 2754 duarum
1231 2717 1452 2757 valvarum.
1470 2716 1580 2767 lVr.)
1612 2717 1682 2754 In-

953 2774 1191 2825 telligendae
1212 2781 1344 2813 autem
1366 2780 1503 2826 portae
1524 2777 1679 2812 Scaeae.

955 2832 1003 2869 cs.
1026 2845 1113 2884 sup.
1145 2845 1184 2870 v.
1205 2836 1288 2876 266
1306 2834 1510 2883 portisque
1530 2840 1680 2882 palena

954 2888 1057 2926 tibus
1098 2904 1232 2926 omnes
1278 2890 1495 2940 Accipiunt
1538 2890 1675 2925 socios.

955 2945 1030 2984 Alii
1050 2960 1127 2984 vss.
1151 2949 1245 2987 332.
1265 2949 1301 2988 3.
1325 2947 1364 2987 4.
1391 2946 1475 2985 vias
1495 2951 1680 2997 angustas
