1827 3436
493 1017 1197 1077 EXCURSUS
1283 1020 1366 1078 1*

205 1152 282 1197 De
312 1155 568 1198 ministerio
601 1157 815 1207 deornm,
858 1159 1074 1212 inprimis
1105 1159 1318 1214 Iunonis,
1351 1161 1400 1202 in
1429 1161 1648 1205 Aeneide.

280 1272 308 1321 l,
334 1271 373 1313 4.
413 1274 458 1312 V
456 1276 472 1311 ι’
492 1288 694 1324 superum,
725 1289 872 1313 saevae
894 1290 1107 1313 memorem
1132 1277 1299 1314 lunonis
1329 1276 1376 1314 ob
1403 1280 1523 1315 iram.
1587 1278 1686 1317 Cum

164 1330 329 1369 omnino
367 1331 583 1370 exordium
623 1331 702 1371 hoc
741 1334 871 1371 multo
911 1347 1002 1372 cum
1033 1334 1181 1373 iudicio
1215 1341 1255 1372 et
1285 1335 1419 1373 verbis
1457 1335 1687 1387 significan—

163 1389 272 1428 tibus
303 1389 553 1428 elaboratum
585 1390 661 1430 sit:
702 1391 849 1444 quippe
879 1391 990 1442 quod
1022 1392 1175 1441 onmia,
1215 1405 1316 1443 quae
1346 1393 1387 1430 in
1424 1395 1580 1432 actione
1610 1393 1688 1433 hac

163 1448 274 1500 epica
316 1448 475 1500 potiora
513 1455 630 1498 sunt,
681 1450 995 1502 complectatur3
1042 1464 1121 1501 quo
1161 1465 1244 1502 ipso
1291 1451 1475 1503 Virgilius
1521 1451 1688 1490 Homeri

162 1506 460 1559 simplicitatem
495 1513 583 1545 arte
624 1508 857 1560 superavit,
899 1509 967 1559 qui
1006 1507 1085 1546 hoc
1126 1522 1253 1547 unum
1297 1522 1463 1547 narrare
1500 1523 1541 1548 se
1585 1511 1686 1549 velle

163 1565 404 1617 profitetur,
447 1565 652 1616 quomodo
702 1565 753 1604 ob
799 1566 1067 1616 simultatem,
1108 1580 1211 1617 quae
1256 1567 1364 1605 inter
1403 1566 1599 1606 Achillem
1647 1574 1689 1607 et

163 1622 504 1674 Agamemnonem
545 1625 846 1673 intercesserat,
896 1638 1038 1675 magna
1087 1624 1337 1663 Achivorum
1383 1631 1534 1677 strages
1580 1626 1687 1664 facta

164 1681 239 1731 sit;
277 1688 367 1720 tum
396 1681 464 1720 hie
502 1695 642 1721 versus
680 1683 815 1720 statim
847 1682 896 1720 ab
936 1682 1051 1720 initio
1090 1683 1408 1735 expectationem
1440 1684 1537 1721 facit
1566 1683 1688 1722 mini—

164 1740 274 1778 sterii
306 1740 497 1789 deorum,
539 1740 801 1792 inprimisque
838 1740 1017 1793 pericula
1053 1747 1094 1779 et
1123 1741 1278 1780 labores
1314 1754 1365 1779 ex
1395 1741 1495 1780 odiis
1525 1742 1687 1780 Iunonis

164 1798 630 1849 minatur;,discrimina
668 1799 796 1848 enim,
831 1812 933 1850 quae
960 1799 1048 1850 quis
1088 1813 1110 1836 a
1142 1799 1216 1837 diis
1248 1799 1404 1838 obiecta
1436 1799 1540 1848 adit,
1577 1806 1686 1838 tanto

163 1857 350 1909 graviora
382 1870 465 1895 esse
504 1857 711 1909 probabile
751 1857 817 1907 fit,
856 1858 1033 1908 facitque
1073 1857 1173 1895 adeo
1213 1871 1257 1895 ea
1297 1871 1359 1896 res
1399 1857 1451 1896 ad
1481 1858 1687 1896 notionem

165 1915 467 1967 magnitudinis.
516 1916 616 1954 Cum
648 1916 698 1954 de
727 1929 771 1954 re
801 1916 887 1967 ipsa
918 1916 996 1954 alio
1026 1916 1106 1954 iam
1135 1916 1224 1954 loco
1256 1922 1391 1954 actum
1421 1915 1473 1954 sit
1502 1916 1687 1954 universe

167 1974 356 2027 (Disquis.
391 1974 427 2024 Ι,
461 1973 510 2012 de
541 1974 672 2013 Carm.
715 1975 827 2026 epico
860 1988 889 2012 S.
920 1974 1003 2013 Vll,
1034 1988 1063 2012 s.
1095 1972 1191 2026 IX),
1233 1974 1403 2026 agedum
1439 1987 1687 2026 exponamus

165 2045 249 2070 uno
287 2032 401 2082 loco,
442 2032 647 2083 quomodo
681 2032 869 2084 Virgilius
907 2032 949 2070 in
986 2038 1076 2071 toto
1117 2032 1302 2070 carminis
1344 2032 1406 2070 sui
1442 2038 1583 2071 tenore
1620 2033 1686 2070 in-

165 2096 289 2129 vento
323 2090 404 2129 hoc
432 2105 530 2130 usus
560 2091 623 2129 sit.
684 2091 951 2142 Intelligemus
990 2091 1161 2140 scilicet,
1193 2104 1336 2129 verum
1368 2103 1449 2128 esse
1479 2092 1588 2141 quod
1617 2090 1685 2128 illo

165 2148 255 2188 loco
298 2149 453 2188 dictum
492 2155 571 2198 est,
623 2149 739 2188 valde
785 2149 987 2187 diversam
1029 2149 1137 2186 illam
1177 2149 1376 2187 rationem
1419 2161 1500 2186 esse
1540 2148 1588 2185 ab
1628 2161 1684 2197 ea,

167 2221 287 2258 quam
320 2208 523 2247 Homerus
560 2215 757 2259 sequutus
791 2213 873 2258 est,
914 2206 981 2245 hic
1012 2207 1116 2245 enim
1156 2207 1297 2245 afflatu
1328 2206 1466 2245 divino
1497 2205 1686 2256 abreptus

168 2266 304 2305 omnia
341 2279 432 2305 cum
474 2266 555 2304 fide
586 2273 749 2315 narrat,
790 2273 984 2317 tanquam
1017 2265 1050 2303 is
1080 2264 1149 2316 qui
1179 2264 1251 2303 sibi
1292 2263 1510 2316 persuasit,
1551 2276 1595 2301 ea
1628 2264 1686 2302 ita

166 2331 274 2376 gesta
305 2338 387 2363 esse
398 2339 408 2375 ;
438 2324 480 2362 in
511 2324 678 2363 Marone
710 2337 808 2364 vero
840 2324 1020 2363 studium
1051 2322 1226 2375 fingendi
1262 2336 1318 2372 ea,
1350 2335 1451 2374 quae
1481 2321 1566 2359 aliis
1590 2334 1686 2374 per—

167 2383 335 2422 suadere
368 2383 524 2435 cupiat,
562 2383 706 2422 subtile
738 2395 928 2432 acumen,
957 2388 998 2420 et
1027 2381 1128 2420 mira
1159 2380 1348 2433 sagacitas
1379 2381 1421 2419 in
1450 2379 1571 2418 rebus
1600 2380 1686 2418 Ro-

166 2442 294 2480 manis
325 2456 417 2480 cum
448 2442 631 2480 Troianis
662 2440 938 2480 consociandis
968 2440 1128 2479 eminet.

281 2500 415 2539 Primo
456 2500 619 2551 quidem
657 2500 786 2550 Iuno,
832 2513 924 2538 cum
962 2499 1042 2537 iam
1083 2497 1178 2535 alias
1217 2496 1311 2534 satis
1353 2509 1493 2547 graves
1532 2496 1685 2535 irarum

166 2555 210 2595 in
241 2559 436 2597 Troianos
468 2573 627 2598 caussas
658 2558 827 2597 haberet
857 2555 946 2612 (lib.
977 2558 1006 2606 I,
1037 2553 1268 2608 23—28),
1299 2567 1410 2592 nunc
1438 2555 1567 2593 multo
1598 2568 1685 2592 ma-

166 2615 250 2654 iore
281 2631 348 2656 eos
383 2617 476 2656 odio
514 2617 791 2670 persequitur,
830 2615 942 2667 quod
976 2613 1207 2665 Carthagini
1236 2625 1330 2651 suae
1360 2612 1524 2663 metuit5
1556 2626 1685 2663 quan-

169 2673 387 2726 doquidem
427 2677 668 2725 resciverat,
709 2689 759 2714 ex
800 2674 983 2714 Troianis
1015 2673 1213 2726 populum
1245 2670 1498 2709 exoriturum
1529 2683 1631 2719 esse,
1661 2683 1685 2706 a

169 2745 248 2783 quo
278 2734 497 2785 aliquando
529 2733 728 2786 Carthago
760 2732 930 2772 delenda
960 2738 1062 2770 esset
1093 2730 1139 2785 (I,
1178 2727 1393 2781 12—23).
1451 2727 1522 2766 Illa
1551 2728 1682 2779 igitur,

168 2796 214 2828 ut
250 2792 299 2831 ab
336 2792 473 2842 Italia,
515 2792 717 2832 destinata
747 2792 904 2831 Aeneae
942 2804 965 2828 a
1001 2790 1094 2829 fatis
1135 2786 1245 2835 sede,
1287 2786 1480 2824 Troianos
1519 2790 1682 2833 arceret,

168 2848 268 2888 nihil
307 2850 554 2890 intentatum
594 2851 801 2903 relinquit.
871 2848 1002 2888 Etiam
1035 2853 1144 2896 tum,
1185 2858 1276 2883 cum
1316 2857 1339 2882 a
1378 2843 1510 2882 Sicilia
1550 2843 1681 2906 solve-

167 2914 283 2958 rant,
312 2914 549 2962 tempestate
580 2908 693 2948 Aeoli
724 2922 798 2961 ope
833 2914 944 2946 mota
975 2920 1042 2945 eos
1073 2920 1095 2944 a
1125 2916 1246 2942 cursu
1275 2901 1317 2939 in
1346 2901 1501 2940 Italiam
1532 2900 1682 2947 deiiclt3

166 2964 222 3003 ita
251 2966 641 3019 Carthaginiensium
677 2966 809 3006 littori
835 2966 1038 3015 admotae,
1070 2966 1309 3014 tempestate
1344 2972 1366 2996 a
1397 2959 1582 3011 Neptuno
1616 2969 1680 2994 se-

1290 3028 1405 3074 14*
