<?xml version="1.0" encoding="UTF-8"?>
<!DOCTYPE html PUBLIC "-//W3C//DTD XHTML 1.0 Transitional//EN"
    "http://www.w3.org/TR/xhtml1/DTD/xhtml1-transitional.dtd">
<html xmlns="http://www.w3.org/1999/xhtml" xml:lang="en" lang="en">
 <head>
  <title>
</title>
<meta http-equiv="Content-Type" content="text/html;charset=utf-8" />
  <meta name='ocr-system' content='tesseract 3.04.00' />
  <meta name='ocr-capabilities' content='ocr_page ocr_carea ocr_par ocr_line ocrx_word'/>
</head>
<body>
  <div class='ocr_page' id='page_1' title='image "./publiusvirgilius02virguoft/publiusvirgilius02virguoft_0321.png"; bbox 0 0 1827 3436; ppageno 0'>
   <div class='ocr_carea' id='block_1_1' title="bbox 27 557 29 658">
    <p class='ocr_par' dir='ltr' id='par_1_1' title="bbox 27 557 29 658">
     <span class='ocr_line' id='line_1_1' title="bbox 27 557 29 658; baseline 0 0"><span class='ocrx_word' id='word_1_1' title='bbox 27 557 29 658; x_wconf 72' lang='grc' dir='ltr'>ἰ</span> 
     </span>
    </p>
   </div>
   <div class='ocr_carea' id='block_1_2' title="bbox 393 233 1669 294">
    <p class='ocr_par' dir='ltr' id='par_1_2' title="bbox 393 233 1669 294">
     <span class='ocr_line' id='line_1_2' title="bbox 393 233 1669 294; baseline -0.003 -6"><span class='ocrx_word' id='word_1_2' title='bbox 393 234 806 288; x_wconf 82' lang='lat' dir='ltr'><strong>AENEIDOS</strong></span> <span class='ocrx_word' id='word_1_3' title='bbox 844 233 988 281; x_wconf 88' lang='lat' dir='ltr'><strong>LIB.</strong></span> <span class='ocrx_word' id='word_1_4' title='bbox 1026 233 1090 294; x_wconf 91' lang='lat' dir='ltr'>II,</span> <span class='ocrx_word' id='word_1_5' title='bbox 1130 237 1421 283; x_wconf 75' lang='lat' dir='ltr'>sos—321</span> <span class='ocrx_word' id='word_1_6' title='bbox 1567 239 1669 285; x_wconf 79' lang='lat'>313</span> 
     </span>
    </p>
   </div>
   <div class='ocr_carea' id='block_1_3' title="bbox 152 357 1677 637">
    <p class='ocr_par' dir='ltr' id='par_1_3' title="bbox 152 357 1668 492">
     <span class='ocr_line' id='line_1_3' title="bbox 152 357 1668 430; baseline -0.006 -14"><span class='ocrx_word' id='word_1_7' title='bbox 152 365 530 430; x_wconf 82' lang='lat' dir='ltr'>Praecipita11t3</span> <span class='ocrx_word' id='word_1_8' title='bbox 567 361 929 428; x_wconf 86' lang='lat' dir='ltr'>pulcrumque</span> <span class='ocrx_word' id='word_1_9' title='bbox 949 357 1091 406; x_wconf 85' lang='lat' dir='ltr'>mori</span> <span class='ocrx_word' id='word_1_10' title='bbox 1121 357 1379 405; x_wconf 79' lang='lat' dir='ltr'>succurrit</span> <span class='ocrx_word' id='word_1_11' title='bbox 1414 357 1467 404; x_wconf 89' lang='lat' dir='ltr'>in</span> <span class='ocrx_word' id='word_1_12' title='bbox 1499 358 1668 408; x_wconf 82' lang='lat' dir='ltr'>armis,</span> 
     </span>
     <span class='ocr_line' id='line_1_4' title="bbox 222 425 1513 492; baseline -0.009 -8"><span class='ocrx_word' id='word_1_13' title='bbox 222 439 358 486; x_wconf 87' lang='lat' dir='ltr'>Ecce</span> <span class='ocrx_word' id='word_1_14' title='bbox 387 441 566 482; x_wconf 83' lang='lat' dir='ltr'>autem</span> <span class='ocrx_word' id='word_1_15' title='bbox 587 432 707 480; x_wconf 87' lang='lat' dir='ltr'>telis</span> <span class='ocrx_word' id='word_1_16' title='bbox 728 429 968 480; x_wconf 79' lang='lat' dir='ltr'><strong>Panthus</strong></span> <span class='ocrx_word' id='word_1_17' title='bbox 1002 426 1212 492; x_wconf 86' lang='lat' dir='ltr'>elapsus</span> <span class='ocrx_word' id='word_1_18' title='bbox 1235 425 1513 490; x_wconf 81' lang='lat' dir='ltr'>Achivum,</span> 
     </span>
    </p>

    <p class='ocr_par' dir='ltr' id='par_1_4' title="bbox 152 495 1566 566">
     <span class='ocr_line' id='line_1_5' title="bbox 152 495 1566 566; baseline -0.009 -10"><span class='ocrx_word' id='word_1_19' title='bbox 152 503 388 556; x_wconf 79' lang='lat' dir='ltr'>Panthus</span> <span class='ocrx_word' id='word_1_20' title='bbox 416 501 741 566; x_wconf 79' lang='lat' dir='ltr'>OthryadeS,</span> <span class='ocrx_word' id='word_1_21' title='bbox 781 500 910 549; x_wconf 88' lang='lat' dir='ltr'>arcis</span> <span class='ocrx_word' id='word_1_22' title='bbox 932 497 1251 563; x_wconf 79' lang='lat' dir='ltr'>Phoebique</span> <span class='ocrx_word' id='word_1_23' title='bbox 1276 495 1540 559; x_wconf 84' lang='lat' dir='ltr'>sacerdos,</span> <span class='ocrx_word' id='word_1_24' title='bbox 1563 546 1566 552; x_wconf 68' lang='grc'><strong>,</strong></span> 
     </span>
    </p>

    <p class='ocr_par' dir='ltr' id='par_1_5' title="bbox 159 568 1677 637">
     <span class='ocr_line' id='line_1_6' title="bbox 159 568 1677 637; baseline -0.008 -12"><span class='ocrx_word' id='word_1_25' title='bbox 159 578 312 625; x_wconf 81' lang='lat' dir='ltr'>Sacra</span> <span class='ocrx_word' id='word_1_26' title='bbox 359 589 547 636; x_wconf 85' lang='lat' dir='ltr'>manu,</span> <span class='ocrx_word' id='word_1_27' title='bbox 597 572 873 637; x_wconf 89' lang='lat' dir='ltr'>victosque</span> <span class='ocrx_word' id='word_1_28' title='bbox 924 568 1083 632; x_wconf 75' lang='grc'><strong>(1605,</strong></span> <span class='ocrx_word' id='word_1_29' title='bbox 1128 582 1464 634; x_wconf 85' lang='lat' dir='ltr'>parvumque</span> <span class='ocrx_word' id='word_1_30' title='bbox 1503 581 1677 631; x_wconf 87' lang='lat' dir='ltr'>nepo-</span> 
     </span>
    </p>
   </div>
   <div class='ocr_carea' id='block_1_4' title="bbox 157 641 1677 780">
    <p class='ocr_par' dir='ltr' id='par_1_6' title="bbox 157 641 1677 780">
     <span class='ocr_line' id='line_1_7' title="bbox 939 647 1052 688; baseline -0.018 0"><span class='ocrx_word' id='word_1_31' title='bbox 939 647 1052 688; x_wconf 86' lang='lat' dir='ltr'>tem</span> 
     </span>
     <span class='ocr_line' id='line_1_8' title="bbox 157 641 1677 780; baseline -0.007 -18"><span class='ocrx_word' id='word_1_32' title='bbox 157 716 277 780; x_wconf 90' lang='lat' dir='ltr'>Ipse</span> <span class='ocrx_word' id='word_1_33' title='bbox 306 711 494 775; x_wconf 85' lang='lat' dir='ltr'>trahit,</span> <span class='ocrx_word' id='word_1_34' title='bbox 534 727 799 779; x_wconf 83' lang='lat' dir='ltr'>cursuque</span> <span class='ocrx_word' id='word_1_35' title='bbox 832 724 1016 759; x_wconf 80' lang='lat' dir='ltr'>amens</span> <span class='ocrx_word' id='word_1_36' title='bbox 1037 705 1101 757; x_wconf 90' lang='lat' dir='ltr'>ad</span> <span class='ocrx_word' id='word_1_37' title='bbox 1126 705 1309 754; x_wconf 81' lang='lat' dir='ltr'>limina</span> <span class='ocrx_word' id='word_1_38' title='bbox 1334 703 1520 754; x_wconf 83' lang='lat' dir='ltr'>tendit.</span> <span class='ocrx_word' id='word_1_39' title='bbox 1556 641 1677 750; x_wconf 59' lang='grc'>,320</span> 
     </span>
    </p>
   </div>
   <div class='ocr_carea' id='block_1_5' title="bbox 160 822 1699 2232">
    <p class='ocr_par' dir='ltr' id='par_1_7' title="bbox 160 822 1699 2232">
     <span class='ocr_line' id='line_1_9' title="bbox 249 822 1680 875; baseline -0.006 -12"><span class='ocrx_word' id='word_1_40' title='bbox 249 831 319 865; x_wconf 86' lang='grc'>317</span> <span class='ocrx_word' id='word_1_41' title='bbox 350 829 577 875; x_wconf 77' lang='lat' dir='ltr'>Praecipitat</span> <span class='ocrx_word' id='word_1_42' title='bbox 613 828 706 861; x_wconf 86' lang='lat' dir='ltr'>Gud.</span> <span class='ocrx_word' id='word_1_43' title='bbox 759 828 1009 875; x_wconf 73' lang='lat' dir='ltr'>praecipitent</span> <span class='ocrx_word' id='word_1_44' title='bbox 1047 837 1117 858; x_wconf 83' lang='lat' dir='ltr'>sec.</span> <span class='ocrx_word' id='word_1_45' title='bbox 1162 823 1288 856; x_wconf 84' lang='lat' dir='ltr'>Hamb.</span> <span class='ocrx_word' id='word_1_46' title='bbox 1391 823 1461 858; x_wconf 84' lang='grc'>318</span> <span class='ocrx_word' id='word_1_47' title='bbox 1503 822 1680 855; x_wconf 74' lang='lat' dir='ltr'>Achivom</span> 
     </span>
     <span class='ocr_line' id='line_1_10' title="bbox 160 868 1680 920; baseline -0.006 -10"><span class='ocrx_word' id='word_1_48' title='bbox 160 877 278 910; x_wconf 86' lang='lat' dir='ltr'>Heius.</span> <span class='ocrx_word' id='word_1_49' title='bbox 312 889 331 909; x_wconf 85' lang='lat' dir='ltr'>e</span> <span class='ocrx_word' id='word_1_50' title='bbox 363 876 493 908; x_wconf 84' lang='lat' dir='ltr'>Medic.</span> <span class='ocrx_word' id='word_1_51' title='bbox 523 882 558 908; x_wconf 82' lang='lat' dir='ltr'>et</span> <span class='ocrx_word' id='word_1_52' title='bbox 583 876 673 909; x_wconf 84' lang='lat' dir='ltr'>Gud.</span> <span class='ocrx_word' id='word_1_53' title='bbox 723 877 838 920; x_wconf 77' lang='lat' dir='ltr'>(quam</span> <span class='ocrx_word' id='word_1_54' title='bbox 877 875 1024 906; x_wconf 87' lang='lat' dir='ltr'>formam</span> <span class='ocrx_word' id='word_1_55' title='bbox 1054 870 1241 906; x_wconf 85' lang='lat' dir='ltr'>Wunderl.</span> <span class='ocrx_word' id='word_1_56' title='bbox 1278 869 1457 914; x_wconf 83' lang='lat' dir='ltr'>reposuit;</span> <span class='ocrx_word' id='word_1_57' title='bbox 1501 868 1572 902; x_wconf 88' lang='lat' dir='ltr'>vid.</span> <span class='ocrx_word' id='word_1_58' title='bbox 1606 868 1680 901; x_wconf 87' lang='lat' dir='ltr'>eius</span> 
     </span>
     <span class='ocr_line' id='line_1_11' title="bbox 164 917 1682 968; baseline -0.007 -10"><span class='ocrx_word' id='word_1_59' title='bbox 164 925 314 958; x_wconf 70' lang='lat' dir='ltr'>Praefat.</span> <span class='ocrx_word' id='word_1_60' title='bbox 346 936 381 968; x_wconf 87' lang='lat' dir='ltr'>p.</span> <span class='ocrx_word' id='word_1_61' title='bbox 413 924 492 955; x_wconf 88' lang='lat' dir='ltr'><strong>XII.</strong></span> <span class='ocrx_word' id='word_1_62' title='bbox 532 922 626 965; x_wconf 71' lang='lat' dir='ltr'>Wr.)</span> <span class='ocrx_word' id='word_1_63' title='bbox 676 923 792 966; x_wconf 86' lang='lat' dir='ltr'>Vulgo</span> <span class='ocrx_word' id='word_1_64' title='bbox 818 921 1007 955; x_wconf 80' lang='lat' dir='ltr'>Achivum.</span> <span class='ocrx_word' id='word_1_65' title='bbox 1056 919 1208 952; x_wconf 73' lang='lat' dir='ltr'>Achivis</span> <span class='ocrx_word' id='word_1_66' title='bbox 1242 929 1295 962; x_wconf 88' lang='lat' dir='ltr'>pr.</span> <span class='ocrx_word' id='word_1_67' title='bbox 1326 917 1467 960; x_wconf 83' lang='lat' dir='ltr'>Menag.</span> <span class='ocrx_word' id='word_1_68' title='bbox 1493 919 1613 961; x_wconf 76' lang='lat' dir='ltr'>Sprot.</span> <span class='ocrx_word' id='word_1_69' title='bbox 1645 922 1682 948; x_wconf 90' lang='lat' dir='ltr'>et</span> 
     </span>
     <span class='ocr_line' id='line_1_12' title="bbox 162 962 1683 1013; baseline -0.009 -6"><span class='ocrx_word' id='word_1_70' title='bbox 162 972 251 1005; x_wconf 74' lang='lat' dir='ltr'>alter</span> <span class='ocrx_word' id='word_1_71' title='bbox 272 970 463 1013; x_wconf 83' lang='lat' dir='ltr'>Hamburg.</span> <span class='ocrx_word' id='word_1_72' title='bbox 558 971 628 1005; x_wconf 86' lang='lat'>319</span> <span class='ocrx_word' id='word_1_73' title='bbox 655 971 819 1009; x_wconf 68' lang='lat' dir='ltr'>Parnes,</span> <span class='ocrx_word' id='word_1_74' title='bbox 845 970 1033 1007; x_wconf 73' lang='lat' dir='ltr'>Panteus,</span> <span class='ocrx_word' id='word_1_75' title='bbox 1060 965 1271 1004; x_wconf 69' lang='lat' dir='ltr'>Pantlzeus,</span> <span class='ocrx_word' id='word_1_76' title='bbox 1298 963 1534 1003; x_wconf 60' lang='lat' dir='ltr'>manahem,</span> <span class='ocrx_word' id='word_1_77' title='bbox 1560 962 1618 994; x_wconf 89' lang='lat' dir='ltr'>hic</span> <span class='ocrx_word' id='word_1_78' title='bbox 1647 969 1683 994; x_wconf 88' lang='lat' dir='ltr'>et</span> 
     </span>
     <span class='ocr_line' id='line_1_13' title="bbox 164 1009 1680 1054; baseline -0.007 -3"><span class='ocrx_word' id='word_1_79' title='bbox 164 1029 244 1051; x_wconf 79' lang='lat' dir='ltr'>mox</span> <span class='ocrx_word' id='word_1_80' title='bbox 270 1017 399 1050; x_wconf 86' lang='lat' dir='ltr'>vitiose</span> <span class='ocrx_word' id='word_1_81' title='bbox 433 1018 468 1049; x_wconf 89' lang='lat' dir='ltr'>in</span> <span class='ocrx_word' id='word_1_82' title='bbox 497 1017 594 1050; x_wconf 89' lang='lat' dir='ltr'>MSS.</span> <span class='ocrx_word' id='word_1_83' title='bbox 644 1017 705 1049; x_wconf 89' lang='lat' dir='ltr'>Est</span> <span class='ocrx_word' id='word_1_84' title='bbox 743 1012 930 1054; x_wconf 78' lang='grc' dir='ltr'><strong>Πάνθοος</strong></span> <span class='ocrx_word' id='word_1_85' title='bbox 960 1020 996 1047; x_wconf 84' lang='lat' dir='ltr'>et</span> <span class='ocrx_word' id='word_1_86' title='bbox 1028 1010 1227 1050; x_wconf 75' lang='grc' dir='ltr'><em>Πάνθους.</em></span> <span class='ocrx_word' id='word_1_87' title='bbox 1276 1012 1314 1042; x_wconf 90' lang='lat' dir='ltr'>ln</span> <span class='ocrx_word' id='word_1_88' title='bbox 1342 1012 1459 1054; x_wconf 84' lang='lat' dir='ltr'>Sprot.</span> <span class='ocrx_word' id='word_1_89' title='bbox 1485 1009 1680 1052; x_wconf 76' lang='lat' dir='ltr'>Pantlzoys</span> 
     </span>
     <span class='ocr_line' id='line_1_14' title="bbox 164 1056 1684 1109; baseline -0.006 -12"><span class='ocrx_word' id='word_1_90' title='bbox 164 1073 198 1098; x_wconf 90' lang='lat' dir='ltr'>et</span> <span class='ocrx_word' id='word_1_91' title='bbox 217 1075 296 1097; x_wconf 82' lang='lat' dir='ltr'>mox</span> <span class='ocrx_word' id='word_1_92' title='bbox 315 1065 510 1108; x_wconf 76' lang='lat' dir='ltr'>Pantlmy,</span> <span class='ocrx_word' id='word_1_93' title='bbox 546 1075 710 1109; x_wconf 81' lang='lat' dir='ltr'>expressa</span> <span class='ocrx_word' id='word_1_94' title='bbox 729 1061 968 1095; x_wconf 80' lang='lat' dir='ltr'>enuntiatione</span> <span class='ocrx_word' id='word_1_95' title='bbox 990 1072 1127 1104; x_wconf 82' lang='lat' dir='ltr'>graeca.</span> <span class='ocrx_word' id='word_1_96' title='bbox 1146 1071 1178 1092; x_wconf 89' lang='lat' dir='ltr'>v.</span> <span class='ocrx_word' id='word_1_97' title='bbox 1201 1056 1321 1090; x_wconf 86' lang='lat' dir='ltr'>Heins.</span> <span class='ocrx_word' id='word_1_98' title='bbox 1372 1057 1560 1097; x_wconf 76' lang='lat' dir='ltr'>Ocriades,</span> <span class='ocrx_word' id='word_1_99' title='bbox 1590 1058 1684 1098; x_wconf 74' lang='lat' dir='ltr'><em>Ocy-</em></span> 
     </span>
     <span class='ocr_line' id='line_1_15' title="bbox 165 1101 1685 1154; baseline -0.006 -10"><span class='ocrx_word' id='word_1_100' title='bbox 165 1112 306 1151; x_wconf 80' lang='lat' dir='ltr'>riades,</span> <span class='ocrx_word' id='word_1_101' title='bbox 342 1110 533 1143; x_wconf 78' lang='lat' dir='ltr'>Oetriades</span> <span class='ocrx_word' id='word_1_102' title='bbox 557 1111 647 1143; x_wconf 87' lang='lat' dir='ltr'>male</span> <span class='ocrx_word' id='word_1_103' title='bbox 674 1109 780 1154; x_wconf 84' lang='lat' dir='ltr'>vulgo</span> <span class='ocrx_word' id='word_1_104' title='bbox 816 1109 873 1141; x_wconf 88' lang='lat' dir='ltr'>hic</span> <span class='ocrx_word' id='word_1_105' title='bbox 913 1115 949 1140; x_wconf 85' lang='lat' dir='ltr'>et</span> <span class='ocrx_word' id='word_1_106' title='bbox 984 1107 1088 1140; x_wconf 85' lang='lat' dir='ltr'>infra.</span> <span class='ocrx_word' id='word_1_107' title='bbox 1136 1101 1367 1148; x_wconf 74' lang='grc' dir='ltr'><em>Ὀθρυάδης.</em></span> <span class='ocrx_word' id='word_1_108' title='bbox 1463 1104 1533 1138; x_wconf 69' lang='grc'>320</span> <span class='ocrx_word' id='word_1_109' title='bbox 1567 1104 1685 1136; x_wconf 74' lang='lat' dir='ltr'>iactos</span> 
     </span>
     <span class='ocr_line' id='line_1_16' title="bbox 165 1151 1681 1197; baseline -0.007 -6"><span class='ocrx_word' id='word_1_110' title='bbox 165 1166 247 1192; x_wconf 86' lang='lat' dir='ltr'>tert.</span> <span class='ocrx_word' id='word_1_111' title='bbox 268 1158 438 1190; x_wconf 84' lang='lat' dir='ltr'>Rottend.</span> <span class='ocrx_word' id='word_1_112' title='bbox 489 1158 608 1190; x_wconf 74' lang='lat' dir='ltr'>victus</span> <span class='ocrx_word' id='word_1_113' title='bbox 628 1157 740 1197; x_wconf 87' lang='lat' dir='ltr'>Gud.,</span> <span class='ocrx_word' id='word_1_114' title='bbox 767 1156 829 1189; x_wconf 87' lang='lat' dir='ltr'>sed</span> <span class='ocrx_word' id='word_1_115' title='bbox 855 1168 886 1189; x_wconf 93' lang='lat' dir='ltr'>v.</span> <span class='ocrx_word' id='word_1_116' title='bbox 917 1157 1031 1187; x_wconf 81' lang='lat' dir='ltr'>Burm.</span> <span class='ocrx_word' id='word_1_117' title='bbox 1125 1152 1192 1186; x_wconf 68' lang='lat'>321</span> <span class='ocrx_word' id='word_1_118' title='bbox 1220 1163 1436 1195; x_wconf 76' lang='lat' dir='ltr'>cursumque</span> <span class='ocrx_word' id='word_1_119' title='bbox 1463 1151 1592 1182; x_wconf 88' lang='lat' dir='ltr'>Moret.</span> <span class='ocrx_word' id='word_1_120' title='bbox 1623 1160 1681 1193; x_wconf 93' lang='lat' dir='ltr'>qu.</span> 
     </span>
     <span class='ocr_line' id='line_1_17' title="bbox 168 1195 1683 1249; baseline -0.007 -11"><span class='ocrx_word' id='word_1_121' title='bbox 168 1213 204 1238; x_wconf 86' lang='lat' dir='ltr'>et</span> <span class='ocrx_word' id='word_1_122' title='bbox 221 1205 270 1238; x_wconf 87' lang='lat' dir='ltr'>sic</span> <span class='ocrx_word' id='word_1_123' title='bbox 288 1205 472 1249; x_wconf 84' lang='lat' dir='ltr'>legebatur</span> <span class='ocrx_word' id='word_1_124' title='bbox 493 1204 605 1237; x_wconf 88' lang='lat' dir='ltr'>Servii</span> <span class='ocrx_word' id='word_1_125' title='bbox 633 1211 759 1237; x_wconf 84' lang='lat' dir='ltr'>aetate.</span> <span class='ocrx_word' id='word_1_126' title='bbox 795 1201 1004 1247; x_wconf 80' lang='lat' dir='ltr'>(probabilis</span> <span class='ocrx_word' id='word_1_127' title='bbox 1038 1200 1125 1232; x_wconf 88' lang='lat' dir='ltr'>haec</span> <span class='ocrx_word' id='word_1_128' title='bbox 1157 1197 1282 1230; x_wconf 79' lang='lat' dir='ltr'>leviter</span> <span class='ocrx_word' id='word_1_129' title='bbox 1308 1197 1458 1229; x_wconf 88' lang='lat' dir='ltr'>intuenti</span> <span class='ocrx_word' id='word_1_130' title='bbox 1485 1195 1610 1234; x_wconf 89' lang='lat' dir='ltr'>lectio;</span> <span class='ocrx_word' id='word_1_131' title='bbox 1649 1202 1683 1227; x_wconf 91' lang='lat' dir='ltr'>et</span> 
     </span>
     <span class='ocr_line' id='line_1_18' title="bbox 167 1242 1684 1293; baseline -0.007 -8"><span class='ocrx_word' id='word_1_132' title='bbox 167 1252 380 1285; x_wconf 87' lang='lat' dir='ltr'>locutionem</span> <span class='ocrx_word' id='word_1_133' title='bbox 398 1251 549 1283; x_wconf 78' lang='lat' dir='ltr'>tendere</span> <span class='ocrx_word' id='word_1_134' title='bbox 568 1264 733 1289; x_wconf 69' lang='lat' dir='ltr'>cursum,</span> <span class='ocrx_word' id='word_1_135' title='bbox 758 1251 849 1289; x_wconf 84' lang='lat' dir='ltr'>iter,</span> <span class='ocrx_word' id='word_1_136' title='bbox 877 1248 1043 1293; x_wconf 83' lang='lat' dir='ltr'>exemplis</span> <span class='ocrx_word' id='word_1_137' title='bbox 1065 1244 1256 1278; x_wconf 85' lang='lat' dir='ltr'>illustravit</span> <span class='ocrx_word' id='word_1_138' title='bbox 1276 1246 1390 1276; x_wconf 85' lang='lat' dir='ltr'>Burm.</span> <span class='ocrx_word' id='word_1_139' title='bbox 1416 1244 1460 1276; x_wconf 87' lang='lat' dir='ltr'>ad</span> <span class='ocrx_word' id='word_1_140' title='bbox 1482 1244 1516 1276; x_wconf 89' lang='lat' dir='ltr'>h.</span> <span class='ocrx_word' id='word_1_141' title='bbox 1541 1243 1563 1275; x_wconf 93' lang='lat' dir='ltr'>l.</span> <span class='ocrx_word' id='word_1_142' title='bbox 1614 1242 1684 1275; x_wconf 87' lang='lat' dir='ltr'>Sed</span> 
     </span>
     <span class='ocr_line' id='line_1_19' title="bbox 169 1289 1687 1341; baseline -0.007 -10"><span class='ocrx_word' id='word_1_143' title='bbox 169 1300 319 1332; x_wconf 75' lang='lat' dir='ltr'>tendere</span> <span class='ocrx_word' id='word_1_144' title='bbox 339 1310 496 1336; x_wconf 75' lang='lat' dir='ltr'>cursum,</span> <span class='ocrx_word' id='word_1_145' title='bbox 521 1299 602 1338; x_wconf 84' lang='lat' dir='ltr'>iter,</span> <span class='ocrx_word' id='word_1_146' title='bbox 628 1296 835 1341; x_wconf 87' lang='lat' dir='ltr'>simpliciter</span> <span class='ocrx_word' id='word_1_147' title='bbox 853 1296 876 1329; x_wconf 88' lang='lat' dir='ltr'>i.</span> <span class='ocrx_word' id='word_1_148' title='bbox 898 1308 930 1340; x_wconf 94' lang='lat' dir='ltr'>q.</span> <span class='ocrx_word' id='word_1_149' title='bbox 948 1295 1011 1334; x_wconf 82' lang='lat' dir='ltr'>ire,</span> <span class='ocrx_word' id='word_1_150' title='bbox 1036 1292 1231 1339; x_wconf 76' lang='lat' dir='ltr'>proficisci3</span> <span class='ocrx_word' id='word_1_151' title='bbox 1256 1304 1366 1323; x_wconf 77' lang='lat' dir='ltr'>cursu</span> <span class='ocrx_word' id='word_1_152' title='bbox 1388 1297 1503 1323; x_wconf 88' lang='lat' dir='ltr'>autem</span> <span class='ocrx_word' id='word_1_153' title='bbox 1536 1289 1687 1322; x_wconf 80' lang='lat' dir='ltr'>tendere</span> 
     </span>
     <span class='ocr_line' id='line_1_20' title="bbox 169 1335 1687 1386; baseline -0.007 -8"><span class='ocrx_word' id='word_1_154' title='bbox 169 1345 368 1379; x_wconf 82' lang='lat' dir='ltr'>adiunctam</span> <span class='ocrx_word' id='word_1_155' title='bbox 388 1345 495 1377; x_wconf 86' lang='lat' dir='ltr'>habet</span> <span class='ocrx_word' id='word_1_156' title='bbox 514 1344 727 1384; x_wconf 80' lang='lat' dir='ltr'>celeritatis,</span> <span class='ocrx_word' id='word_1_157' title='bbox 755 1344 859 1376; x_wconf 86' lang='lat' dir='ltr'>etiam</span> <span class='ocrx_word' id='word_1_158' title='bbox 876 1340 1147 1386; x_wconf 76' lang='lat' dir='ltr'>trepidationis,</span> <span class='ocrx_word' id='word_1_159' title='bbox 1182 1337 1486 1382; x_wconf 81' lang='lat' dir='ltr'>significationem.</span> <span class='ocrx_word' id='word_1_160' title='bbox 1535 1339 1586 1369; x_wconf 87' lang='lat' dir='ltr'>Ut</span> <span class='ocrx_word' id='word_1_161' title='bbox 1614 1335 1687 1379; x_wconf 78' lang='lat' dir='ltr'>igi—</span> 
     </span>
     <span class='ocr_line' id='line_1_21' title="bbox 169 1385 1686 1433; baseline -0.007 -8"><span class='ocrx_word' id='word_1_162' title='bbox 169 1400 227 1425; x_wconf 88' lang='lat' dir='ltr'>tur</span> <span class='ocrx_word' id='word_1_163' title='bbox 245 1392 333 1424; x_wconf 87' lang='lat' dir='ltr'>infra</span> <span class='ocrx_word' id='word_1_164' title='bbox 354 1393 398 1432; x_wconf 88' lang='lat' dir='ltr'>V,</span> <span class='ocrx_word' id='word_1_165' title='bbox 421 1392 499 1426; x_wconf 82' lang='lat'><strong>834.</strong></span> <span class='ocrx_word' id='word_1_166' title='bbox 519 1399 635 1424; x_wconf 84' lang='lat' dir='ltr'>recte:</span> <span class='ocrx_word' id='word_1_167' title='bbox 661 1391 729 1433; x_wconf 85' lang='lat' dir='ltr'>„ad</span> <span class='ocrx_word' id='word_1_168' title='bbox 752 1391 895 1423; x_wconf 89' lang='lat' dir='ltr'>hunc—</span> <span class='ocrx_word' id='word_1_169' title='bbox 910 1385 1258 1421; x_wconf 71' lang='lat' dir='ltr'>Palinurum—alii</span> <span class='ocrx_word' id='word_1_170' title='bbox 1280 1397 1355 1417; x_wconf 86' lang='lat' dir='ltr'>cur</span> <span class='ocrx_word' id='word_1_171' title='bbox 1369 1396 1459 1417; x_wconf 91' lang='lat' dir='ltr'>sum</span> <span class='ocrx_word' id='word_1_172' title='bbox 1480 1389 1589 1416; x_wconf 85' lang='lat' dir='ltr'>cont</span> <span class='ocrx_word' id='word_1_173' title='bbox 1603 1395 1686 1415; x_wconf 89' lang='lat' dir='ltr'>en—</span> 
     </span>
     <span class='ocr_line' id='line_1_22' title="bbox 171 1429 1686 1478; baseline -0.007 -7"><span class='ocrx_word' id='word_1_174' title='bbox 171 1440 277 1471; x_wconf 87' lang='lat' dir='ltr'>dere</span> <span class='ocrx_word' id='word_1_175' title='bbox 302 1438 438 1477; x_wconf 84' lang='lat' dir='ltr'>iussi;“</span> <span class='ocrx_word' id='word_1_176' title='bbox 464 1438 515 1470; x_wconf 85' lang='lat' dir='ltr'>ita</span> <span class='ocrx_word' id='word_1_177' title='bbox 540 1438 574 1471; x_wconf 88' lang='lat' dir='ltr'>h.</span> <span class='ocrx_word' id='word_1_178' title='bbox 594 1438 617 1470; x_wconf 93' lang='lat' dir='ltr'>l.</span> <span class='ocrx_word' id='word_1_179' title='bbox 635 1450 747 1471; x_wconf 75' lang='lat' dir='ltr'>cursa</span> <span class='ocrx_word' id='word_1_180' title='bbox 767 1437 895 1469; x_wconf 71' lang='lat' dir='ltr'>tendit.</span> <span class='ocrx_word' id='word_1_181' title='bbox 926 1436 1021 1478; x_wconf 82' lang='lat' dir='ltr'>Wr.)</span> <span class='ocrx_word' id='word_1_182' title='bbox 1072 1445 1273 1477; x_wconf 72' lang='lat' dir='ltr'>cursusque</span> <span class='ocrx_word' id='word_1_183' title='bbox 1290 1433 1429 1475; x_wconf 82' lang='lat' dir='ltr'>Menag.</span> <span class='ocrx_word' id='word_1_184' title='bbox 1450 1443 1502 1477; x_wconf 64' lang='lat' dir='ltr'>pr.</span> <span class='ocrx_word' id='word_1_185' title='bbox 1523 1437 1559 1463; x_wconf 89' lang='lat' dir='ltr'>et</span> <span class='ocrx_word' id='word_1_186' title='bbox 1579 1429 1686 1463; x_wconf 86' lang='lat' dir='ltr'>Witt.</span> 
     </span>
     <span class='ocr_line' id='line_1_23' title="bbox 171 1476 1685 1526; baseline -0.007 -8"><span class='ocrx_word' id='word_1_187' title='bbox 171 1487 301 1518; x_wconf 87' lang='lat' dir='ltr'>Eadem</span> <span class='ocrx_word' id='word_1_188' title='bbox 320 1485 471 1518; x_wconf 86' lang='lat' dir='ltr'>varietas</span> <span class='ocrx_word' id='word_1_189' title='bbox 491 1492 524 1517; x_wconf 87' lang='lat' dir='ltr'>et</span> <span class='ocrx_word' id='word_1_190' title='bbox 550 1485 646 1518; x_wconf 86' lang='lat' dir='ltr'>alibi.</span> <span class='ocrx_word' id='word_1_191' title='bbox 672 1497 704 1518; x_wconf 90' lang='lat' dir='ltr'>v.</span> <span class='ocrx_word' id='word_1_192' title='bbox 733 1486 847 1519; x_wconf 89' lang='lat' dir='ltr'>Burm.</span> <span class='ocrx_word' id='word_1_193' title='bbox 897 1485 1093 1526; x_wconf 87' lang='lat' dir='ltr'>Utrumque</span> <span class='ocrx_word' id='word_1_194' title='bbox 1127 1487 1240 1513; x_wconf 88' lang='lat' dir='ltr'>autem</span> <span class='ocrx_word' id='word_1_195' title='bbox 1265 1484 1362 1511; x_wconf 80' lang='lat' dir='ltr'>recte</span> <span class='ocrx_word' id='word_1_196' title='bbox 1392 1476 1496 1510; x_wconf 85' lang='lat' dir='ltr'>etiam</span> <span class='ocrx_word' id='word_1_197' title='bbox 1526 1477 1560 1509; x_wconf 91' lang='lat' dir='ltr'>in</span> <span class='ocrx_word' id='word_1_198' title='bbox 1579 1482 1685 1520; x_wconf 86' lang='lat' dir='ltr'>poeta</span> 
     </span>
     <span class='ocr_line' id='line_1_24' title="bbox 172 1524 1688 1573; baseline -0.007 -8"><span class='ocrx_word' id='word_1_199' title='bbox 172 1533 317 1573; x_wconf 81' lang='lat' dir='ltr'>dicitur,</span> <span class='ocrx_word' id='word_1_200' title='bbox 342 1532 481 1564; x_wconf 81' lang='lat' dir='ltr'>videtur</span> <span class='ocrx_word' id='word_1_201' title='bbox 501 1539 618 1564; x_wconf 80' lang='lat' dir='ltr'>tamen</span> <span class='ocrx_word' id='word_1_202' title='bbox 637 1544 784 1564; x_wconf 77' lang='lat' dir='ltr'>cursum</span> <span class='ocrx_word' id='word_1_203' title='bbox 800 1530 970 1562; x_wconf 91' lang='lat' dir='ltr'>remotius</span> <span class='ocrx_word' id='word_1_204' title='bbox 990 1542 1009 1562; x_wconf 87' lang='lat' dir='ltr'>a</span> <span class='ocrx_word' id='word_1_205' title='bbox 1026 1527 1160 1572; x_wconf 81' lang='lat' dir='ltr'>vulgari</span> <span class='ocrx_word' id='word_1_206' title='bbox 1181 1538 1268 1559; x_wconf 83' lang='lat' dir='ltr'>esse.</span> <span class='ocrx_word' id='word_1_207' title='bbox 1290 1545 1332 1549; x_wconf 90' lang='lat'>———</span> <span class='ocrx_word' id='word_1_208' title='bbox 1356 1525 1405 1558; x_wconf 81' lang='lat' dir='ltr'>ad</span> <span class='ocrx_word' id='word_1_209' title='bbox 1423 1525 1535 1557; x_wconf 80' lang='lat' dir='ltr'>litora</span> <span class='ocrx_word' id='word_1_210' title='bbox 1545 1524 1688 1568; x_wconf 85' lang='lat' dir='ltr'>paucis-</span> 
     </span>
     <span class='ocr_line' id='line_1_25' title="bbox 173 1569 1688 1617; baseline -0.005 -6"><span class='ocrx_word' id='word_1_211' title='bbox 173 1580 336 1611; x_wconf 89' lang='lat' dir='ltr'>simorum</span> <span class='ocrx_word' id='word_1_212' title='bbox 357 1579 526 1611; x_wconf 81' lang='lat' dir='ltr'>libroruin</span> <span class='ocrx_word' id='word_1_213' title='bbox 550 1579 690 1611; x_wconf 86' lang='lat' dir='ltr'>videtur</span> <span class='ocrx_word' id='word_1_214' title='bbox 717 1590 792 1610; x_wconf 83' lang='lat' dir='ltr'>esse</span> <span class='ocrx_word' id='word_1_215' title='bbox 820 1577 946 1616; x_wconf 81' lang='lat' dir='ltr'>lecti03</span> <span class='ocrx_word' id='word_1_216' title='bbox 979 1587 1081 1608; x_wconf 90' lang='lat' dir='ltr'>unum</span> <span class='ocrx_word' id='word_1_217' title='bbox 1107 1574 1296 1616; x_wconf 85' lang='lat' dir='ltr'>Hamburg.</span> <span class='ocrx_word' id='word_1_218' title='bbox 1323 1584 1376 1617; x_wconf 85' lang='lat' dir='ltr'>pr.</span> <span class='ocrx_word' id='word_1_219' title='bbox 1410 1571 1529 1603; x_wconf 85' lang='lat' dir='ltr'>laudat</span> <span class='ocrx_word' id='word_1_220' title='bbox 1566 1569 1688 1603; x_wconf 89' lang='lat' dir='ltr'>Heins.</span> 
     </span>
     <span class='ocr_line' id='line_1_26' title="bbox 174 1617 1690 1669; baseline -0.007 -10"><span class='ocrx_word' id='word_1_221' title='bbox 174 1627 336 1669; x_wconf 75' lang='lat' dir='ltr'>(littora,</span> <span class='ocrx_word' id='word_1_222' title='bbox 363 1625 432 1666; x_wconf 88' lang='lat' dir='ltr'>sic,</span> <span class='ocrx_word' id='word_1_223' title='bbox 460 1626 562 1658; x_wconf 81' lang='lat' dir='ltr'>etiam</span> <span class='ocrx_word' id='word_1_224' title='bbox 582 1625 693 1660; x_wconf 87' lang='lat' dir='ltr'>Palat.</span> <span class='ocrx_word' id='word_1_225' title='bbox 723 1625 820 1667; x_wconf 78' lang='lat' dir='ltr'>lVr.)</span> <span class='ocrx_word' id='word_1_226' title='bbox 871 1623 1008 1664; x_wconf 82' lang='lat' dir='ltr'>Ceteri,</span> <span class='ocrx_word' id='word_1_227' title='bbox 1036 1626 1214 1667; x_wconf 84' lang='lat' dir='ltr'>quotquot</span> <span class='ocrx_word' id='word_1_228' title='bbox 1234 1619 1385 1663; x_wconf 86' lang='lat' dir='ltr'>inspecti</span> <span class='ocrx_word' id='word_1_229' title='bbox 1404 1625 1506 1659; x_wconf 87' lang='lat' dir='ltr'>sunt,</span> <span class='ocrx_word' id='word_1_230' title='bbox 1541 1617 1644 1650; x_wconf 88' lang='lat' dir='ltr'>etiam</span> <span class='ocrx_word' id='word_1_231' title='bbox 1671 1629 1690 1648; x_wconf 90' lang='lat' dir='ltr'>e</span> 
     </span>
     <span class='ocr_line' id='line_1_27' title="bbox 174 1664 1691 1714; baseline -0.007 -9"><span class='ocrx_word' id='word_1_232' title='bbox 174 1673 303 1705; x_wconf 88' lang='lat' dir='ltr'>nostris</span> <span class='ocrx_word' id='word_1_233' title='bbox 333 1684 420 1704; x_wconf 87' lang='lat' dir='ltr'>unus</span> <span class='ocrx_word' id='word_1_234' title='bbox 454 1672 502 1714; x_wconf 73' lang='lat' dir='ltr'>(in</span> <span class='ocrx_word' id='word_1_235' title='bbox 531 1673 667 1704; x_wconf 88' lang='lat' dir='ltr'>duobus</span> <span class='ocrx_word' id='word_1_236' title='bbox 693 1670 847 1712; x_wconf 66' lang='lat' dir='ltr'>Iuntina)</span> <span class='ocrx_word' id='word_1_237' title='bbox 878 1677 913 1702; x_wconf 86' lang='lat' dir='ltr'>et</span> <span class='ocrx_word' id='word_1_238' title='bbox 946 1677 1028 1703; x_wconf 82' lang='lat' dir='ltr'>vett.</span> <span class='ocrx_word' id='word_1_239' title='bbox 1053 1668 1154 1708; x_wconf 60' lang='lat' dir='ltr'>edd„</span> <span class='ocrx_word' id='word_1_240' title='bbox 1188 1678 1297 1712; x_wconf 84' lang='lat' dir='ltr'>porro</span> <span class='ocrx_word' id='word_1_241' title='bbox 1330 1664 1490 1706; x_wconf 87' lang='lat' dir='ltr'>Servius,</span> <span class='ocrx_word' id='word_1_242' title='bbox 1522 1665 1691 1704; x_wconf 82' lang='lat' dir='ltr'>Donatus,</span> 
     </span>
     <span class='ocr_line' id='line_1_28' title="bbox 174 1710 1691 1765; baseline -0.007 -12"><span class='ocrx_word' id='word_1_243' title='bbox 174 1720 404 1765; x_wconf 71' lang='lat' dir='ltr'>Pomponius,</span> <span class='ocrx_word' id='word_1_244' title='bbox 431 1720 479 1752; x_wconf 79' lang='lat' dir='ltr'>ad</span> <span class='ocrx_word' id='word_1_245' title='bbox 502 1720 626 1752; x_wconf 79' lang='lat' dir='ltr'>limina</span> <span class='ocrx_word' id='word_1_246' title='bbox 645 1731 730 1764; x_wconf 83' lang='lat' dir='ltr'>prae</span> <span class='ocrx_word' id='word_1_247' title='bbox 750 1730 786 1750; x_wconf 87' lang='lat' dir='ltr'>se</span> <span class='ocrx_word' id='word_1_248' title='bbox 807 1718 942 1750; x_wconf 74' lang='lat' dir='ltr'>ferunt:</span> <span class='ocrx_word' id='word_1_249' title='bbox 969 1716 1064 1761; x_wconf 86' lang='lat' dir='ltr'>quod</span> <span class='ocrx_word' id='word_1_250' title='bbox 1095 1714 1333 1757; x_wconf 79' lang='lat' dir='ltr'>adstipulante</span> <span class='ocrx_word' id='word_1_251' title='bbox 1355 1711 1528 1744; x_wconf 87' lang='lat' dir='ltr'>Brunckio</span> <span class='ocrx_word' id='word_1_252' title='bbox 1559 1710 1691 1754; x_wconf 83' lang='lat' dir='ltr'>recepi.</span> 
     </span>
     <span class='ocr_line' id='line_1_29' title="bbox 176 1757 1692 1810; baseline -0.007 -11"><span class='ocrx_word' id='word_1_253' title='bbox 176 1767 329 1799; x_wconf 80' lang='lat' dir='ltr'>Alterum</span> <span class='ocrx_word' id='word_1_254' title='bbox 356 1765 443 1798; x_wconf 87' lang='lat' dir='ltr'>illud</span> <span class='ocrx_word' id='word_1_255' title='bbox 475 1778 515 1799; x_wconf 85' lang='lat' dir='ltr'>ex</span> <span class='ocrx_word' id='word_1_256' title='bbox 540 1766 690 1799; x_wconf 83' lang='lat' dir='ltr'>solleuni</span> <span class='ocrx_word' id='word_1_257' title='bbox 715 1766 814 1810; x_wconf 81' lang='lat' dir='ltr'>lapsu</span> <span class='ocrx_word' id='word_1_258' title='bbox 845 1764 880 1796; x_wconf 90' lang='lat' dir='ltr'>in</span> <span class='ocrx_word' id='word_1_259' title='bbox 910 1765 945 1796; x_wconf 89' lang='lat' dir='ltr'>h.</span> <span class='ocrx_word' id='word_1_260' title='bbox 974 1777 1006 1797; x_wconf 82' lang='lat' dir='ltr'>v.</span> <span class='ocrx_word' id='word_1_261' title='bbox 1037 1769 1153 1796; x_wconf 87' lang='lat' dir='ltr'>ortum</span> <span class='ocrx_word' id='word_1_262' title='bbox 1175 1759 1286 1793; x_wconf 84' lang='lat' dir='ltr'>videri</span> <span class='ocrx_word' id='word_1_263' title='bbox 1309 1766 1447 1803; x_wconf 86' lang='lat' dir='ltr'>potest,</span> <span class='ocrx_word' id='word_1_264' title='bbox 1484 1765 1517 1791; x_wconf 86' lang='lat' dir='ltr'>et</span> <span class='ocrx_word' id='word_1_265' title='bbox 1543 1757 1692 1791; x_wconf 84' lang='lat' dir='ltr'>subiisse</span> 
     </span>
     <span class='ocr_line' id='line_1_30' title="bbox 177 1804 1693 1859; baseline -0.007 -13"><span class='ocrx_word' id='word_1_266' title='bbox 177 1814 323 1859; x_wconf 88' lang='lat' dir='ltr'>primum</span> <span class='ocrx_word' id='word_1_267' title='bbox 343 1813 524 1852; x_wconf 81' lang='lat' dir='ltr'>Aldinam3</span> <span class='ocrx_word' id='word_1_268' title='bbox 549 1813 639 1845; x_wconf 79' lang='lat' dir='ltr'>unde</span> <span class='ocrx_word' id='word_1_269' title='bbox 659 1814 694 1845; x_wconf 87' lang='lat' dir='ltr'>in</span> <span class='ocrx_word' id='word_1_270' title='bbox 715 1811 861 1852; x_wconf 81' lang='lat' dir='ltr'>Iuntina,</span> <span class='ocrx_word' id='word_1_271' title='bbox 898 1823 996 1855; x_wconf 83' lang='lat' dir='ltr'>quam</span> <span class='ocrx_word' id='word_1_272' title='bbox 1026 1809 1142 1842; x_wconf 82' lang='lat' dir='ltr'>exilia</span> <span class='ocrx_word' id='word_1_273' title='bbox 1164 1819 1361 1852; x_wconf 79' lang='lat' dir='ltr'>expressam</span> <span class='ocrx_word' id='word_1_274' title='bbox 1384 1805 1534 1838; x_wconf 86' lang='lat' dir='ltr'>coniicio</span> <span class='ocrx_word' id='word_1_275' title='bbox 1549 1831 1557 1844; x_wconf 93' lang='lat'>,</span> <span class='ocrx_word' id='word_1_276' title='bbox 1596 1811 1631 1837; x_wconf 89' lang='lat' dir='ltr'>et</span> <span class='ocrx_word' id='word_1_277' title='bbox 1658 1804 1693 1836; x_wconf 86' lang='lat' dir='ltr'>in</span> 
     </span>
     <span class='ocr_line' id='line_1_31' title="bbox 177 1852 1695 1899; baseline -0.007 -6"><span class='ocrx_word' id='word_1_278' title='bbox 177 1861 221 1894; x_wconf 87' lang='lat' dir='ltr'>al.</span> <span class='ocrx_word' id='word_1_279' title='bbox 242 1872 403 1893; x_wconf 85' lang='lat' dir='ltr'>excusum</span> <span class='ocrx_word' id='word_1_280' title='bbox 425 1860 540 1892; x_wconf 82' lang='lat' dir='ltr'>video.</span> <span class='ocrx_word' id='word_1_281' title='bbox 589 1863 635 1892; x_wconf 84' lang='lat' dir='ltr'>At</span> <span class='ocrx_word' id='word_1_282' title='bbox 657 1872 731 1893; x_wconf 84' lang='lat' dir='ltr'>eam</span> <span class='ocrx_word' id='word_1_283' title='bbox 752 1858 908 1891; x_wconf 78' lang='lat' dir='ltr'>descruit</span> <span class='ocrx_word' id='word_1_284' title='bbox 927 1857 1016 1891; x_wconf 79' lang='lat' dir='ltr'>Rob.</span> <span class='ocrx_word' id='word_1_285' title='bbox 1046 1855 1217 1899; x_wconf 81' lang='lat' dir='ltr'>Stephan.</span> <span class='ocrx_word' id='word_1_286' title='bbox 1279 1854 1489 1886; x_wconf 80' lang='lat' dir='ltr'>consensum</span> <span class='ocrx_word' id='word_1_287' title='bbox 1526 1852 1695 1884; x_wconf 89' lang='lat' dir='ltr'>librorum</span> 
     </span>
     <span class='ocr_line' id='line_1_32' title="bbox 178 1900 1694 1951; baseline -0.007 -12"><span class='ocrx_word' id='word_1_288' title='bbox 178 1908 290 1940; x_wconf 82' lang='lat' dir='ltr'>firmat</span> <span class='ocrx_word' id='word_1_289' title='bbox 308 1907 382 1951; x_wconf 88' lang='lat' dir='ltr'>ipsa</span> <span class='ocrx_word' id='word_1_290' title='bbox 407 1920 521 1940; x_wconf 86' lang='lat' dir='ltr'>rerum</span> <span class='ocrx_word' id='word_1_291' title='bbox 541 1907 632 1940; x_wconf 86' lang='lat' dir='ltr'>ratio</span> <span class='ocrx_word' id='word_1_292' title='bbox 655 1913 690 1939; x_wconf 91' lang='lat' dir='ltr'>et</span> <span class='ocrx_word' id='word_1_293' title='bbox 704 1906 805 1939; x_wconf 90' lang='lat' dir='ltr'>ordo.</span> <span class='ocrx_word' id='word_1_294' title='bbox 855 1905 1020 1937; x_wconf 86' lang='lat' dir='ltr'>Nondum</span> <span class='ocrx_word' id='word_1_295' title='bbox 1037 1903 1181 1936; x_wconf 82' lang='lat' dir='ltr'>consilia</span> <span class='ocrx_word' id='word_1_296' title='bbox 1196 1900 1336 1945; x_wconf 80' lang='lat' dir='ltr'>exsequi</span> <span class='ocrx_word' id='word_1_297' title='bbox 1356 1905 1524 1944; x_wconf 83' lang='lat' dir='ltr'>coeperat</span> <span class='ocrx_word' id='word_1_298' title='bbox 1542 1903 1694 1931; x_wconf 83' lang='lat' dir='ltr'>Aeneas:</span> 
     </span>
     <span class='ocr_line' id='line_1_33' title="bbox 178 1945 1696 1998; baseline -0.007 -12"><span class='ocrx_word' id='word_1_299' title='bbox 178 1954 258 1987; x_wconf 88' lang='lat' dir='ltr'>vide</span> <span class='ocrx_word' id='word_1_300' title='bbox 280 1952 542 1994; x_wconf 83' lang='lat' dir='ltr'><strong>v.314—317‚</strong></span> <span class='ocrx_word' id='word_1_301' title='bbox 565 1961 750 1998; x_wconf 77' lang='lat' dir='ltr'>antequam</span> <span class='ocrx_word' id='word_1_302' title='bbox 771 1953 875 1984; x_wconf 90' lang='lat' dir='ltr'>domo</span> <span class='ocrx_word' id='word_1_303' title='bbox 898 1957 1018 1990; x_wconf 80' lang='lat' dir='ltr'>exeat,</span> <span class='ocrx_word' id='word_1_304' title='bbox 1045 1961 1124 1983; x_wconf 85' lang='lat' dir='ltr'>ecce</span> <span class='ocrx_word' id='word_1_305' title='bbox 1152 1948 1215 1982; x_wconf 82' lang='lat' dir='ltr'>tibi</span> <span class='ocrx_word' id='word_1_306' title='bbox 1252 1948 1357 1980; x_wconf 83' lang='lat' dir='ltr'>oll&#39;ert</span> <span class='ocrx_word' id='word_1_307' title='bbox 1391 1959 1428 1978; x_wconf 91' lang='lat' dir='ltr'>se</span> <span class='ocrx_word' id='word_1_308' title='bbox 1463 1946 1494 1978; x_wconf 86' lang='lat' dir='ltr'>ei</span> <span class='ocrx_word' id='word_1_309' title='bbox 1530 1945 1696 1985; x_wconf 75' lang='lat' dir='ltr'>Panthus,</span> 
     </span>
     <span class='ocr_line' id='line_1_34' title="bbox 179 1992 1696 2045; baseline -0.007 -11"><span class='ocrx_word' id='word_1_310' title='bbox 179 2001 238 2045; x_wconf 84' lang='lat' dir='ltr'>qui</span> <span class='ocrx_word' id='word_1_311' title='bbox 262 2002 305 2034; x_wconf 86' lang='lat' dir='ltr'>ad</span> <span class='ocrx_word' id='word_1_312' title='bbox 328 2000 401 2033; x_wconf 84' lang='lat' dir='ltr'>eius</span> <span class='ocrx_word' id='word_1_313' title='bbox 424 2002 563 2033; x_wconf 89' lang='lat' dir='ltr'>domum</span> <span class='ocrx_word' id='word_1_314' title='bbox 579 2027 586 2041; x_wconf 88' lang='lat'>,</span> <span class='ocrx_word' id='word_1_315' title='bbox 613 2001 743 2045; x_wconf 86' lang='lat' dir='ltr'>qnippe</span> <span class='ocrx_word' id='word_1_316' title='bbox 761 2000 794 2031; x_wconf 93' lang='lat' dir='ltr'>in</span> <span class='ocrx_word' id='word_1_317' title='bbox 827 2006 960 2031; x_wconf 83' lang='lat' dir='ltr'>remota</span> <span class='ocrx_word' id='word_1_318' title='bbox 982 1997 1078 2029; x_wconf 89' lang='lat' dir='ltr'>urbis</span> <span class='ocrx_word' id='word_1_319' title='bbox 1098 2004 1197 2041; x_wconf 86' lang='lat' dir='ltr'>parte</span> <span class='ocrx_word' id='word_1_320' title='bbox 1220 1995 1320 2027; x_wconf 87' lang='lat' dir='ltr'>sitam</span> <span class='ocrx_word' id='word_1_321' title='bbox 1343 1993 1435 2037; x_wconf 72' lang='lat' dir='ltr'>(vide</span> <span class='ocrx_word' id='word_1_322' title='bbox 1457 2005 1488 2025; x_wconf 90' lang='lat' dir='ltr'>v.</span> <span class='ocrx_word' id='word_1_323' title='bbox 1507 1992 1696 2033; x_wconf 73' lang='lat'><strong>299.300)‚</strong></span> 
     </span>
     <span class='ocr_line' id='line_1_35' title="bbox 180 2039 1698 2093; baseline -0.008 -12"><span class='ocrx_word' id='word_1_324' title='bbox 180 2048 416 2093; x_wconf 81' lang='lat' dir='ltr'>confugiebat.</span> <span class='ocrx_word' id='word_1_325' title='bbox 466 2050 572 2080; x_wconf 81' lang='lat' dir='ltr'>Forte</span> <span class='ocrx_word' id='word_1_326' title='bbox 594 2055 627 2080; x_wconf 90' lang='lat' dir='ltr'>et</span> <span class='ocrx_word' id='word_1_327' title='bbox 644 2047 712 2080; x_wconf 88' lang='lat' dir='ltr'>hoc</span> <span class='ocrx_word' id='word_1_328' title='bbox 732 2046 845 2090; x_wconf 87' lang='lat' dir='ltr'>ipsum</span> <span class='ocrx_word' id='word_1_329' title='bbox 869 2052 977 2089; x_wconf 82' lang='lat' dir='ltr'>poeta</span> <span class='ocrx_word' id='word_1_330' title='bbox 998 2045 1042 2076; x_wconf 85' lang='lat' dir='ltr'>ad</span> <span class='ocrx_word' id='word_1_331' title='bbox 1063 2049 1199 2076; x_wconf 80' lang='lat' dir='ltr'>Aeneae</span> <span class='ocrx_word' id='word_1_332' title='bbox 1217 2042 1382 2086; x_wconf 85' lang='lat' dir='ltr'>pietatem</span> <span class='ocrx_word' id='word_1_333' title='bbox 1408 2039 1546 2081; x_wconf 88' lang='lat' dir='ltr'>retulit,</span> <span class='ocrx_word' id='word_1_334' title='bbox 1573 2047 1610 2071; x_wconf 90' lang='lat' dir='ltr'>ut</span> <span class='ocrx_word' id='word_1_335' title='bbox 1636 2050 1698 2070; x_wconf 88' lang='lat' dir='ltr'>re-</span> 
     </span>
     <span class='ocr_line' id='line_1_36' title="bbox 180 2086 1699 2138; baseline -0.007 -12"><span class='ocrx_word' id='word_1_336' title='bbox 180 2094 347 2138; x_wconf 84' lang='lat' dir='ltr'>ligionum</span> <span class='ocrx_word' id='word_1_337' title='bbox 370 2094 528 2127; x_wconf 87' lang='lat' dir='ltr'>minister</span> <span class='ocrx_word' id='word_1_338' title='bbox 548 2095 591 2127; x_wconf 85' lang='lat' dir='ltr'>ad</span> <span class='ocrx_word' id='word_1_339' title='bbox 611 2106 687 2126; x_wconf 88' lang='lat' dir='ltr'>eum</span> <span class='ocrx_word' id='word_1_340' title='bbox 704 2092 893 2135; x_wconf 77' lang='lat' dir='ltr'>confugiat.</span> <span class='ocrx_word' id='word_1_341' title='bbox 944 2090 1157 2135; x_wconf 88' lang='lat' dir='ltr'>Pomponius</span> <span class='ocrx_word' id='word_1_342' title='bbox 1171 2089 1259 2121; x_wconf 85' lang='lat' dir='ltr'>haec</span> <span class='ocrx_word' id='word_1_343' title='bbox 1280 2088 1404 2120; x_wconf 84' lang='lat' dir='ltr'>habet:</span> <span class='ocrx_word' id='word_1_344' title='bbox 1430 2086 1549 2118; x_wconf 79' lang='lat' dir='ltr'>limina</span> <span class='ocrx_word' id='word_1_345' title='bbox 1570 2087 1699 2118; x_wconf 73' lang='lat' dir='ltr'>domus</span> 
     </span>
     <span class='ocr_line' id='line_1_37' title="bbox 183 2132 1696 2183; baseline -0.007 -10"><span class='ocrx_word' id='word_1_346' title='bbox 183 2155 299 2174; x_wconf 80' lang='lat' dir='ltr'>meae:</span> <span class='ocrx_word' id='word_1_347' title='bbox 335 2143 373 2175; x_wconf 82' lang='lat' dir='ltr'>in</span> <span class='ocrx_word' id='word_1_348' title='bbox 402 2143 469 2174; x_wconf 79' lang='lat' dir='ltr'>hoc</span> <span class='ocrx_word' id='word_1_349' title='bbox 500 2143 705 2174; x_wconf 74' lang='lat' dir='ltr'>auctoritas</span> <span class='ocrx_word' id='word_1_350' title='bbox 736 2148 772 2172; x_wconf 79' lang='lat' dir='ltr'>et</span> <span class='ocrx_word' id='word_1_351' title='bbox 805 2140 971 2183; x_wconf 69' lang='lat' dir='ltr'>dignitas</span> <span class='ocrx_word' id='word_1_352' title='bbox 996 2140 1145 2171; x_wconf 80' lang='lat' dir='ltr'>Aeneae</span> <span class='ocrx_word' id='word_1_353' title='bbox 1173 2136 1331 2168; x_wconf 75' lang='lat' dir='ltr'>videtur.</span> <span class='ocrx_word' id='word_1_354' title='bbox 1390 2132 1529 2165; x_wconf 73' lang='lat' dir='ltr'>Servius</span> <span class='ocrx_word' id='word_1_355' title='bbox 1559 2140 1696 2165; x_wconf 83' lang='lat' dir='ltr'>antem:</span> 
     </span>
     <span class='ocr_line' id='line_1_38' title="bbox 182 2178 1698 2232; baseline -0.008 -11"><span class='ocrx_word' id='word_1_356' title='bbox 182 2192 330 2221; x_wconf 81' lang='lat' dir='ltr'>Aeneae</span> <span class='ocrx_word' id='word_1_357' title='bbox 351 2197 387 2221; x_wconf 68' lang='lat' dir='ltr'>ec</span> <span class='ocrx_word' id='word_1_358' title='bbox 405 2189 535 2232; x_wconf 74' lang='lat' dir='ltr'>religio</span> <span class='ocrx_word' id='word_1_359' title='bbox 554 2188 732 2220; x_wconf 74' lang='lat' dir='ltr'>laudatur</span> <span class='ocrx_word' id='word_1_360' title='bbox 752 2194 786 2218; x_wconf 74' lang='lat' dir='ltr'>et</span> <span class='ocrx_word' id='word_1_361' title='bbox 810 2188 939 2217; x_wconf 74' lang='lat' dir='ltr'>virtus.</span> <span class='ocrx_word' id='word_1_362' title='bbox 990 2185 1118 2217; x_wconf 79' lang='lat' dir='ltr'>limina</span> <span class='ocrx_word' id='word_1_363' title='bbox 1142 2182 1248 2225; x_wconf 83' lang='lat' dir='ltr'>igitur</span> <span class='ocrx_word' id='word_1_364' title='bbox 1278 2182 1353 2225; x_wconf 84' lang='lat' dir='ltr'>ipsa</span> <span class='ocrx_word' id='word_1_365' title='bbox 1372 2192 1410 2211; x_wconf 85' lang='lat' dir='ltr'>re</span> <span class='ocrx_word' id='word_1_366' title='bbox 1435 2179 1519 2211; x_wconf 77' lang='lat' dir='ltr'>sutis</span> <span class='ocrx_word' id='word_1_367' title='bbox 1545 2178 1698 2218; x_wconf 83' lang='lat' dir='ltr'>delinita,</span> 
     </span>
    </p>
   </div>
   <div class='ocr_carea' id='block_1_6' title="bbox 184 2226 1700 2326">
    <p class='ocr_par' dir='ltr' id='par_1_8' title="bbox 184 2226 1700 2326">
     <span class='ocr_line' id='line_1_39' title="bbox 185 2226 1700 2279; baseline -0.007 -12"><span class='ocrx_word' id='word_1_368' title='bbox 185 2235 278 2279; x_wconf 88' lang='lat' dir='ltr'>quod</span> <span class='ocrx_word' id='word_1_369' title='bbox 305 2235 375 2267; x_wconf 84' lang='lat' dir='ltr'>sint</span> <span class='ocrx_word' id='word_1_370' title='bbox 403 2238 552 2268; x_wconf 79' lang='lat' dir='ltr'>Aeneae.</span> <span class='ocrx_word' id='word_1_371' title='bbox 601 2234 656 2267; x_wconf 79' lang='lat' dir='ltr'>Sic</span> <span class='ocrx_word' id='word_1_372' title='bbox 686 2234 752 2275; x_wconf 89' lang='lat' dir='ltr'>XI,</span> <span class='ocrx_word' id='word_1_373' title='bbox 780 2233 861 2267; x_wconf 79' lang='lat'><strong>267.</strong></span> <span class='ocrx_word' id='word_1_374' title='bbox 912 2236 1009 2272; x_wconf 83' lang='lat' dir='ltr'>Quae</span> <span class='ocrx_word' id='word_1_375' title='bbox 1043 2242 1108 2276; x_wconf 87' lang='lat' dir='ltr'>pro</span> <span class='ocrx_word' id='word_1_376' title='bbox 1135 2230 1247 2262; x_wconf 78' lang='lat' dir='ltr'>altera</span> <span class='ocrx_word' id='word_1_377' title='bbox 1271 2227 1424 2261; x_wconf 84' lang='lat' dir='ltr'>lectione</span> <span class='ocrx_word' id='word_1_378' title='bbox 1453 2226 1523 2259; x_wconf 88' lang='lat' dir='ltr'>dici</span> <span class='ocrx_word' id='word_1_379' title='bbox 1550 2226 1700 2271; x_wconf 85' lang='lat' dir='ltr'>possint,</span> 
     </span>
     <span class='ocr_line' id='line_1_40' title="bbox 184 2284 427 2326; baseline 0.004 -12"><span class='ocrx_word' id='word_1_380' title='bbox 184 2294 215 2315; x_wconf 85' lang='lat' dir='ltr'>v.</span> <span class='ocrx_word' id='word_1_381' title='bbox 238 2293 294 2326; x_wconf 84' lang='lat' dir='ltr'>ap.</span> <span class='ocrx_word' id='word_1_382' title='bbox 314 2284 427 2316; x_wconf 88' lang='lat' dir='ltr'>Burm.</span> 
     </span>
    </p>
   </div>
   <div class='ocr_carea' id='block_1_7' title="bbox 186 2376 922 3003">
    <p class='ocr_par' dir='ltr' id='par_1_9' title="bbox 186 2376 917 2831">
     <span class='ocr_line' id='line_1_41' title="bbox 186 2376 916 2430; baseline -0.007 -15"><span class='ocrx_word' id='word_1_383' title='bbox 186 2377 368 2430; x_wconf 81' lang='lat' dir='ltr'>colligere</span> <span class='ocrx_word' id='word_1_384' title='bbox 396 2377 540 2415; x_wconf 88' lang='lat' dir='ltr'>milites</span> <span class='ocrx_word' id='word_1_385' title='bbox 571 2376 622 2414; x_wconf 88' lang='lat' dir='ltr'>ad</span> <span class='ocrx_word' id='word_1_386' title='bbox 649 2389 843 2428; x_wconf 79' lang='lat' dir='ltr'>pugnam,</span> <span class='ocrx_word' id='word_1_387' title='bbox 875 2379 916 2411; x_wconf 83' lang='lat' dir='ltr'>et</span> 
     </span>
     <span class='ocr_line' id='line_1_42' title="bbox 187 2431 916 2488; baseline -0.007 -15"><span class='ocrx_word' id='word_1_388' title='bbox 187 2449 276 2473; x_wconf 89' lang='lat' dir='ltr'>cum</span> <span class='ocrx_word' id='word_1_389' title='bbox 299 2435 344 2473; x_wconf 88' lang='lat' dir='ltr'>iis</span> <span class='ocrx_word' id='word_1_390' title='bbox 368 2434 477 2488; x_wconf 76' lang='lat' dir='ltr'>(cnm</span> <span class='ocrx_word' id='word_1_391' title='bbox 489 2433 623 2487; x_wconf 69' lang='lat' dir='ltr'>sociis)</span> <span class='ocrx_word' id='word_1_392' title='bbox 645 2434 687 2472; x_wconf 87' lang='lat' dir='ltr'>in</span> <span class='ocrx_word' id='word_1_393' title='bbox 711 2446 841 2471; x_wconf 84' lang='lat' dir='ltr'>arcem</span> <span class='ocrx_word' id='word_1_394' title='bbox 864 2431 916 2469; x_wconf 85' lang='lat' dir='ltr'>ad</span> 
     </span>
     <span class='ocr_line' id='line_1_43' title="bbox 187 2489 917 2544; baseline -0.005 -15"><span class='ocrx_word' id='word_1_395' title='bbox 187 2506 316 2544; x_wconf 84' lang='lat' dir='ltr'>regem</span> <span class='ocrx_word' id='word_1_396' title='bbox 345 2505 595 2531; x_wconf 84' lang='lat' dir='ltr'>concurrere.</span> <span class='ocrx_word' id='word_1_397' title='bbox 656 2494 751 2533; x_wconf 80' lang='lat'><strong>317.</strong></span> <span class='ocrx_word' id='word_1_398' title='bbox 783 2496 822 2527; x_wconf 90' lang='lat' dir='ltr'>et</span> <span class='ocrx_word' id='word_1_399' title='bbox 850 2489 917 2527; x_wconf 86' lang='lat' dir='ltr'>illa</span> 
     </span>
     <span class='ocr_line' id='line_1_44' title="bbox 189 2548 915 2601; baseline -0.006 -13"><span class='ocrx_word' id='word_1_400' title='bbox 189 2564 268 2588; x_wconf 89' lang='lat' dir='ltr'>una</span> <span class='ocrx_word' id='word_1_401' title='bbox 309 2551 494 2601; x_wconf 75' lang='lat' dir='ltr'>cogitatio</span> <span class='ocrx_word' id='word_1_402' title='bbox 537 2549 738 2588; x_wconf 85' lang='lat' dir='ltr'>succurrit</span> <span class='ocrx_word' id='word_1_403' title='bbox 770 2548 915 2595; x_wconf 84' lang='lat' dir='ltr'>animo,</span> 
     </span>
     <span class='ocr_line' id='line_1_45' title="bbox 191 2606 916 2658; baseline -0.003 -14"><span class='ocrx_word' id='word_1_404' title='bbox 191 2608 366 2647; x_wconf 84' lang='lat' dir='ltr'>animum</span> <span class='ocrx_word' id='word_1_405' title='bbox 399 2609 527 2658; x_wconf 81' lang='lat' dir='ltr'>subit,</span> <span class='ocrx_word' id='word_1_406' title='bbox 574 2621 694 2658; x_wconf 83' lang='lat' dir='ltr'>quam</span> <span class='ocrx_word' id='word_1_407' title='bbox 731 2606 916 2658; x_wconf 81' lang='lat' dir='ltr'>pulcrum</span> 
     </span>
     <span class='ocr_line' id='line_1_46' title="bbox 192 2663 915 2717; baseline -0.003 -15"><span class='ocrx_word' id='word_1_408' title='bbox 192 2665 242 2703; x_wconf 76' lang='lat' dir='ltr'>sit</span> <span class='ocrx_word' id='word_1_409' title='bbox 260 2696 269 2714; x_wconf 94' lang='lat'>‚</span> <span class='ocrx_word' id='word_1_410' title='bbox 331 2667 492 2704; x_wconf 81' lang='lat' dir='ltr'>sortiter</span> <span class='ocrx_word' id='word_1_411' title='bbox 544 2664 760 2717; x_wconf 82' lang='lat' dir='ltr'>pugnando</span> <span class='ocrx_word' id='word_1_412' title='bbox 802 2663 915 2701; x_wconf 84' lang='lat' dir='ltr'>mori.</span> 
     </span>
     <span class='ocr_line' id='line_1_47' title="bbox 194 2723 917 2774; baseline -0.001 -15"><span class='ocrx_word' id='word_1_413' title='bbox 194 2723 257 2760; x_wconf 87' lang='lat' dir='ltr'>Sic</span> <span class='ocrx_word' id='word_1_414' title='bbox 276 2724 416 2774; x_wconf 84' lang='lat' dir='ltr'>Georg.</span> <span class='ocrx_word' id='word_1_415' title='bbox 436 2724 503 2771; x_wconf 85' lang='lat' dir='ltr'>IV,</span> <span class='ocrx_word' id='word_1_416' title='bbox 530 2726 625 2764; x_wconf 79' lang='lat'><strong>218.</strong></span> <span class='ocrx_word' id='word_1_417' title='bbox 649 2724 917 2773; x_wconf 74' lang='lat' dir='ltr'>pulcramque</span> 
     </span>
     <span class='ocr_line' id='line_1_48' title="bbox 190 2782 794 2831; baseline 0.002 -16"><span class='ocrx_word' id='word_1_418' title='bbox 190 2788 329 2829; x_wconf 76' lang='lat' dir='ltr'>petunt</span> <span class='ocrx_word' id='word_1_419' title='bbox 341 2796 418 2831; x_wconf 76' lang='lat' dir='ltr'>per</span> <span class='ocrx_word' id='word_1_420' title='bbox 433 2782 599 2818; x_wconf 65' lang='lat' dir='ltr'>vulnera</span> <span class='ocrx_word' id='word_1_421' title='bbox 619 2788 794 2817; x_wconf 77' lang='lat' dir='ltr'>mortem.</span> 
     </span>
    </p>

    <p class='ocr_par' dir='ltr' id='par_1_10' title="bbox 198 2835 922 3003">
     <span class='ocr_line' id='line_1_49' title="bbox 253 2835 919 2879; baseline -0.006 -2"><span class='ocrx_word' id='word_1_422' title='bbox 253 2840 334 2877; x_wconf 72' lang='lat'>318</span> <span class='ocrx_word' id='word_1_423' title='bbox 354 2860 395 2866; x_wconf 85' lang='lat'><em>-</em></span> <span class='ocrx_word' id='word_1_424' title='bbox 413 2841 507 2879; x_wconf 78' lang='lat'><strong>321.</strong></span> <span class='ocrx_word' id='word_1_425' title='bbox 538 2837 714 2875; x_wconf 83' lang='lat' dir='ltr'>Panthus</span> <span class='ocrx_word' id='word_1_426' title='bbox 736 2835 919 2875; x_wconf 85' lang='lat' dir='ltr'>sacerdos</span> 
     </span>
     <span class='ocr_line' id='line_1_50' title="bbox 198 2892 922 2946; baseline 0.001 -17"><span class='ocrx_word' id='word_1_427' title='bbox 198 2892 409 2944; x_wconf 85' lang='lat' dir='ltr'>Apollinis,</span> <span class='ocrx_word' id='word_1_428' title='bbox 458 2895 570 2933; x_wconf 88' lang='lat' dir='ltr'>cuius</span> <span class='ocrx_word' id='word_1_429' title='bbox 609 2895 803 2946; x_wconf 87' lang='lat' dir='ltr'>templum</span> <span class='ocrx_word' id='word_1_430' title='bbox 836 2899 922 2931; x_wconf 86' lang='lat' dir='ltr'>erat</span> 
     </span>
     <span class='ocr_line' id='line_1_51' title="bbox 199 2950 922 3003; baseline 0.003 -18"><span class='ocrx_word' id='word_1_431' title='bbox 199 2950 239 2986; x_wconf 88' lang='lat' dir='ltr'>in</span> <span class='ocrx_word' id='word_1_432' title='bbox 269 2963 368 2989; x_wconf 87' lang='lat' dir='ltr'>arce.</span> <span class='ocrx_word' id='word_1_433' title='bbox 435 2953 594 2990; x_wconf 88' lang='lat' dir='ltr'>Ponunt</span> <span class='ocrx_word' id='word_1_434' title='bbox 621 2959 756 2990; x_wconf 80' lang='lat' dir='ltr'>autem</span> <span class='ocrx_word' id='word_1_435' title='bbox 781 2958 922 3003; x_wconf 86' lang='lat' dir='ltr'>poetae</span> 
     </span>
    </p>
   </div>
   <div class='ocr_carea' id='block_1_8' title="bbox 972 2370 1708 3000">
    <p class='ocr_par' dir='ltr' id='par_1_11' title="bbox 972 2370 1708 3000">
     <span class='ocr_line' id='line_1_52' title="bbox 972 2370 1701 2425; baseline -0.007 -15"><span class='ocrx_word' id='word_1_436' title='bbox 972 2373 1102 2425; x_wconf 89' lang='lat' dir='ltr'>primo</span> <span class='ocrx_word' id='word_1_437' title='bbox 1125 2371 1213 2409; x_wconf 89' lang='lat' dir='ltr'>loco</span> <span class='ocrx_word' id='word_1_438' title='bbox 1247 2370 1479 2417; x_wconf 82' lang='lat' dir='ltr'>continens,</span> <span class='ocrx_word' id='word_1_439' title='bbox 1508 2375 1701 2419; x_wconf 83' lang='lat' dir='ltr'>tanquam</span> 
     </span>
     <span class='ocr_line' id='line_1_53' title="bbox 975 2424 1702 2478; baseline -0.008 -10"><span class='ocrx_word' id='word_1_440' title='bbox 975 2431 1116 2468; x_wconf 84' lang='lat' dir='ltr'>latius:</span> <span class='ocrx_word' id='word_1_441' title='bbox 1148 2430 1254 2466; x_wconf 63' lang='lat' dir='ltr'>areis</span> <span class='ocrx_word' id='word_1_442' title='bbox 1275 2427 1503 2478; x_wconf 72' lang='lat' dir='ltr'>Phoebique</span> <span class='ocrx_word' id='word_1_443' title='bbox 1529 2442 1562 2464; x_wconf 72' lang='lat' dir='ltr'>s.</span> <span class='ocrx_word' id='word_1_444' title='bbox 1618 2424 1702 2478; x_wconf 87' lang='lat' dir='ltr'>(in-</span> 
     </span>
     <span class='ocr_line' id='line_1_54' title="bbox 975 2483 1703 2533; baseline -0.01 -6"><span class='ocrx_word' id='word_1_445' title='bbox 975 2502 1093 2527; x_wconf 85' lang='lat' dir='ltr'>verso</span> <span class='ocrx_word' id='word_1_446' title='bbox 1124 2493 1259 2524; x_wconf 86' lang='lat' dir='ltr'>tamen</span> <span class='ocrx_word' id='word_1_447' title='bbox 1296 2485 1436 2523; x_wconf 85' lang='lat' dir='ltr'>ordine</span> <span class='ocrx_word' id='word_1_448' title='bbox 1467 2484 1551 2533; x_wconf 87' lang='lat' dir='ltr'>VII,</span> <span class='ocrx_word' id='word_1_449' title='bbox 1586 2483 1703 2524; x_wconf 79' lang='lat'>419.;</span> 
     </span>
     <span class='ocr_line' id='line_1_55' title="bbox 976 2542 1705 2596; baseline -0.008 -13"><span class='ocrx_word' id='word_1_450' title='bbox 976 2546 1077 2596; x_wconf 81' lang='lat' dir='ltr'>„Fit</span> <span class='ocrx_word' id='word_1_451' title='bbox 1124 2544 1271 2595; x_wconf 74' lang='lat' dir='ltr'>Calybe</span> <span class='ocrx_word' id='word_1_452' title='bbox 1320 2543 1413 2581; x_wconf 88' lang='lat' dir='ltr'>Iun</span> <span class='ocrx_word' id='word_1_453' title='bbox 1429 2557 1450 2580; x_wconf 96' lang='lat' dir='ltr'>o</span> <span class='ocrx_word' id='word_1_454' title='bbox 1464 2542 1545 2579; x_wconf 91' lang='lat' dir='ltr'>nis</span> <span class='ocrx_word' id='word_1_455' title='bbox 1605 2554 1705 2578; x_wconf 88' lang='lat' dir='ltr'>anus</span> 
     </span>
     <span class='ocr_line' id='line_1_56' title="bbox 975 2599 1704 2655; baseline -0.008 -14"><span class='ocrx_word' id='word_1_456' title='bbox 975 2611 992 2642; x_wconf 91' lang='lat' dir='ltr'>t</span> <span class='ocrx_word' id='word_1_457' title='bbox 1003 2617 1106 2655; x_wconf 86' lang='lat' dir='ltr'>emp</span> <span class='ocrx_word' id='word_1_458' title='bbox 1120 2603 1244 2653; x_wconf 91' lang='lat' dir='ltr'>lique</span> <span class='ocrx_word' id='word_1_459' title='bbox 1260 2601 1484 2638; x_wconf 56' lang='lat' dir='ltr'>sacerdosfl</span> <span class='ocrx_word' id='word_1_460' title='bbox 1505 2600 1574 2637; x_wconf 88' lang='lat' dir='ltr'>cfr.</span> <span class='ocrx_word' id='word_1_461' title='bbox 1585 2599 1704 2636; x_wconf 85' lang='lat' dir='ltr'>etiam</span> 
     </span>
     <span class='ocr_line' id='line_1_57' title="bbox 977 2658 1705 2710; baseline -0.01 -10"><span class='ocrx_word' id='word_1_462' title='bbox 977 2662 1047 2710; x_wconf 77' lang='lat' dir='ltr'>XI,</span> <span class='ocrx_word' id='word_1_463' title='bbox 1073 2664 1189 2703; x_wconf 86' lang='lat'><strong>477.:</strong></span> <span class='ocrx_word' id='word_1_464' title='bbox 1222 2659 1299 2706; x_wconf 83' lang='lat' dir='ltr'>„ad</span> <span class='ocrx_word' id='word_1_465' title='bbox 1317 2665 1333 2696; x_wconf 85' lang='lat' dir='ltr'>t</span> <span class='ocrx_word' id='word_1_466' title='bbox 1347 2658 1564 2709; x_wconf 83' lang='lat' dir='ltr'>emplum</span> <span class='ocrx_word' id='word_1_467' title='bbox 1593 2670 1705 2694; x_wconf 88' lang='lat' dir='ltr'>sum-</span> 
     </span>
     <span class='ocr_line' id='line_1_58' title="bbox 975 2710 1705 2770; baseline -0.01 -13"><span class='ocrx_word' id='word_1_468' title='bbox 975 2731 1139 2770; x_wconf 86' lang='lat' dir='ltr'>masque</span> <span class='ocrx_word' id='word_1_469' title='bbox 1151 2718 1201 2756; x_wconf 88' lang='lat' dir='ltr'>ad</span> <span class='ocrx_word' id='word_1_470' title='bbox 1214 2716 1384 2754; x_wconf 81' lang='lat' dir='ltr'>Palladis</span> <span class='ocrx_word' id='word_1_471' title='bbox 1402 2730 1423 2752; x_wconf 86' lang='lat' dir='ltr'>a</span> <span class='ocrx_word' id='word_1_472' title='bbox 1434 2729 1454 2753; x_wconf 87' lang='lat' dir='ltr'>r</span> <span class='ocrx_word' id='word_1_473' title='bbox 1465 2710 1577 2752; x_wconf 67' lang='lat' dir='ltr'>eesf‘</span> <span class='ocrx_word' id='word_1_474' title='bbox 1596 2712 1705 2765; x_wconf 83' lang='lat' dir='ltr'>lVr.)</span> 
     </span>
     <span class='ocr_line' id='line_1_59' title="bbox 976 2771 1707 2825; baseline -0.01 -10"><span class='ocrx_word' id='word_1_475' title='bbox 976 2777 1163 2816; x_wconf 73' lang='lat' dir='ltr'>Panthus</span> <span class='ocrx_word' id='word_1_476' title='bbox 1199 2776 1305 2813; x_wconf 84' lang='lat' dir='ltr'>inter</span> <span class='ocrx_word' id='word_1_477' title='bbox 1335 2774 1530 2825; x_wconf 85' lang='lat' dir='ltr'>primores</span> <span class='ocrx_word' id='word_1_478' title='bbox 1567 2771 1707 2809; x_wconf 82' lang='lat' dir='ltr'>Troia—</span> 
     </span>
     <span class='ocr_line' id='line_1_60' title="bbox 978 2828 1708 2884; baseline -0.014 -10"><span class='ocrx_word' id='word_1_479' title='bbox 978 2848 1125 2873; x_wconf 83' lang='lat' dir='ltr'>norum</span> <span class='ocrx_word' id='word_1_480' title='bbox 1146 2839 1204 2870; x_wconf 83' lang='lat' dir='ltr'>est</span> <span class='ocrx_word' id='word_1_481' title='bbox 1224 2832 1334 2870; x_wconf 81' lang='lat' dir='ltr'>Iliad.</span> <span class='ocrx_word' id='word_1_482' title='bbox 1358 2848 1392 2884; x_wconf 81' lang='lat' dir='ltr'>y,</span> <span class='ocrx_word' id='word_1_483' title='bbox 1418 2830 1518 2879; x_wconf 79' lang='lat'>1463</span> <span class='ocrx_word' id='word_1_484' title='bbox 1539 2829 1609 2867; x_wconf 88' lang='lat' dir='ltr'>filii</span> <span class='ocrx_word' id='word_1_485' title='bbox 1628 2828 1708 2865; x_wconf 90' lang='lat' dir='ltr'>eius</span> 
     </span>
     <span class='ocr_line' id='line_1_61' title="bbox 979 2888 1706 2944; baseline -0.01 -13"><span class='ocrx_word' id='word_1_486' title='bbox 979 2892 1216 2944; x_wconf 78' lang='lat' dir='ltr'>Polydamas</span> <span class='ocrx_word' id='word_1_487' title='bbox 1236 2896 1277 2927; x_wconf 85' lang='lat' dir='ltr'>et</span> <span class='ocrx_word' id='word_1_488' title='bbox 1296 2888 1558 2940; x_wconf 87' lang='lat' dir='ltr'>Euphorbus,</span> <span class='ocrx_word' id='word_1_489' title='bbox 1593 2889 1706 2925; x_wconf 84' lang='grc' dir='ltr'><em>Παν-</em></span> 
     </span>
     <span class='ocr_line' id='line_1_62' title="bbox 981 2946 1708 3000; baseline -0.017 -9"><span class='ocrx_word' id='word_1_490' title='bbox 981 2951 1149 2997; x_wconf 60' lang='lat' dir='ltr'>aotam,</span> <span class='ocrx_word' id='word_1_491' title='bbox 1191 2960 1303 3000; x_wconf 82' lang='lat' dir='ltr'>saepe</span> <span class='ocrx_word' id='word_1_492' title='bbox 1328 2946 1504 2984; x_wconf 86' lang='lat' dir='ltr'>Homero</span> <span class='ocrx_word' id='word_1_493' title='bbox 1536 2954 1708 2981; x_wconf 88' lang='lat' dir='ltr'>comme—</span> 
     </span>
    </p>
   </div>
  </div>
 </body>
</html>
