1779 3420
46 175 148 222 200
360 167 417 214 P.
462 158 814 212 VIRGILII
870 150 1250 202 MARONIS

49 299 284 348 Centum
308 291 455 355 aliae,
468 288 809 351 totidemque
833 294 989 346 pares
1010 286 1180 327 aetate
1207 274 1452 337 ministri,
1474 277 1578 326 705

52 367 156 430 Qui
189 363 415 431 dapibus
434 374 649 410 mensas
672 358 918 413 onerent,
960 357 1013 398 et
1034 346 1229 415 pocula
1255 354 1476 412 ponant.

122 453 239 501 706.
278 456 527 494 ONERANT
666 449 881 485 PONUNT

146 566 217 601 706
241 567 352 597 Antea
380 565 544 594 onerent.
566 561 724 601 ponant.
774 551 844 585 Sed
872 557 1041 584 onerant.
1072 556 1232 595 ponant.
1267 548 1369 580 Rom.
1397 560 1473 582 cum
1500 547 1583 593 ple-

56 614 172 658 risque
202 611 280 645 aliis
305 605 519 656 pervetustis
549 600 674 641 Pierii,
718 600 812 644 qnod
839 604 935 631 reete
966 596 1018 629 illi
1049 596 1242 641 probatur,
1280 602 1457 640 tamquam
1490 595 1585 640 quod

56 660 176 694 nescio
199 659 282 704 quid
304 653 512 702 picturatius
533 650 688 688 habeat,
714 659 818 691 quum
844 657 901 678 res
930 644 1007 688 ipsa
1038 643 1090 676 ita
1118 642 1194 686 geri
1220 642 1391 675 videatur.
1443 643 1586 676 Scilicet

58 708 199 742 omnino
230 707 299 739 hoe
319 704 355 736 in
377 703 519 734 Marone
539 698 729 730 observare
758 694 842 726 licet
874 691 969 736 (vide
988 704 1018 724 v.
1039 704 1067 723 e.
1092 692 1151 731 IV,
1176 690 1255 728 27l3
1291 690 1429 723 recedit
1455 690 1517 723 ille
1541 690 1585 722 ab

59 756 126 789 hac
153 749 405 796 consequentia
436 754 652 790 temporum,
688 742 746 775 cni
783 748 970 785 tantopere
1005 738 1171 771 studebat
1198 738 1342 779 Cicero,
1378 744 1417 769 ut
1448 750 1489 769 ex
1519 749 1587 782 qua

59 802 244 836 dicendum
273 804 386 837 esset,
423 794 518 839 quod
546 798 650 825 antea
681 789 738 822 hic
770 788 902 821 editum
932 792 1030 819 erat:
1060 788 1209 818 Centum
1230 786 1392 818 ministri
1410 792 1501 825 sunt,
1527 785 1590 831 qui

61 870 104 874 .-
127 854 278 883 onerent
297 853 331 878 et
345 849 503 890 ponant.
530 841 654 885 (Recte
673 848 757 870 vero
779 834 920 868 Iahnius
945 834 989 866 ad
1018 836 1104 865 Aen.
1125 833 1169 873 V,
1194 832 1293 867 342:
1339 833 1462 873 „Quae
1486 833 1589 876 Hey-

61 897 138 930 nius
168 896 211 928 de
230 891 379 926 formula
405 897 493 922 sunt
528 887 590 933 qui
620 885 799 930 disputat,
841 894 987 915 monens
1019 880 1181 913 Ciceroni
1214 879 1249 912 in
1282 879 1336 911 his
1365 880 1589 913 scribendum

62 981 172 1020 niam
204 978 245 1015 L.
286 986 470 1014 numero.
521 968 628 1023 (vid.
671 969 718 1008 V.
753 969 795 1007 L.
855 967 945 1004 foco
981 964 1081 1016 ignis
1122 963 1282 1001 incendi
1325 963 1466 1001 solitus
1509 963 1591 1001 sit'?

69 1038 189 1086 VVr.)
219 1032 457 1089 (respexisse
480 1034 598 1082 poeta
624 1032 798 1079 putatur
855 1025 946 1062 Non
1002 1035 1095 1060 sane
1149 1022 1308 1074 frigoris
1365 1021 1592 1073 depellendi

65 1096 208 1148 odyss.
232 1110 271 1145 η,
298 1092 378 1134 105
403 1103 461 1140 sq.
485 1088 534 1126 de
556 1085 714 1126 Alcinoi
731 1098 798 1123 re-

66 1155 149 1207 gia,
182 1152 296 1190 cuius
329 1147 564 1188 convivium
605 1143 800 1197 expressit

65 1215 104 1252 in
127 1224 234 1262 seqq.
267 1223 319 1247 ex
346 1207 493 1259 Odyss.
515 1209 560 1255 θ,
583 1205 638 1246 57
658 1200 735 1255 sq.)
764 1209 801 1239 et

62 1271 250 1324 flammis
272 1267 431 1305 adolere
446 1266 634 1302 Penates.
670 1261 801 1299 Pena-

68 1337 128 1368 tes
151 1333 222 1366 aut
244 1340 317 1378 pro
337 1324 415 1362 aris
436 1336 482 1360 ao
501 1321 610 1369 focis,
635 1325 706 1357 aut
726 1332 800 1371 pro

68 1389 154 1440 ipso
185 1383 401 1438 penetrali,
444 1380 688 1430 omninoque
726 1390 801 1429 pro

71 1452 191 1484 (tomo
225 1442 351 1496 accipi
383 1445 562 1493 possunt.
624 1437 706 1474 [am
739 1450 803 1473 eos

71 1505 230 1543 adolere
252 1501 446 1554 flammis
479 1497 584 1536 dixit
619 1493 804 1546 Virgilius

73 1562 230 1616 poetico
288 1557 481 1598 orationis
533 1568 666 1602 more,
715 1566 804 1604 pro,

72 1621 255 1660 flammas
275 1617 436 1656 adolere
456 1615 500 1653 in
518 1612 744 1659 Penatibus,
777 1624 807 1648 s.

75 1678 254 1727 aedibus,
284 1676 326 1718 h.
347 1689 380 1716 e.
398 1675 439 1712 in
461 1672 539 1711 aris
558 1671 609 1709 ad
628 1672 807 1708 Penates.

75 1744 124 1777 ut
144 1736 228 1785 VII,
248 1739 299 1777 71
324 1735 447 1772 castis
466 1731 599 1769 adolet
620 1730 719 1767 clam
742 1728 808 1764 al·-

77 1797 183 1835 taria
202 1793 331 1832 taedis
351 1805 426 1845 pro
446 1789 586 1828 taedas
608 1788 651 1826 in
677 1785 808 1831 altari,

78 1852 338 1905 exquisitiore
375 1849 555 1897 ratione,
586 1853 635 1884 ut
662 1844 811 1897 passim

79 1912 186 1961 alibi,
216 1908 509 1958 aslolerefocos
533 1912 573 1944 et
596 1905 683 1942 alia.
714 1900 812 1940 ‘Eo-

85 1971 177 2009 dem
213 1968 336 2007 modo
372 1967 444 2006 Ge.
483 1964 561 2013 IV,
592 1965 687 2005 378.
728 1962 811 2002 379

83 2027 322 2068 Panchaeis
370 2024 603 2062 adolescunt
651 2019 814 2072 ignibus

82 2101 206 2125 arae.-
239 2084 282 2126 h.
308 2097 340 2124 e.
370 2089 464 2121 tura
488 2081 530 2119 in
562 2079 640 2117 aris
672 2077 814 2116 adole-

83 2149 203 2183 scunt
233 2143 298 2182 vel
340 2140 498 2179 ardent.
546 2137 647 2191 (vid.
679 2143 814 2174 tamen

83 2203 139 2241 ibi
160 2203 253 2244 Not,
281 2197 401 2252 I‘Vr.)
463 2197 628 2245 Statius,
661 2195 729 2247 qui
749 2201 817 2232 to—

84 2268 174 2299 tum
194 2260 235 2298 h.
254 2260 280 2298 1.
308 2256 525 2310 expressit,
558 2254 648 2303 sed,
678 2259 726 2292 ut
755 2267 819 2290 so-

85 2319 162 2367 let,
194 2318 245 2355 ad
272 2316 481 2355 fastidium
503 2326 629 2365 usque
660 2311 819 2365 produ—

89 2376 161 2413 ctis
192 2376 354 2426 singulis
393 2387 531 2412 reruni
562 2370 776 2409 momentis
805 2369 821 2406 I

89 2433 214 2472 Theb.
239 2434 321 2474 512
341 2445 438 2482 sqq,
468 2431 541 2468 ait:
573 2428 819 2479 adolereso-

91 2507 180 2540 cos,
216 2491 437 2541 epulasque
463 2497 631 2526 recentes
660 2491 820 2525 instan-

92 2565 203 2597 rare,
270 2547 388 2585 iubel.
492 2548 662 2584 Adolere
699 2546 823 2598 socos

93 2608 214 2646 etiam
234 2606 351 2644 Silius
373 2604 477 2642 dixit
498 2605 567 2653 XI,
589 2606 673 2645 278
695 2604 736 2641 in
759 2603 822 2640 lo*

95 2681 154 2715 co,
187 2665 253 2716 qui
274 2670 314 2701 et
334 2664 416 2714 ipse
439 2676 487 2699 ex
509 2669 648 2700 nostro
672 2668 731 2699 est
750 2661 825 2698 ad—

94 2724 324 2771 umbratus3
357 2720 466 2770 quod
498 2720 574 2757 iam
605 2717 697 2757 ante
729 2720 827 2757 Cer-

97 2783 189 2820 dam
206 2780 310 2819 vidit
337 2779 588 2829 Pomponius.
649 2779 729 2816 Iam
753 2792 827 2816 au-

97 2848 178 2879 tem
209 2851 395 2890 quaeras,
428 2850 641 2886 quorsum,
673 2837 713 2873 in
744 2836 828 2875 vita

98 2898 237 2950 utiquc
262 2895 445 2942 heroica,
479 2894 585 2931 inter
620 2895 755 2945 epulas
788 2895 825 2932 in

858 1096 1017 1131 caussa;
1048 1094 1122 1118 nec
1157 1081 1207 1118 ad
1237 1094 1378 1118 carnes
1413 1093 1593 1131 coquen-

859 1142 959 1180 das:
1028 1153 1173 1178 verum
1229 1145 1449 1191 perpetuus
1508 1139 1591 1186 ille,

859 1200 977 1237 etiam
1002 1211 1074 1250 per
1094 1199 1279 1247 sequiora
1302 1204 1498 1249 tempora,
1525 1209 1594 1234 re-

858 1258 1019 1310 ligiosus
1041 1271 1126 1294 mos
1147 1257 1235 1305 suit,
1257 1262 1303 1294 ut
1326 1257 1367 1294 in
1388 1256 1496 1293 festis
1522 1255 1596 1293 sal-

861 1324 943 1355 tem
969 1315 1095 1366 epulis
1117 1315 1231 1352 focus
1256 1315 1334 1366 igni
1356 1314 1521 1362 luceret,
1554 1314 1596 1351 in

863 1376 1032 1413 deorum
1062 1373 1203 1424 utique
1231 1372 1443 1422 honorem,
1468 1372 1597 1410 Pena-

863 1434 967 1472 tium
990 1432 1164 1470 maxime
1186 1432 1250 1470 vel
1280 1432 1393 1470 Genii
1426 1431 1491 1469 vel
1521 1431 1599 1467 La-

862 1493 939 1541 ris3
970 1492 1072 1528 sacta
1106 1504 1267 1541 quoque
1302 1492 1342 1527 in
1378 1491 1513 1528 focum
1548 1489 1595 1527 li-

864 1550 1024 1588 batione
1049 1549 1148 1597 vini,
1180 1562 1250 1587 seu
1280 1555 1372 1586 ture
1398 1553 1601 1597 cremat03

864 1608 1027 1647 heroica
1038 1608 1122 1645 vita
1134 1607 1250 1644 etiam
1264 1607 1394 1644 carnis
1406 1605 1601 1658 prosectis

864 1668 907 1705 in
920 1669 1051 1718 ignem
1062 1666 1230 1704 iniectis.
1260 1666 1312 1702 De
1324 1671 1413 1703 ture
1429 1670 1602 1703 testatur

867 1727 978 1764 locus
991 1738 1010 1762 e
1023 1725 1092 1765 Ge.
1108 1724 1171 1773 IV,
1184 1726 1279 1765 378.
1294 1726 1376 1766 379
1390 1723 1601 1761 excitatus.

869 1785 913 1822 In
944 1782 1182 1835 explicando
1209 1796 1298 1820 voc.
1340 1783 1498 1819 adolere
1524 1795 1604 1819 nu—

869 1848 1018 1895 gantur
1028 1841 1301 1879 Grammatici.
1319 1840 1490 1878 Videtur
1504 1840 1605 1878 olere

871 1901 919 1938 ab
951 1900 1064 1938 initio
1093 1900 1256 1937 omnino
1289 1899 1497 1937 notionem
1529 1911 1606 1935 au-

871 1958 989 2011 gendi
1026 1957 1233 2007 habuisse,
1274 1957 1343 1996 sed
1384 1956 1607 1995 substitisse

871 2017 1035 2056 tandem
1072 2017 1115 2054 in
1151 2031 1234 2054 uno
1275 2029 1414 2054 rerum
1452 2027 1607 2067 genere,

874 2076 984 2128 quod
1013 2076 1307 2113 incrementum
1347 2073 1470 2112 habet
1509 2087 1609 2111 con-

874 2135 1059 2182 tinuum,
1093 2147 1162 2171 seu
1191 2133 1301 2184 quod
1331 2133 1608 2180 continuatur,

877 2194 1028 2231 scilicet
1046 2193 1229 2230 flammae
1250 2191 1291 2228 in
1309 2191 1449 2230 fomite
1472 2189 1609 2229 nutri-

878 2259 962 2301 tae,
994 2251 1102 2289 unde
1137 2251 1296 2288 adolere
1320 2256 1379 2288 est
1414 2261 1610 2297 cremare,

879 2317 968 2348 tum
991 2310 1090 2348 sumi
1120 2316 1160 2347 et
1193 2307 1328 2346 odoris
1358 2322 1407 2345 ex
1439 2312 1613 2345 cremata

879 2369 1066 2406 victimae
1100 2380 1220 2405 carne
1253 2369 1317 2405 vel
1348 2374 1462 2416 ture3
1503 2364 1612 2403 unde

880 2428 980 2464 olere
1004 2432 1063 2463 est
1085 2426 1251 2464 odorem
1273 2426 1465 2463 emittere.
1499 2424 1614 2462 Non-

882 2485 991 2523 nulla
1023 2485 1072 2522 de
1099 2483 1161 2521 his
1182 2484 1262 2521 iarn
1284 2483 1325 2520 in
1354 2484 1534 2521 Perizon.
1564 2480 1616 2519 ad

882 2546 1018 2584 Sanct.
1054 2557 1091 2594 p.
1122 2543 1205 2584 757
1238 2555 1451 2579 occurrere
1483 2540 1615 2578 video.

884 2601 985 2656 (vid.
1006 2607 1143 2638 tamen
1161 2599 1242 2637 Not
1276 2599 1327 2636 ad
1352 2600 1420 2637 Ge.
1441 2599 1506 2648 IV,
1519 2601 1616 2640 379.

891 2658 1010 2712 IVJ.)

944 2718 1040 2760 705.
1059 2719 1156 2759 706.
1188 2715 1379 2753 Ducentis
1396 2714 1479 2751 aliis
1497 2713 1620 2750 mini-

887 2776 1054 2814 sterium
1075 2775 1226 2826 dapum
1245 2779 1284 2810 et
1304 2773 1386 2811 vini
1411 2786 1621 2824 apponen-

889 2835 927 2872 di
949 2833 1200 2871 mandatum.
1229 2847 1351 2882 pat-cs
1378 2839 1525 2875 aelate,
1552 2830 1622 2867 int.

888 2905 1054 2945 pueros,
1088 2905 1135 2928 ex
1167 2904 1291 2928 more.
1324 2890 1455 2927 valer.
1488 2888 1546 2926 Fl.
1576 2887 1623 2935 ΙΙ,
