1827 3436
432 235 849 289 AENEmos
890 236 1037 284 ΜΒ.
1078 236 1142 297 11,
1183 239 1476 286 650—664
1621 243 1719 289 359

196 372 355 418 Mene
382 364 581 414 efferre
603 363 832 429 pedem,
870 361 1108 426 genitor,
1140 370 1190 409 te
1212 376 1370 426 posse
1391 360 1580 409 relicto

199 436 464 503 Sperasti?
500 442 820 500 tantumque
844 430 994 481 nefas
1020 432 1191 497 patrio
1221 430 1413 479 excidit
1435 436 1564 480 ore?

197 508 251 555 Si
278 504 409 554 nihil
437 521 497 553 ex
519 512 661 552 tanta
685 504 905 569 Superis
923 501 1097 568 placet
1117 501 1254 550 urbe
1276 500 1526 566 relinqui,

193 579 261 626 Et
301 574 455 624 sedet
497 573 603 623 hoc
650 574 856 635 animo,
915 571 1297 638 perituraeque
1339 569 1540 620 addere
1584 573 1720 619 Tro-

986 642 1067 691 iae
1618 646 1719 692 660

196 718 387 781 Teque
409 722 642 780 tuosque
665 714 831 764 iuvat:
868 720 1015 778 patet
1041 711 1122 760 isti
1144 711 1298 759 ianua
1318 709 1455 771 leto;

193 788 418 851 Iamque
453 783 623 833 aderit
652 783 828 832 multo
854 782 1050 832 Priami
1090 781 1158 830 de
1189 781 1445 845 sanguine
1471 778 1719 843 Pyrrhus,

195 857 430 906 Gnatum
457 863 578 904 ante
613 870 704 903 ora
738 853 926 921 patris,
966 860 1178 919 patrem
1215 852 1306 917 qui
1339 851 1623 900 obtruncat
1654 848 1718 897 ad

986 938 1111 973 aras.

193 997 310 1044 Hoc
333 1002 461 1058 erat,
496 992 632 1042 alma
651 1009 861 1059 parens,
901 991 1052 1059 quod
1071 1008 1162 1041 me
1186 1007 1284 1057 per
1305 989 1426 1053 tela,
1465 1005 1563 1055 per
1586 988 1719 1052 ignis

264 1093 379 1140 663.
415 1090 615 1138 NATUM

241 1216 310 1251 657
337 1217 448 1248 Mene
460 1213 568 1261 ferre
585 1213 719 1247 Zulich.
742 1219 779 1245 et
808 1225 862 1258 pr.
892 1213 1061 1246 Rottend.
1112 1221 1147 1245 et
1165 1210 1274 1257 serre
1300 1209 1450 1252 Medic„
1476 1211 1570 1254 quod
1594 1216 1629 1243 et
1653 1210 1719 1243 ad-

195 1261 338 1307 scripsit
361 1261 573 1306 Pomponius
592 1261 672 1293 Sab.
769 1261 837 1296 659
873 1273 917 1293 ex
939 1269 1019 1293 tota
1043 1260 1189 1293 Oudart.
1217 1271 1236 1291 a
1256 1270 1301 1290 m.
1324 1269 1392 1290 sec.
1442 1258 1511 1293 660
1530 1259 1720 1303 periturae

194 1318 233 1342 te
259 1309 397 1342 addere
419 1320 472 1352 pr.
493 1309 623 1340 Moret.
722 1307 788 1341 661
816 1309 867 1339 Te
884 1319 1036 1352 quoque,
1074 1319 1215 1351 nosque
1242 1306 1348 1338 iuvat
1374 1305 1500 1336 Donat.
1517 1304 1646 1348 legisse
1664 1304 1719 1336 vi-

195 1356 311 1388 detur.
362 1356 463 1388 iuvet
482 1367 536 1400 pr.
557 1354 724 1387 Rottend.
767 1355 851 1387 istic
871 1353 1013 1397 plurimi
1033 1354 1136 1387 codd.
1159 1352 1252 1397 apud
1272 1352 1361 1384 Pier.
1384 1358 1420 1384 et
1441 1353 1622 1384 Burmann.
1643 1363 1718 1384 cum

197 1402 288 1435 binis
311 1402 422 1435 Goth.
447 1409 483 1434 et
504 1401 558 1434 ed.
582 1400 729 1433 Mediol.
778 1400 854 1433 illic
880 1400 935 1433 ed.
964 1402 1053 1434 ven.
1148 1400 1218 1435 662
1245 1399 1412 1443 Namque
1428 1398 1600 1431 Montalb.
1647 1398 1718 1431 ad—

196 1457 278 1482 erat
306 1448 440 1482 Zulich.
489 1449 632 1481 Priami
660 1447 776 1481 multo
809 1447 914 1480 Leid.
941 1455 975 1480 et
1005 1446 1112 1481 Witt.
1138 1454 1174 1480 et
1203 1446 1355 1479 Pieriani
1383 1445 1551 1478 nonnulli.
1602 1445 1718 1477 multo

194 1496 403 1529 maculatus
437 1496 622 1540 sanguine
649 1496 737 1527 Ven.
843 1495 912 1530 663
944 1503 1100 1539 gnatum
1139 1494 1248 1539 (quod
1277 1492 1458 1532 revocavi3
1500 1492 1568 1525 vid.
1598 1494 1640 1532 Q.
1674 1493 1717 1524 V.

192 1543 401 1583 XXXVIII,
427 1544 460 1578 1.
491 1542 585 1584 Wr.)
611 1542 769 1574 scribunt
784 1540 926 1585 plurimi
947 1554 1002 1585 ap.
1022 1541 1114 1574 Pier.
1133 1547 1169 1573 et
1192 1540 1312 1573 Heins.
1334 1546 1369 1572 et
1391 1551 1471 1572 mox
1488 1548 1716 1585 patremque.

193 1589 303 1634 (quod
322 1589 430 1622 nolim
451 1601 470 1621 a
489 1588 610 1622 Iahnio
631 1588 814 1633 praeferri.
858 1588 915 1621 Sic
934 1588 1110 1621 interdum
1131 1588 1194 1633 qui
1217 1588 1253 1619 in
1271 1600 1339 1632 que
1361 1593 1543 1626 mutatum,
1570 1585 1629 1618 ubi
1647 1586 1717 1618 duo

192 1635 354 1678 nomina,
382 1642 420 1668 ut
437 1636 471 1669 h.
493 1635 517 1668 l.
537 1643 693 1681 gnatum
717 1642 753 1667 et
765 1643 931 1681 patrem,
956 1635 1053 1679 iungi
1072 1635 1226 1668 librariis
1252 1634 1480 1673 videbantur3
1507 1640 1544 1665 ut
1564 1644 1670 1676 supra
1693 1633 1717 1673 l,

196 1684 295 1718 109.:
320 1686 435 1724 „Saxa
456 1690 584 1715 vocant
603 1682 704 1724 Itali,
730 1693 785 1715 me
804 1681 871 1714 diis
892 1694 979 1727 quae
1008 1683 1044 1714 in
1066 1682 1248 1722 fluctibus,
1282 1684 1420 1720 Aras;“
1458 1680 1517 1713 ubi
1541 1679 1576 1712 in
1599 1679 1716 1712 multis

192 1730 297 1764 codd.
320 1737 376 1762 es'c
400 1730 615 1774 mediisque,
651 1729 697 1762 ob
719 1741 812 1762 saxa
905 1733 1016 1762 Ara-5.
1047 1729 1141 1773 JVr.)
1183 1729 1246 1773 qui
1267 1726 1458 1761 obtruncet
1474 1727 1717 1759 Maronianum

193 1788 283 1818 esse,
307 1784 405 1809 notat
422 1776 542 1809 Heins.
566 1782 602 1808 et
623 1776 689 1809 hoc
710 1775 857 1808 exhibet
877 1776 1021 1810 Mentel.
1039 1789 1093 1821 pr.
1116 1789 1136 1809 a
1159 1788 1205 1808 m.
1226 1787 1279 1820 pr.
1320 1774 1424 1807 facile
1452 1780 1569 1807 tamen
1590 1785 1631 1806 eo
1654 1786 1716 1806 ca·-

191 1835 271 1856 rere
289 1835 490 1868 possumus:
516 1835 593 1856 cum
610 1822 695 1856 alibi
714 1829 874 1856 notatum
893 1823 959 1855 iam
984 1823 1049 1863 sit,
1084 1830 1225 1867 poetam
1246 1822 1337 1854 hanc
1360 1828 1558 1866 temporum
1582 1827 1616 1852 et
1637 1832 1716 1853 mo·-

192 1870 316 1903 dorum
334 1870 566 1903 subtilitatem
588 1869 749 1903 Ciceroni
768 1869 979 1914 relinquere.
1024 1870 1143 1912 Quid?
1169 1869 1263 1914 quod
1286 1875 1320 1901 et
1340 1868 1407 1901 vim
1431 1869 1539 1900 habet
1561 1867 1715 1901 obtrun-

192 1926 263 1958 cat,
289 1917 347 1962 qui
367 1917 460 1950 solet
479 1917 699 1950 obtruncare.
750 1918 829 1962 (qui
848 1916 1041 1950 obtruncet
1061 1925 1097 1950 et
1129 1919 1192 1963 qui
1221 1915 1416 1949 obtruncat
1437 1915 1583 1947 multum
1605 1914 1716 1946 disse—-

193 1971 291 2005 runt,
314 1976 426 2008 neque
455 1963 600 1996 alterum
629 1963 874 1996 Maronianum
901 1971 973 2007 est,
1017 1964 1165 1997 alterum
1194 1962 1476 2001 Ciceronianum3
1509 1974 1623 2006 neque
1651 1960 1715 1994 ob—

194 2018 345 2043 truncat
374 2011 487 2043 valet:
537 2011 822 2043 obtruncare
860 2011 1009 2051 solet;
1055 2012 1124 2045 vid.
1160 2012 1248 2043 Not.
1274 2009 1318 2042 ad
1346 2012 1431 2041 Aen.
1464 2011 1496 2049 1,
1528 2010 1586 2043 99.
1618 2008 1714 2050 er.)

194 2056 264 2092 664
291 2059 412 2090 Hoc-ce
432 2058 557 2090 Moret.
578 2069 630 2101 pr.
652 2063 688 2089 et
707 2064 788 2090 tert.
810 2069 829 2090 a
847 2070 882 2090 m
912 2070 981 2091 sec.
1030 2061 1075 2090 At
1094 2058 1176 2090 olim
1195 2057 1324 2089 lectum
1343 2055 1451 2088 fuisse
1472 2056 1560 2089 hoec
1579 2062 1715 2088 testan-

194 2110 250 2135 tur
272 2104 516 2145 Grammafici,
551 2103 745 2137 Priscianus
769 2103 899 2148 aliique
930 2117 985 2149 ap.
1007 2106 1098 2138 Pier.
1123 2112 1159 2137 et
1188 2104 1322 2144 Heius„
1358 2103 1454 2147 quod
1481 2109 1517 2135 et
1547 2102 1714 2134 exhibent

192 2150 365 2184 Montalb.
384 2150 491 2185 Witt.
514 2158 548 2183 et
569 2151 623 2183 ed.
642 2151 787 2183 Mediol.
822 2151 975 2194 (videtur
1003 2152 1072 2185 hoc
1101 2164 1176 2184 esse
1202 2151 1381 2183 inventum
1401 2148 1713 2182 Grammaticorum

194 2196 239 2228 de
258 2204 369 2229 metro
391 2196 640 2236 sollicitorum3
665 2196 736 2230 vid.
757 2209 846 2230 nunc
872 2198 976 2231 etiam
1006 2202 1148 2232 Santen.
1179 2198 1223 2230 ad
1253 2198 1398 2230 Terent.
1428 2197 1538 2229 Maur.
1568 2209 1602 2240 p.
1631 2196 1712 2230 253.

194 2254 271 2287 sqq.
298 2243 388 2276 adde
413 2244 456 2277 V.
478 2244 517 2276 L.
541 2244 584 2276 ad
604 2243 677 2277 Ecl.
694 2245 752 2286 111,
780 2244 815 2279 5.
841 2247 926 2277 Aen.
948 2247 1009 2288 IV,
1033 2247 1090 2280 22.
1115 2246 1178 2285 XI,
1205 2245 1258 2279 16.
1309 2245 1390 2276 Hoc
1413 2243 1521 2275 breve
1545 2254 1621 2275 esse
1641 2242 1714 2275 vult

196 2289 303 2322 etiam
324 2291 472 2335 Interpr.
493 2293 531 2323 A.
551 2290 635 2323 Maii
656 2291 701 2323 ad
722 2291 756 2323 h.
776 2291 799 2324 l.
831 2292 929 2335 Wr.)
976 2305 1045 2339 per
1071 2292 1197 2325 hostes
1218 2292 1306 2324 Ven.
1326 2296 1362 2323 et
1379 2289 1538 2322 Parrhas.

191 2385 290 2422 lutis
319 2384 386 2423 via
419 2391 460 2422 et
486 2385 591 2423 ratio
624 2391 850 2437 supererat,
891 2386 924 2423 si
983 2386 1067 2425 neri
1090 2386 1250 2437 poterit.
1311 2384 1460 2423 Similia
1482 2384 1569 2422 loca
1590 2398 1630 2425 v.
1649 2398 1710 2436 ap.

191 2449 307 2494 pater
338 2443 450 2494 fugae
479 2456 610 2481 comes
643 2457 726 2481 esse
750 2444 923 2482 nolebat.
983 2444 1164 2482 Cerdam.
1224 2443 1334 2482 Idem
1370 2442 1480 2493 quod
1508 2441 1590 2484 645
1628 2444 1711 2492 ipse

250 2502 333 2543 657
357 2514 441 2551 sqq.
476 2501 540 2538 Ad
581 2507 736 2552 patrem
767 2500 923 2539 Anchi-

192 2570 262 2595 sen
300 2572 517 2597 conversus
550 2558 650 2597 haec
677 2559 787 2597 dicit.
847 2558 921 2597 Af-

192 2615 320 2654 fectus
368 2622 466 2654 nota
506 2617 725 2669 impetum,
782 2617 922 2668 pulcre

193 2684 425 2724 expressum
460 2674 642 2726 abruptis
678 2675 799 2713 etiam
827 2688 922 2713 sen-

193 2731 338 2769 tentiis.
398 2740 554 2769 tanlum
581 2734 724 2783 nesae,
755 2740 803 2771 ut
828 2747 922 2771 sua-

194 2785 308 2825 deret
339 2801 424 2826 rem
453 2795 536 2827 tam
557 2791 762 2829 nefariam.
823 2793 920 2832 661.

185 2852 301 2893 pacet
328 2847 396 2882 isti
421 2848 550 2884 ianua
575 2849 674 2896 leto,
719 2848 770 2885 ad
800 2848 922 2886 talem

193 2906 364 2962 mortem
405 2903 454 2940 ab
497 2903 612 2942 hoste
649 2905 920 2957 accipiendam

194 2970 260 2994 via
289 2964 400 3009 patet
410 2973 420 3008 5
460 2972 502 2998 ea
537 2975 646 3001 mors
676 2963 792 3001 facile
812 2963 921 3002 obti-

979 2517 1106 2540 manu
1144 2511 1308 2540 mortem
1343 2503 1562 2538 inveniam.
1613 2496 1710 2553 (sed

981 2560 1065 2599 vid.
1105 2560 1151 2600 V.
1191 2561 1233 2598 L.
1273 2560 1326 2597 ad
1360 2573 1418 2597 VS.
1455 2558 1551 2600 645.
1597 2556 1708 2611 Wr.)

981 2621 1078 2660 662.
1114 2620 1208 2659 663.
1249 2617 1412 2655 Refellit
1437 2617 1512 2653 ista
1549 2630 1585 2654 v.
1615 2617 1709 2657 645.

980 2676 1064 2718 646
1085 2675 1330 2713 miserebitur
1356 2675 1480 2712 hostis
1505 2679 1580 2712 etc.
1600 2674 1709 2710 mul—

980 2743 1018 2772 to
1040 2734 1088 2771 de
1107 2736 1321 2785 sanguine,
1350 2746 1441 2771 cum
1462 2732 1612 2769 dilectu
1633 2745 1709 2781 po-

981 2792 1102 2829 situm
1133 2790 1368 2842 epitheton,
1417 2803 1535 2841 quem
1569 2788 1710 2826 effudit

980 2849 1064 2887 sine
1089 2849 1199 2886 omni
1229 2849 1331 2886 senis
1359 2847 1634 2895 miseratione,
1668 2852 1708 2882 et

980 2909 1065 2949 663
1101 2906 1266 2958 respicit
1307 2921 1393 2958 sup.
1429 2920 1469 2944 v.
1503 2907 1585 2946 529
1623 2917 1706 2953 sqq.

980 2962 1045 3016 (hi
1070 2978 1148 3003 vss.
1170 2963 1254 3007 664
1270 2987 1316 2994 ———
1335 2967 1402 3006 67.
1432 2962 1604 3014 primum
1630 2974 1702 2998 no-
