1779 3420
64 234 169 284 950
400 230 456 278 P.
494 225 861 278 VIRGILII
896 221 1278 274 MARONIS

66 364 377 425 Purpure03
416 353 702 420 solemque
725 369 906 415 suum,
946 367 1037 400 sua
1061 349 1234 399 sidera
1257 358 1473 399 norunt.

67 434 196 481 Pars
220 430 274 479 in
297 426 586 492 gramineis
608 431 857 474 exercent
876 421 1125 470 membra
1151 421 1450 487 palaestris3

71 498 429 552 Contendunt
454 495 612 558 ludo,
652 503 705 543 et
725 492 870 542 sulva
893 492 1163 541 luctantur
1189 508 1375 553 arena3

69 575 196 622 Pars
216 568 447 636 pedibus
471 564 738 632 plaudunt
768 563 1019 625 choreaS,
1060 570 1112 611 et
1141 562 1373 610 carmina
1405 559 1601 611 dicunt.

69 646 182 694 Nec
204 655 318 689 non
345 636 625 688 Threicius
646 634 806 697 longa
829 649 952 682 cum
970 640 1118 681 veste
1142 631 1393 680 sacerdos
1501 634 1603 684 645

74 710 406 778 Obloquitur
427 706 667 756 numeris
690 712 900 770 septem
925 702 1229 752 discrimina
1252 716 1475 762 vocum3

168 877 234 912 641
260 872 499 908 Dis-tinctione
525 870 677 912 sublata,
703 869 888 915 solemque
912 880 1019 902 suam
1043 879 1115 901 saa
1139 868 1266 901 sidera
1291 876 1453 909 norunt,
1483 866 1608 900 scribit

74 924 233 965 Wakef„
266 928 305 955 ut
327 921 374 955 sit
399 931 469 953 saa
494 919 620 951 sidera
644 925 785 951 norant
811 917 922 950 solem
949 928 1066 950 suum.
1113 927 1203 960 quae
1229 927 1299 947 non
1325 915 1411 948 satis
1438 926 1608 959 assequor

76 986 94 1006 e
118 977 237 1005 mente
266 968 407 1014 quidem
433 972 611 1006 veterum3
636 977 715 997 uam
742 965 787 997 ad
816 964 919 1009 Popii
943 975 1103 998 sensum:
1131 963 1206 995 and
1234 964 1338 996 otlzer
1358 963 1512 1009 planet-³
1533 961 1612 995 roll

75 1019 197 1053 round
224 1018 329 1050 other
353 1027 444 1048 suns
469 1015 498 1046 si
523 1013 723 1058 acciperes:
759 1011 948 1052 maiorem,
976 1023 1079 1057 quam
1112 1010 1173 1043 illa
1195 1010 1343 1051 habuit,
1380 1018 1413 1043 et
1439 1009 1609 1042 subtilio—

74 1079 151 1101 rem
177 1065 373 1098 doctrinam
390 1062 568 1094 tribueres
594 1059 810 1105 antiquitati.
847 1059 961 1093 Multo
987 1058 1098 1092 minus
1123 1058 1228 1091 talem
1254 1070 1394 1090 sensum
1421 1064 1609 1101 exspecta-

74 1126 132 1147 res
156 1113 191 1146 in
216 1112 295 1145 loco
323 1109 460 1144 Manilii
486 1110 528 1149 II,
555 1108 636 1149 776,
663 1108 723 1140 ubi
747 1106 845 1140 silvis
879 1106 990 1140 caesis
1016 1106 1052 1139 in
1089 1105 1169 1138 loco
1195 1105 1365 1139 aedificiis
1391 1103 1610 1137 exstruendis

76 1161 239 1195 addicto:
267 1159 460 1203 saltusque
483 1157 625 1190 vetusti
648 1153 922 1196 Procumbunt,
957 1154 1140 1198 solemque
1172 1164 1327 1194 novum,
1361 1165 1461 1185 nova
1486 1152 1611 1187 sidera

76 1216 254 1248 cernunt,
280 1204 491 1239 seutentiam
518 1203 664 1236 eandem
689 1203 805 1236 locum
842 1202 990 1235 habere:
1024 1201 1141 1234 sidera
1166 1212 1310 1233 cernere
1335 1211 1462 1233 novum
1487 1199 1610 1232 solem.

76 1256 145 1291 642
171 1262 314 1288 exercet
338 1252 438 1285 multi
462 1250 584 1285 Heius.
616 1259 650 1284 et
674 1252 788 1283 Burm.
815 1250 905 1294 (cum
931 1251 965 1284 7.
991 1250 1024 1283 9.
1053 1250 1128 1287 10.;
1167 1254 1202 1280 et
1232 1248 1300 1281 hoe
1322 1249 1476 1280 sortasse
1501 1258 1611 1291 prae..

76 1302 278 1341 ferendum,
312 1300 382 1333 vid.
421 1301 463 1340 Q.
490 1300 534 1333 V.
563 1300 667 1341 VIII,
691 1298 726 1338 4,
752 1298 807 1337 b.;
845 1305 1015 1329 exercent
1040 1304 1154 1328 tamen
1180 1295 1311 1339 legitur
1338 1295 1443 1327 etiam
1469 1295 1504 1327 in
1531 1295 1611 1326 Me-

77 1350 145 1384 dic.
176 1356 212 1382 et
234 1349 358 1391 fragm.
384 1348 500 1381 Vatic.
529 1347 627 1389 lVr.)
712 1343 783 1380 644
796 1343 942 1388 fidibus
960 1344 1155 1389 plaudunt
1180 1344 1316 1386 Hagen.
1344 1354 1408 1387 pro
1435 1354 1506 1374 var.
1528 1341 1610 1375 lect.

73 1396 232 1446 pedibus
256 1395 439 1429 claudant
472 1394 600 1427 Medic.
627 1405 646 1426 a
671 1405 716 1426 m.
742 1404 808 1436 pr.,
851 1391 1001 1425 ridiculo
1037 1390 1151 1434 lapsu.
1201 1403 1231 1423 c.
1267 1391 1409 1424 ducunt
1441 1388 1611 1423 Rottend.

78 1458 132 1491 pr.
157 1457 176 1478 a
200 1457 244 1478 m.
271 1455 325 1488 pr.
351 1449 387 1475 et
411 1443 493 1476 Exc.
519 1443 706 1475 Burmann.
733 1452 753 1473 a
777 1452 822 1474 m.
848 1451 918 1472 sec.
968 1439 1095 1474 dicant
1124 1437 1215 1471 Gud.

80 1576 228 1629 Elysio.
276 1573 406 1627 ’Όψει
428 1590 469 1615 τε
493 1577 584 1626 φῶς
602 1570 819 1614 κάλλιστον

82 1632 213 1686 ὥςπερ
272 1630 425 1674 ἐνθάδε
468 1631 675 1684 Aristoph‚
715 1632 816 1669 Rau.

86 1695 178 1737 155.
189 1694 285 1734 457.
301 1694 436 1730 lumen
444 1705 710 1743 purpureum,
724 1689 818 1741 pul-

83 1765 222 1799 crum,
254 1757 302 1788 ut
331 1764 419 1801 sup.
450 1750 480 1798 I,
512 1752 609 1792 591.
669 1749 818 1785 solem-

84 1824 160 1862 que
193 1823 326 1846 suzam.
369 1809 413 1846 in
442 1807 607 1846 Pindari
635 1807 724 1844 loco
755 1806 818 1842 al-

83 1874 170 1906 tero
187 1873 248 1905 est
267 1866 346 1915 Sol,
379 1866 459 1917 qui,
490 1867 532 1903 in
561 1871 701 1903 nostro
724 1864 820 1902 orbe

86 1925 293 1975 occidens,
326 1924 375 1962 ad
400 1924 529 1962 infera
547 1923 634 1961 loca
651 1935 821 1975 progre-

86 1985 221 2034 ditur,
260 1984 302 2021 in
333 1983 461 2021 altero
490 1982 559 2020 Sol
600 1988 821 2033 perpetuus

86 2049 211 2081 noctu
246 2055 371 2093 aeque
399 2055 445 2079 ac
472 2041 536 2079 die
560 2039 661 2093 (fere
683 2046 731 2078 ut
757 2053 820 2091 ap.

87 2102 172 2141 val.
199 2100 258 2139 FI.
289 2100 317 2149 l,
351 2099 550 2143 844—6.
593 2100 718 2136 donee
747 2099 822 2135 sil-

86 2175 161 2198 vas
189 2167 225 2196 et
264 2173 438 2196 amoena
479 2160 643 2209 piorum
683 2159 824 2195 Deve-

87 2221 224 2266 niunt,
259 2231 521 2269 camposque,
555 2216 627 2254 ubi
648 2216 728 2266 Sol,
761 2224 824 2252 lo—

88 2286 251 2328 tzmzqzce
269 2290 343 2326 per
371 2290 525 2313 annum
547 2276 687 2313 Durat
706 2275 824 2324 apri-

89 2350 138 2372 ca
159 2336 267 2383 (lies,
303 2334 507 2386 illia-siqzae
537 2333 727 2385 chorique
758 2334 824 2369 νί-

90 2404 224 2430 romm
256 2393 552 2443 Cczrinc'nczqzce,
588 2399 625 2428 et
655 2404 826 2443 quorum

86 2451 253 2502 populis
279 2452 366 2487 iam
384 2451 501 2488 nulla
523 2448 708 2502 cupido).
749 2447 827 2486 Sed

92 2515 210 2561 poeta
227 2509 391 2546 suavius
403 2509 537 2545 Solem
550 2508 684 2559 Elysio
698 2521 829 2556 suum,

94 2567 425 2619 praestantiorem
444 2573 542 2618 puta
565 2572 705 2604 nostro
725 2566 829 2614 Sole,

93 2631 141 2664 ut
168 2631 323 2673 cetera,
356 2625 536 2675 assignat.
598 2625 675 2662 Pro
715 2638 830 2661 con]-

94 2683 293 2721 mentm-io
326 2681 465 2720 haberi
495 2689 628 2734 potest
649 2683 831 2719 'selema-

95 2742 195 2780 chus
216 2742 282 2779 lib.
296 2741 408 2779 XIX.
451 2741 561 2779 Inter
579 2741 674 2778 alia:
706 2741 751 2777 ε’
776 2748 832 2776 est

90 2800 226 2852 plt‘c'ldt
258 2815 335 2838 une
355 2800 484 2849 gloire
510 2800 649 2835 cosse-sle
672 2799 738 2849 (μί
756 2812 832 2834 une

95 2861 273 2897 [fundere.
352 2857 542 2895 Imitatur
585 2855 832 2893 Claudianus

98 2922 146 2955 de
164 2919 210 2955 R.
244 2918 284 2956 P.
314 2916 382 2955 lib.
417 2916 461 2965 II,
494 2918 579 2956 282
608 2928 692 2965 sqq.
726 2914 831 2951 conf.

97 2976 237 3014 cerda.
297 2983 466 3023 norunt,
504 2973 665 3022 vident,
699 2971 766 3023 qui
789 2972 831 3010 in

879 1570 1021 1622 Elysiis
1041 1576 1159 1617 sunt,
1192 1569 1354 1608 habent.
1417 1569 1520 1608 Male
1539 1568 1614 1606 ali·

879 1636 942 1668 ter
964 1629 1043 1668 viri
1062 1629 1184 1667 docti.

938 1716 1197 1759 642-644.
1246 1715 1355 1754 Haec
1387 1716 1534 1753 iterum
1565 1713 1617 1752 ad

878 1774 1044 1814 Pindari
1069 1775 1238 1812 ductum
1268 1775 1293 1812 l.
1318 1775 1342 1812 l.
1366 1775 1435 1813 καὶ
1454 1772 1518 1813 τοὶ
1543 1770 1616 1825 μὲν

881 1834 1060 1881 ἱππείοις
1077 1833 1331 1886 γυμνασίοις,
1364 1831 1426 1871 τοὶ
1448 1830 1491 1871 δὲ
1517 1847 1616 1884 φορ-

881 1893 1038 1945 μίγγεσι
1059 1890 1284 1944 τέρπονται.
1319 1891 1517 1942 Expressa
1539 1890 1618 1927 sci-

878 1950 973 1988 licet
995 1952 1081 1988 rita
1107 1951 1277 2001 amiqua
1294 1949 1459 1986 heroum
1484 1948 1618 1985 Grae-

880 2011 994 2056 cc'ae5
1045 2008 1107 2046 uti
1151 2008 1314 2046 omnino
1352 2019 1619 2057 unaquaeque

880 2080 996 2119 genS,
1028 2065 1059 2103 si
1078 2080 1288 2104 recensum
1309 2064 1418 2116 apud
1442 2065 1619 2102 animum

885 2125 1096 2174 instituas,
1147 2125 1254 2163 sicut
1285 2124 1457 2162 aliarum
1483 2136 1620 2161 rerum

884 2184 1108 2222 inferarum
1130 2216 1140 2234 ,
1192 2184 1249 2222 ita
1297 2182 1421 2235 Elysii
1461 2182 1620 2220 beatam

884 2249 1036 2280 sortem
1061 2242 1120 2280 acl
1134 2256 1227 2279 suos
1249 2255 1376 2279 mores·
1400 2240 1621 2292 descripsit,

887 2314 1035 2352 eaque,
1070 2314 1172 2352 quae
1199 2301 1360 2338 beatam
1387 2299 1514 2338 vitam
1546 2312 1619 2336 suo

886 2374 1007 2397 sensu
1037 2359 1362 2407 constituebant,
1405 2371 1450 2396 eo
1483 2363 1622 2395 trans-

886 2418 992 2457 tulit.
1027 2417 1204 2469 pedibus
1214 2417 1423 2469 plaudunt
1445 2416 1622 2464 choreas,

889 2476 1109 2528 elegantius
1150 2490 1272 2526 quam
1307 2475 1488 2524 ducunt,
1540 2473 1624 2511 scil.

890 2550 982 2573 cum
1015 2535 1165 2587 pedum
1197 2535 1363 2586 plausu,
1403 2532 1547 2584 Odyss.
1578 2536 1624 2580 θ,

890 2595 977 2636 264
1010 2593 1231 2646 Πέπληγον
1277 2590 1319 2632 (δὲ
1355 2588 1472 2643 χορὸν
1504 2594 1624 2629 θεῖον

891 2653 1014 2692 ποσίν
1029 2665 1037 2673 ·
1080 2651 1190 2702 quod
1210 2650 1324 2688 Maro
1349 2649 1448 2686 adeo
1470 2648 1625 2700 accepit

891 2708 993 2750 και-οὶ
1025 2707 1172 2761 χορόν,
1214 2722 1295 2746 non
1333 2713 1379 2744 ut
1411 2704 1530 2759 χορός
1550 2719 1625 2758 pro

892 2768 981 2805 loco
1021 2768 1177 2804 dictum
1206 2767 1278 2814 sit,
1323 2772 1368 2803 ut
1397 2765 1492 2803 alibi
1517 2764 1626 2817 apud

891 2825 1115 2863 Homerum
1144 2824 1332 2863 occurrit.

951 2912 1191 2954 645—647.
1222 2912 1389 2950 handus
1420 2916 1507 2949 erat
1529 2909 1626 2948 cho-

892 2972 968 3009 reis
1010 2970 1242 3009 saltantium
1295 2977 1334 3008 et
1376 2970 1628 3007 cantantium
