1779 3420
87 219 188 267 396
493 206 1201 259 EXCURSUSI

86 343 251 395 quidem
285 348 478 393 sequutus
509 354 618 379 eran]
653 339 748 387 hoc,
792 335 903 387 quod
934 335 1096 374 Iunonis
1127 336 1292 387 nuptiae
1328 341 1609 386 argumentum

86 404 198 440 suere
223 401 265 438 in
290 400 430 453 priscis
458 399 602 437 fabuhs
635 394 1024 435 decantatissimum:
1065 408 1104 433 v.
1135 394 1246 432 viros
1274 394 1415 431 doctos
1448 393 1500 431 ad
1526 394 1611 431 He-

86 459 198 512 sych.
228 459 271 497 in
297 456 422 511 Ἱερὰς
449 454 599 510 γάμος,
641 461 680 492 et
717 454 803 492 loca
831 452 998 490 laudata
1033 453 1076 490 in
1110 451 1484 490 Hemsterhuisiana
1513 458 1610 489 nota

86 517 197 570 apud
218 516 532 556 Valckenarium
555 514 605 551 ad
623 512 815 551 AdoniaZ.
840 525 877 562 p.
906 514 1003 554 366.
1030 513 1128 559 367,
1144 517 1184 548 et
1207 524 1337 562 nuper
1354 509 1609 549 Wernsdorf.

86 577 199 614 Tom.
227 575 281 614 IV
299 576 408 614 Poet.
427 574 522 611 min.
553 586 590 623 p.
621 570 716 612 462.
777 569 874 606 Fuit
891 582 1051 620 quoque
1068 568 1176 606 inter
1196 567 1426 621 Epicharmi
1448 574 1609 619 tragoea

86 630 312 686 dias‘'Hrog
327 629 479 686 γάμος,
512 630 586 667 alia
607 628 740 666 Alcaei
759 626 903 666 Athen.
929 625 1037 678 ἱερός
1062 623 1203 679 γάμος.
1263 626 1445 677 Origines
1474 626 1610 664 fabula

86 705 107 730 e
136 693 253 730 Creta
286 691 446 729 duxisse
477 688 668 736 videtur3
707 686 778 724 ubi
814 698 975 736 quoque
1008 684 1084 722 alia
1111 685 1276 735 vestigia
1312 685 1529 722 extabant:
1561 685 1609 722 cf.

85 750 201 788 Diod.
225 749 271 798 V,
293 752 349 791 72
372 748 396 785 l.
426 749 501 796 963
533 751 571 783 et
589 745 773 783 manavit
800 744 905 782 forte
928 757 978 780 ex
1007 743 1084 780 illis
1119 743 1263 781 sabulis
1291 742 1403 780 locus
1436 741 1549 780 Iliad.
1576 743 1608 790 ξ,

85 810 169 851 295
192 821 248 858 sq.
308 806 539 844 Profectum
558 810 617 841 est
637 817 685 840 ex
716 802 884 852 iisdem,
916 801 1027 853 quod
1049 800 1092 838 in
1121 801 1254 839 Schol.
1286 800 1386 839 Ven.
1417 799 1528 838 Iliad.
1562 800 1608 849 A,

86 868 169 908 609
200 864 399 903 occurrit:
429 862 533 900 Iovis
558 868 596 899 et
617 861 781 900 Iunonis
797 873 953 898 amores
975 860 1077 897 clam
1100 873 1172 911 per
1204 859 1298 897 CCC
1328 872 1454 897 annos
1486 871 1610 896 exer-

85 925 185 962 citos
204 923 336 960 fuisse.
396 921 590 958 Fabulam
621 932 781 971 quoque
802 918 945 970 respici
964 924 1064 970 puta
1096 918 1141 955 in
1163 917 1401 956 Theocriteo
1422 916 1510 964 XV,
1542 917 1607 957 64.

85 983 222 1020 omnia
240 987 382 1017 norunt
400 980 599 1028 mulieres,
634 978 702 1019 καὶ
724 976 778 1026 ὥς
797 975 901 1025 Ζεύς
920 971 1093 1030 ἠγάγεθ’
1109 973 1255 1027 ''Haem-
1315 976 1465 1014 Verum
1487 974 1608 1012 inau—

86 1040 171 1078 dita
201 1039 328 1077 forma
356 1043 459 1074 esset
489 1034 701 1087 Ἡραϊκός,
742 1042 782 1074 et
819 1035 868 1073 ab
899 1032 1010 1089 Ἵῖρα
1036 1035 1202 1072 formari
1234 1034 1398 1072 deberet
1425 1032 1607 1085 Ἡραῖος5

85 1104 184 1146 tum,
216 1097 246 1134 si
267 1096 315 1134 de
335 1095 498 1133 Iunonis
520 1095 673 1147 nuptiis
695 1107 856 1132 carmen
877 1093 1030 1145 egisset,
1062 1093 1242 1144 ineptum
1259 1093 1397 1131 suisset
1417 1092 1458 1129 in
1480 1091 1607 1129 altero

85 1170 171 1194 voe.
199 1157 436 1207 Θεογαμιῶν
458 1154 585 1191 latens
605 1166 751 1191 nomen
774 1148 894 1201 θεός;
927 1166 1020 1189 nam
1042 1165 1093 1189 ex
1121 1151 1286 1189 lunonis
1318 1150 1482 1189 nomine
1513 1148 1608 1186 satis

82 1213 338 1264 intelligitur,
387 1213 485 1249 <leae
524 1212 687 1263 nuptias
731 1210 935 1248 celebrari.
998 1210 1223 1261 Corruptos
1259 1222 1418 1260 quoque
1451 1220 1533 1244 esse
1565 1207 1605 1244 in

83 1272 159 1309 hac
182 1285 279 1309 voce
300 1270 446 1308 Suidae
465 1270 643 1320 codices,
672 1269 767 1307 inde
799 1269 978 1320 colligaS,
1011 1268 1120 1319 quod
1151 1267 1349 1316 Eudocia,
1382 1279 1483 1318 quae
1512 1266 1606 1303 Sui-

84 1330 174 1368 dssm
197 1329 424 1380 exscripsit,
455 1342 493 1379 p-
524 1329 603 1370 351
637 1327 833 1381 ἡρωϊκῶν
852 1330 1090 1380 θεογαμιῶν
1116 1327 1275 1377 legerat.
1336 1325 1447 1373 Quid
1470 1323 1606 1375 igitur,

81 1388 234 1438 inquis,
267 1393 384 1440 poeta
414 1387 455 1424 in
481 1385 559 1424 hoc
589 1386 765 1424 carmine
798 1385 1021 1423 tractavit'?
1067 1397 1207 1436 nempe
1240 1381 1424 1437 ήρωϊκᾶς
1455 1387 1607 1436 &seya-

82 1447 198 1499 μίας,
231 1445 273 1483 id
296 1451 375 1495 est,
408 1446 571 1482 deornm
588 1445 834 1496 dearumque
858 1445 1023 1494 nuptias
1043 1457 1134 1480 omn
1162 1442 1347 1480 heroibus
1375 1452 1447 1479 αιιί
1471 1441 1607 1478 heroi-

82 1506 166 1552 nis,
201 1518 271 1541 seu
294 1517 383 1541 cum
407 1503 646 1541 mortalibus
665 1503 762 1541 viris
787 1516 856 1540 seu
885 1501 1067 1551 seminis,
1098 1503 1279 1551 adeoque
1309 1500 1426 1537 etiam
1459 1501 1506 1536 cle
1533 1498 1606 1535 lte—

82 1562 214 1600 roibzcs
241 1576 291 1600 ex
313 1562 399 1600 istis
419 1562 694 1613 congressibus
709 1563 949 1612 prognalls:
983 1559 1168 1609 Hesiodi,
1199 1573 1268 1597 seu
1288 1558 1466 1610 quisquis
1487 1563 1605 1608 poeta

81 1621 146 1658 ille
169 1621 266 1670 fuit,
303 1620 505 1672 exemplo,
538 1620 669 1671 quiin
691 1625 871 1656 extrema
902 1624 1017 1669 parte
1046 1618 1285 1668 lheogoniae
1323 1623 1362 1654 et
1391 1616 1432 1653 in
1463 1615 1606 1652 lzvroo—

78 1680 234 1730 gorzia,
277 1679 390 1717 cuius
431 1683 589 1729 partem
630 1678 886 1729 superstitem
923 1676 1139 1724 habemus,
1178 1675 1285 1713 idem
1323 1680 1603 1725 argumentum

82 1743 328 1775 versaverat.
387 1736 515 1774 Fuere
545 1749 706 1787 quoque
740 1732 789 1774 ‘m'
815 1732 1039 1787 θεογάμια,
1071 1734 1218 1771 festum
1249 1739 1288 1770 et
1312 1733 1417 1770 ludi:
1458 1731 1604 1769 Pollux,

83 1795 111 1842 l,
148 1798 183 1843 1,
215 1798 269 1836 37
313 1790 451 1847 Κόρης
479 1791 526 1834 τὰ
559 1790 669 1845 παρὰ
698 1789 962 1840 Σικελιώταις
990 1789 1196 1845 Θεογάμια
1223 1790 1290 1832 καὶ
1319 1785 1602 1841 Ἀνθεστήρια.

83 1852 229 1890 Eadem
250 1853 290 1890 in
314 1853 446 1891 numis
464 1852 749 1904 Nysaeensium
778 1851 818 1889 in
846 1851 962 1888 Caria
988 1850 1043 1902 (v.
1062 1849 1276 1902 Spanhem.
1298 1849 1419 1901 Epist.
1444 1848 1495 1885 ad
1514 1846 1605 1884 Μο-

81 1911 165 1949 rell.
191 1911 222 1948 II
243 1917 282 1948 et
307 1925 366 1962 ap.
390 1909 540 1948 Eckhel
561 1911 694 1948 Doctr.
715 1923 825 1947 num.
849 1909 934 1947 Vol.
962 1909 994 1946 ll
1017 1923 1103 1960 pag.
1131 1910 1227 1950 586.
1252 1910 1364 1957 589.)
1394 1907 1436 1944 in
1470 1905 1605 1943 hono-

82 1982 166 2006 rem
186 1969 368 2008 Plutonis
394 1975 433 2006 et
453 1969 734 2020 Proserpinae,
766 1974 805 2005 et
823 1968 864 2005 in
890 1966 1037 2004 Bacchi
1070 1974 1110 2004 ct
1144 1966 1360 2013 Ariadnes,
1398 1971 1446 2002 ut
1472 1964 1605 2015 suspi-v

82 2041 174 2075 cor,
205 2026 402 2065 honorem
424 2027 465 2064 in
492 2027 623 2064 numis
646 2026 789 2078 Coryci
813 2026 969 2063 Ciliciae
993 2031 1234 2063 occurrunt:
1267 2038 1304 2062 v.
1335 2022 1485 2060 Eckhel
1516 2022 1603 2059 vol.

83 2086 129 2123 [ll
146 2100 184 2137 p.
207 2087 273 2127 53.
336 2085 484 2123 Eadem
507 2087 744 2135 Eugamia,
781 2085 821 2121 in
849 2097 971 2121 numo
999 2083 1192 2135 Aegyptio
1221 2081 1471 2133 Vespasiani,
1505 2094 1604 2132 pro—

82 2143 164 2181 dito
195 2158 216 2180 a
246 2142 444 2183 Pellerino
476 2141 533 2195 (in
566 2143 736 2180 Recueil
760 2143 808 2179 de
836 2142 1057 2180 Meclailles
1087 2142 1135 2178 cle
1156 2142 1329 2191 Peztples
1348 2140 1460 2177 Tom.
1482 2139 1545 2176 [ll.
1565 2152 1602 2190 p.

84 2204 177 2250 133,
201 2201 270 2239 ubi
290 2215 329 2240 v.
348 2201 602 2253 Explication
630 2215 668 2252 p.
689 2201 856 2250 XXXI.)
888 2206 1112 2238 memorato
1138 2199 1232 2237 inde
1261 2213 1282 2236 a
1316 2199 1444 2249 Zoega
1475 2198 1602 2235 Num.

79 2262 256 2309 Aegypt.
284 2273 322 2310 p.
343 2259 410 2301 45.
432 2259 504 2297 No.
527 2259 595 2302 54.
627 2265 666 2296 et
684 2259 732 2295 ab
755 2258 907 2296 Eckhel
932 2260 1071 2298 Βοῶν.
1098 2259 1232 2295 Num.
1257 2257 1346 2295 Vol.
1370 2257 1422 2294 IV
1452 2270 1489 2307 p.
1518 2254 1603 2295 442

80 2317 340 2368 Proserpinae
376 2324 416 2355 et
456 2317 638 2355 Plutonis
681 2317 841 2368 nuptias
883 2316 1077 2354 declarari
1113 2316 1231 2354 docet
1273 2314 1431 2366 Serapis
1462 2312 1602 2350 sedens

81 2389 170 2412 cum
194 2375 377 2412 Cerbero.

195 2434 335 2470 Restat
355 2446 486 2480 nunc,
518 2439 564 2470 ut
584 2433 688 2471 illud
719 2438 954 2483 quaeratur:
998 2432 1050 2468 ad
1079 2438 1218 2469 utrum
1247 2429 1485 2468 Pisandrum
1515 2426 1602 2464 Ma-

81 2490 241 2527 crobius
269 2490 503 2541 respexerit.
567 2491 851 2528 Valckenarius
881 2490 1066 2539 quidem,
1098 2495 1257 2540 gratum
1284 2487 1429 2526 ]itteris
1452 2486 1602 2537 graecis

82 2562 247 2597 nomen,
287 2554 506 2597 utrumque
539 2562 700 2586 carmen
733 2555 771 2585 et
806 2547 1039 2599 Ἡρακλείας
1073 2553 1110 2583 et
1139 2546 1330 2598 ἡρωϊκῶν
1363 2546 1602 2597 θεογαμιών

80 2619 206 2643 unum
227 2605 413 2655 idemque
435 2606 554 2643 fuisse
578 2606 785 2655 censebat3
819 2605 1146 2654 memorabatquc
1177 2604 1241 2641 ille
1270 2604 1310 2641 in
1339 2602 1517 2640 Diatribe
1549 2601 1601 2638 ad

80 2665 216 2715 Eurip.
237 2678 274 2715 p.
301 2663 355 2705 24
387 2663 578 2701 Macrobii
612 2664 744 2701 locum
780 2664 858 2711 ita,
895 2669 943 2700 ut
966 2662 1213 2699 Pas-andrum
1237 2661 1389 2699 diceret
1411 2661 1601 2697 Ilercnla's

80 2731 174 2760 (tela
196 2724 254 2759 ι’ία
275 2723 462 2758 cecinisse
479 2751 488 2767 ,
524 2730 567 2758 ul
586 2736 612 2757 α
633 2724 783 2772 naphis·
804 2722 914 2757 lovi-s·
932 2728 967 2757 et
989 2721 1154 2757 lunonis
1175 2721 1372 2769 incipiens
1395 2720 1601 2755 zmiversas

68 2781 264 2818 ‘historias
291 2801 346 2807 —
374 2780 416 2815 in
446 2793 572 2815 unam
605 2781 744 2816 scriem
775 2787 936 2815 coac-las
968 2778 1174 2828 redegeril.
1239 2778 1293 2815 Ut
1325 2776 1423 2814 adeo
1458 2776 1600 2814 Suidas

81 2838 252 2889 turpiter
273 2837 405 2888 lapsus
423 2836 553 2874 videri
572 2836 757 2884 deberet,
791 2836 887 2873 dum
915 2836 954 2872 in
989 2835 1069 2872 duo
1099 2835 1279 2874 diversos
1307 2834 1601 2873 Grammaticos

79 2897 294 2943 incideret,
327 2893 497 2932 alterum
517 2894 683 2933 doctum
703 2895 874 2932 alterum
899 2892 1131 2942 indoctum,
1164 2893 1231 2944 qui
1259 2894 1430 2931 nominis
1459 2892 1600 2930 simili-

80 2955 218 2993 tudine
241 2953 432 3004 deceptus
462 2953 675 2991 recentiori
708 2952 902 2991 Pisandro
936 2951 1193 3003 assignasset,
1229 2965 1329 3003 quae
1365 2951 1490 2990 veteri
1521 2952 1599 2988 tri-
