1779 3420
121 219 218 268 154
443 220 497 268 P.
535 218 895 269 VIRGILII
941 215 1310 266 MARONIS

115 345 237 406 Quo
260 343 495 408 primum
511 383 522 405 ,
560 344 730 392 iactati
753 342 912 392 undis
935 350 986 390 et
1007 340 1245 403 turbine,
1284 341 1452 390 Poeni

112 411 373 462 Effodere
399 413 519 462 loco
548 414 781 477 signum,
817 411 964 478 quod
995 412 1136 474 regia
1164 412 1301 458 Iuno

111 485 458 540 Monstrarat,
498 492 653 548 caput
677 483 804 531 acris
829 483 974 547 equi;
1013 481 1084 528 sic
1112 496 1235 528 nam
1260 478 1378 528 fore
1403 479 1550 528 bello

111 552 392 616 Egregiam
419 561 471 601 et
496 551 710 601 facilem
730 553 869 600 victu
891 568 988 617 per
1013 549 1222 598 saecula
1242 558 1474 613 gentem.
1528 552 1630 600 445

203 690 274 726 443
298 690 462 735 efficdere
490 692 616 726 vitiose
646 693 728 725 Exc.
757 693 870 724 Burm.
919 691 1037 724 locum
1065 691 1171 735 signo
1198 690 1251 723 ed.
1274 691 1363 722 Ven.
1383 701 1440 732 ap.
1459 687 1630 721 Maittair.

112 750 183 782 quo
206 751 235 770 r.
256 740 287 770 I.
315 737 413 770 Leid.
438 745 473 770 et
492 740 596 773 Voss.
691 737 760 774 444
787 736 1026 771 Monstrabat
1054 737 1144 770 Gud.
1166 737 1300 770 Zulieh.
1321 738 1447 769 Graev.
1475 738 1526 781 (et
1549 735 1628 767 Alb.

118 785 211 827 er.)
270 787 490 818 monstravit
519 786 689 819 Montalb.
718 793 753 818 et
784 785 908 818 Hamb.
935 784 1037 817 alter.
1087 792 1312 817 monstraret
1343 784 1466 826 fragm.
1501 783 1628 814 Moret.

112 832 255 876 signam
269 833 325 875 (ex
342 833 393 863 sic
406 832 503 875 nam)
529 840 563 865 et
582 833 625 866 ab
644 833 704 865 alt.
728 844 828 865 manu
860 833 1005 877 signum
1025 830 1174 863 Gudian.
1194 830 1314 874 (etiam
1325 829 1452 862 Medic.
1473 842 1492 862 a
1514 842 1559 861 m.
1573 840 1626 873 pr.

111 879 266 922 signam,
285 877 376 910 sede
393 880 643 924 suprascripta.
663 879 757 921 lVr.)
794 881 939 924 signam
960 885 1030 910 tres
1050 878 1094 910 al.
1117 890 1172 922 ap.
1187 879 1301 910 Burm.
1320 884 1355 909 et
1376 877 1443 909 iam
1460 888 1516 920 ap.
1537 874 1627 908 Pier.

109 924 178 958 445
197 925 349 970 Jizcilem
366 926 484 958 victas
504 927 594 959 coni.
617 927 698 958 olim
717 928 831 958 Burm.
854 926 897 957 ad
917 925 995 958 val.
1015 925 1066 958 Fl.
1090 926 1148 964 Vi,
1173 926 1261 965 323,
1287 924 1349 956 sed
1377 925 1476 956 victu
1505 922 1630 954 eodem

111 983 214 1003 sensu
231 971 343 1016 accipi
361 983 466 1015 posse
489 974 532 1005 ad
556 973 590 1006 h.
613 973 635 1005 l.
656 974 795 1006 fatetur.
845 974 947 1005 Esset
972 979 1085 1004 tamen
1107 971 1255 1004 alterum
1278 970 1484 1015 elegantius.
1533 970 1629 1001 Tur-

112 1018 192 1058 bas,
218 1018 261 1050 de
282 1018 405 1062 quibus
425 1019 460 1050 in
479 1021 557 1052 Exc..
589 1020 633 1052 ad
664 1021 698 1052 h.
730 1032 759 1052 v.
792 1019 866 1062 egi,
898 1018 984 1051 fecit
1004 1018 1037 1050 in
1059 1019 1124 1051 hac
1144 1019 1278 1058 forma,
1312 1018 1407 1062 quod
1435 1022 1628 1060 permutata

110 1064 176 1097 fuit
195 1077 270 1097 cum
290 1065 399 1097 altera
425 1065 508 1107 illa,
543 1066 640 1110 quasi
661 1066 792 1112 facilis
814 1067 909 1099 victu
938 1073 1029 1098 esset
1054 1065 1183 1097 dictum
1208 1072 1245 1097 ut
1267 1064 1397 1110 fiwilis
1421 1065 1521 1103 visu,
1557 1075 1628 1095 au—

111 1112 203 1152 ditu,
229 1113 390 1156 cognitu.
417 1112 557 1145 ductum
580 1125 717 1157 quoque
740 1113 827 1145 illud
846 1113 950 1145 modo
969 1125 987 1145 a
1008 1114 1141 1152 vivere,
1167 1112 1271 1144 modo
1292 1125 1311 1144 a
1340 1113 1504 1144 vincere.-
1539 1109 1629 1141 unde

110 1157 175 1190 suit
196 1158 248 1191 vir
269 1160 415 1199 doctus,
452 1159 509 1203 qui
535 1161 637 1192 haud
650 1160 801 1205 facilem
830 1161 928 1192 victu
953 1160 1158 1202 corrigeret.
1208 1158 1276 1191 Sed
1297 1159 1392 1191 victu
1412 1156 1542 1202 facilis
1562 1156 1629 1188 du—

110 1205 256 1237 cendum
277 1211 352 1237 erat
373 1217 413 1237 ex
435 1206 705 1252 victussacilis.
756 1206 823 1247 Qui
853 1207 980 1238 victum
1014 1206 1124 1238 habet
1148 1205 1307 1246 facilem,
1341 1206 1368 1237 is
1398 1205 1495 1236 victu
1519 1201 1631 1248 facili

111 1263 208 1291 esse,
236 1258 271 1283 et
302 1252 504 1295 exquisitius
525 1252 657 1298 facilis
684 1255 781 1286 victu
815 1253 869 1285 vel
890 1254 1011 1285 victus
1039 1252 1178 1286 dieitur.

1237 1253 1330 1284 Gens
1360 1252 1474 1284 victui
1500 1249 1629 1294 sacili-s·

109 1297 232 1330 iterum
262 1298 432 1331 diversum
453 1299 537 1343 quid
567 1300 789 1343 designaret,
826 1307 860 1332 ut
885 1300 941 1332 vel
973 1299 1132 1344 exemplo
1164 1299 1359 1342 intelligas:
1397 1310 1486 1342 ager
1503 1297 1630 1342 pecori

101 1344 251 1390 facilis,
285 1345 343 1389 qui
368 1346 556 1389 praeclaris
583 1346 654 1379 suis
683 1346 820 1392 pascuis
843 1358 950 1391 pecus
980 1346 1086 1379 facile
1111 1346 1186 1379 alit.
1224 1346 1339 1390 (vide,
1375 1356 1464 1389 quae
1487 1342 1522 1374 in
1540 1343 1625 1375 Not.

109 1391 296 1436 disputavi.
324 1392 420 1437 Wr.)

110 1493 230 1538 caput
262 1487 473 1538 equinum,
504 1502 577 1540 pro
606 1488 738 1526 omine
770 1502 840 1525 ac-

111 1551 281 1596 ceptum.
314 1543 512 1596 (primum
524 1561 581 1584 vs,
594 1546 690 1587 442.
703 1546 733 1583 si
752 1548 840 1596 quis

110 1616 202 1641 cuin
225 1602 477 1642 substantivo
498 1608 660 1655 mgnum
679 1607 839 1656 iungere

110 1661 227 1709 velit,
278 1660 386 1698 haud
429 1663 761 1712 repugnaveri1113
802 1668 841 1699 et

110 1719 192 1757 vid.
218 1719 268 1766 Q.
303 1719 348 1756 V.
376 1720 559 1768 XXVIII,
589 1722 636 1767 3,
666 1722 689 1758 f.
725 1718 839 1772 W)

110 1776 208 1817 443.
262 1777 461 1826 -S'ignum,
523 1791 638 1814 omen
688 1779 838 1815 intelli—

109 1849 210 1886 gam.
285 1836 493 1872 (hs-lentant
532 1844 653 1885 calmi
691 1836 838 1887 effossa

109 1893 246 1929 tellure
264 1902 460 1943 repet-llam
487 1894 699 1930 Bellaloris
729 1896 835 1945 equi,

110 1959 231 2002 atque
274 1964 389 1988 omen
430 1952 602 1987 elamore
639 1952 834 1997 salutatu,

110 2008 228 2045 Silius
251 2007 296 2054 ΙΙ,
317 2009 412 2048 411.
440 2015 643 2046 servatum
673 2008 765 2045 inde
798 2009 838 2045 in

112 2067 241 2103 numis
300 2065 686 2116 Carthaginiensium
747 2068 840 2117 eqni

109 2131 246 2174 capul.
282 2140 320 2164 v.
342 2138 373 2162 c.
411 2124 565 2161 Base-hii
598 2124 724 2161 Lexic.
759 2137 836 2160 nu-

110 2182 277 2219 mismat.
302 2197 389 2222 voc.
418 2182 634 2230 Carllzago.
678 2182 836 2218 Poetam

110 2253 276 2289 agnosce
301 2242 339 2279 in
368 2240 457 2287 hoc,
490 2240 598 2290 qnod
628 2254 707 2276 non
741 2240 836 2277 sim—

108 2298 264 2349 pliciter
288 2300 511 2344 inventum,
542 2297 610 2334 sed
637 2313 662 2334 α
687 2299 836 2334 limone

110 2364 395 2403 nzonsltulum,
442 2356 641 2393 obiectum
675 2356 835 2392 fodien-

110 2413 240 2461 tibus,
282 2421 435 2452 narrat.
517 2415 582 2450 Sic
614 2428 710 2450 nam
739 2412 836 2465 (per

108 2470 186 2508 hoc
209 2471 387 2524 signum)
415 2471 745 2522 portendebatur,
776 2472 837 2507 so-

108 2542 151 2566 re
174 2530 325 2567 Poenos
347 2535 500 2578 gentem
526 2529 748 2565 bellicosam
770 2530 835 2572 (cf.

110 2587 175 2624 inf.
198 2588 356 2635 111,539
379 2586 452 2638 sq.)
475 2588 698 2636 etskuv'lem
720 2588 835 2632 vir-ln,

111 2645 186 2682 hoe
209 2652 279 2693 est,
312 2659 411 2695 quae
434 2644 621 2681 habitura
644 2650 741 2680 essct
773 2645 835 2680 vi—

109 2709 215 2740 ctum
245 2703 395 2740 facilem
418 2708 454 2738 ot
485 2702 731 2754 expeditum,
764 2716 834 2738 :in-

110 2775 255 2798 nonam
296 2761 528 2798 affluentem
568 2774 616 2796 ex
649 2774 834 2810 agrorum

108 2820 293 2856 ubertate
323 2824 362 2855 ct
398 2819 522 2855 cultu.
603 2818 655 2854 De
687 2817 763 2854 hoc
796 2832 834 2857 v.

108 2878 274 2916 Excurs.
320 2876 409 2913 XIV
444 2876 491 2913 ad
533 2876 568 2913 h.
602 2889 640 2913 V.
720 2874 834 2927 (Mihi

108 2935 270 2987 quidem
304 2934 403 2972 illud
421 2935 598 2985 siu-ilem
632 2935 739 2970 ricla
774 2933 834 2970 la—

898 1488 1001 1526 tiore
1023 1502 1140 1526 sensu
1173 1488 1221 1526 de
1244 1488 1371 1526 omnis
1393 1485 1545 1537 generis
1568 1485 1628 1521 fe-

898 1546 1048 1584 licitate
1074 1547 1224 1584 dictum
1258 1545 1498 1597 Virgilioque
1527 1542 1627 1580 illud

899 1604 1157 1642 Homericum
1197 1603 1289 1643 θεοὶ
1327 1604 1415 1655 ῥεῖα
1460 1597 1628 1649 ζώοντες

900 1663 1156 1699 obversatum
1187 1661 1307 1699 fuisse
1338 1660 1511 1698 videtur.
1573 1658 1625 1694 Ea

898 1720 1175 1771 interpretatio
1211 1720 1396 1756 firmatur
1432 1730 1506 1755 usu
1553 1728 1625 1752 ve—

897 1784 1029 1815 terum
1070 1778 1336 1828 scriptorum,
1380 1782 1425 1813 ut
1464 1775 1625 1812 Terent.

897 1835 1067 1887 Adelph.
1091 1836 1154 1882 Ill,
1179 1835 1217 1881 4,
1245 1837 1334 1876 56.:
1367 1834 1526 1881 „Quam
1554 1845 1626 1869 vos

897 1894 1158 1930 facillime
1186 1893 1259 1942 agi
1279 1892 1360 1929 tis!
1392 1904 1510 1941 quam
1534 1889 1626 1926 estis

898 1951 1069 1988 maxime
1100 1952 1303 1997 Potentes,
1337 1949 1456 1995 (lites,
1490 1949 1624 1985 fortu—

898 2009 1003 2057 nati,
1030 2009 1235 2046 nobiles-W
1279 2008 1404 2045 Plaut.
1437 2008 1553 2043 Cure.
1581 2005 1624 2052 V,

898 2070 1004 2114 2,6.:
1037 2068 1134 2115 „Ph
1153 2067 1279 2116 Nugas
1299 2066 1436 2116 garris.
1459 2065 1623 2101 CU.So-

897 2125 975 2162 leo:
1009 2139 1097 2161 nam
1124 2131 1291 2177 propter
1314 2137 1376 2160 eas
1399 2123 1522 2160 vivo
1553 2121 1623 2158 sa-

897 2183 1065 2220 cilius.
1080 2186 1102 2204 “
1154 2183 1256 2219 llinc
1292 2183 1397 2218 viem
1426 2179 1623 2230 Supinum

896 2253 976 2276 esso
1010 2241 1198 2280 arbitror.
1252 2239 1420 2276 Theocr.
1453 2238 1530 2285 Xl,
1564 2239 1623 2277 7.:

897 2295 1043 2346 »Οὕτω
1075 2301 1177 2349 γοῦν
1212 2293 1407 2349 ῥᾶϊστα
1435 2290 1573 2349 διᾶγ’
1603 2292 1624 2333 ὁ

902 2354 1121 2406 Κύκλωψ.“
1155 2357 1203 2395 (τί.
1226 2355 1345 2392 etiam
1369 2353 1538 2391 Phaedr.
1560 2352 1623 2399 ΙΙΙ,

896 2416 943 2461 7,
988 2417 1051 2456 13.
1101 2414 1350 2451 Taubmann.
1396 2411 1443 2448 ad
1494 2410 1623 2448 Plaut.

897 2471 1009 2522 Epid.
1046 2472 1162 2519 11‚2‚
1190 2473 1257 2511 59.
1290 2469 1543 2507 westerhov.
1573 2467 1620 2504 ad

896 2530 1056 2567 Terent.
1088 2530 1112 2567 l.
1142 2529 1165 2566 l.
1192 2530 1335 2565 Graev.
1362 2528 1412 2564 ad
1446 2527 1522 2563 Cic.
1554 2526 1622 2576 Ep.

897 2587 947 2624 ad
969 2587 1078 2626 Fam.
1101 2587 1171 2634 111,
1196 2589 1260 2626 12.
1285 2591 1323 2622 et
1345 2585 1393 2622 ad
1417 2584 1554 2621 lustin.
1578 2583 1622 2630 ll,

900 2648 933 2684 1.
961 2651 1042 2682 tuin
1076 2657 1177 2695 quae
1204 2644 1285 2695 ipse
1317 2642 1451 2680 notavi
1480 2641 1529 2677 ad
1553 2642 1622 2678 Ge.

897 2703 941 2749 ΙΙ,
966 2702 1059 2745 460.
1108 2703 1171 2739 Sic
1200 2707 1337 2739 nostro
1372 2701 1458 2737 loeo
1492 2699 1623 2735 faciles

894 2761 1003 2798 victu
1046 2759 1388 2810 Carthaginienses
1423 2763 1623 2794 vocantur

897 2825 1061 2869 propter
1094 2831 1187 2870 opes
1218 2823 1256 2854 et
1281 2816 1458 2854 omnium
1485 2828 1621 2852 rerum

895 2876 1157 2913 affluentiam.
1220 2875 1341 2924 idque
1372 2873 1461 2923 oqui
1494 2872 1624 2924 capite

893 2934 1105 2985 significari
1136 2939 1308 2986 poterat,
1339 2932 1431 2982 quia
1462 2930 1540 2968 hoc
1567 2930 1622 2967 si-
