1779 3420
159 193 259 241 638
485 188 540 237 P.
577 184 937 235 VIRGILII
973 179 1346 229 MARONIS

157 312 310 365 Ensis
332 320 468 376 erat,
507 310 777 376 Tyrioque
806 307 1026 357 ardebat
1045 304 1250 353 murice
1275 303 1443 365 laena,

157 383 397 434 Demissa
418 398 479 430 ex
501 381 763 430 humeris:
801 378 944 426 dives
968 390 1104 440 quae
1125 391 1352 424 munera
1376 375 1517 425 Dido

158 457 400 514 Fecerat,
442 460 493 500 et
513 449 661 499 tenui
680 448 808 497 telas
831 446 1148 495 discreverat
1168 461 1310 496 auro,

162 522 432 573 Continuo
456 518 677 568 invadit:
716 521 799 566 Tu
821 531 964 564 nunc
988 514 1315 579 Carthaginis
1337 513 1468 564 altae

231 617 345 666 264.
381 625 549 671 AUR03

1577 518 1678 567 265

162 759 243 798 ptus
265 758 359 784 erat:
388 750 446 783 illi
462 749 632 782 stellatus
655 746 726 792 1210
775 746 912 791 (Omnia
933 746 992 779 hic
1013 746 1178 792 egregia,
1209 747 1425 793 maximeque
1443 748 1531 782 illud
1550 757 1677 795 atque3

161 800 231 833 vid.
249 801 291 839 Q.
315 799 357 831 V.
378 797 536 836 XXXV,
560 797 619 830 22.
670 797 746 828 Nec
765 795 838 827 sine
857 794 1005 826 consilio
1036 795 1123 828 haec
1152 795 1297 828 vestitus
1317 795 1508 841 descriptio
1537 796 1678 836 iniecta,

162 857 250 890 quae
267 849 435 877 mutatum
452 846 590 876 Aeneae
609 842 758 875 animum
781 841 1006 882 ostenderet,
1034 841 1092 885 qni
1113 854 1150 874 se
1166 842 1233 874 iam
1254 849 1367 875 totum
1386 843 1429 876 ad
1448 855 1579 876 morem
1599 845 1678 888 Ty-

162 893 248 925 rium
278 896 532 934 composuerat.
578 889 721 922 Rectius
749 896 862 921 autem
889 894 974 933 post
1007 890 1189 935 Con-spicit
1220 897 1385 934 punctum
1416 902 1481 935 pro
1510 890 1676 923 semicolo

161 945 321 983 ponetur.
374 937 531 969 Ceterum
551 937 721 981 Iaspide,
755 935 887 969 maiore
908 935 1033 977 litera,
1070 937 1281 969 Burmannus
1309 943 1344 968 et
1371 937 1527 981 Heynius
1553 950 1678 970 exara-

161 991 262 1025 runt,
286 984 434 1016 fortasse
452 990 490 1015 ut
511 982 731 1027 trisyllabum
755 988 866 1021 esset3
894 990 928 1015 et
947 994 1029 1015 sane
1048 984 1192 1028 jaspide
1215 983 1250 1015 in
1273 983 1350 1017 aliis
1378 984 1592 1017 editionibus
1615 997 1678 1017 ex-

161 1043 317 1076 pressum
338 1030 453 1071 video,
477 1042 580 1074 quum
599 1036 714 1062 tamen
736 1037 885 1074 quatuor
906 1030 1116 1075 syllabarum
1140 1030 1185 1062 sit
1199 1057 1207 1071 ‚
1242 1038 1279 1063 ut
1300 1032 1488 1071 Graecum;
1523 1032 1677 1065 Martial.

160 1079 224 1118 IX,
249 1079 305 1119 60,
330 1078 386 1111 ΞΟ.
410 1076 444 1109 in
465 1088 566 1109 versu
588 1084 828 1121 pentametro:
856 1078 923 1117 „Et
944 1077 1094 1121 pretium
1107 1077 1240 1122 magnis
1256 1078 1340 1111 fecit
1365 1078 1579 1124 iaspidib
1594 1091 1612 1110 u
1626 1083 1676 1112 s.“

164 1125 260 1167 lVr.)
308 1125 378 1158 262
402 1124 503 1165 lana,
529 1124 631 1164 luna,
655 1125 737 1160 leva
765 1125 930 1157 aberrant
953 1125 988 1155 in
1011 1124 1133 1157 laena.
1241 1126 1310 1160 263
1333 1127 1491 1159 Dimissa
1507 1125 1616 1165 multi,
1641 1132 1678 1158 ut

161 1171 284 1205 solent.
318 1171 361 1204 cs.
390 1172 501 1203 Burm.
552 1170 633 1214 (vid.
664 1171 786 1211 etiam,
824 1171 855 1203 si
879 1170 996 1213 iuvat,
1021 1171 1117 1207 Cort.
1142 1172 1187 1205 ad
1207 1172 1336 1207 Lucan.
1363 1173 1440 1216 VII,
1466 1174 1548 1208 622.
1579 1173 1676 1215 lVr.)

160 1219 229 1254 265
255 1217 357 1251 vadio
381 1223 462 1250 tert.
480 1217 649 1251 Rottend.
668 1230 688 1251 a
707 1231 751 1251 m.
771 1229 825 1264 pr.

161 1338 236 1375 illi.
300 1335 475 1374 offendit
501 1334 602 1374 haec
623 1335 752 1374 oratio
779 1342 887 1374 tam-

161 1408 281 1446 quam
319 1394 454 1446 paullo
490 1393 661 1432 ieiunior
701 1408 775 1446 pro
815 1394 887 1432 tali

161 1452 353 1501 carmine,
392 1464 465 1490 nec
490 1458 678 1490 accurata
714 1453 781 1490 illa
814 1465 888 1491 ve-

161 1511 282 1548 stitus
308 1510 520 1561 descriptio
543 1510 583 1547 in
604 1510 734 1548 medio
752 1523 890 1549 rerum

162 1582 282 1607 cursu
310 1569 620 1620 expectabatur3
649 1568 783 1607 ieiuna
801 1582 891 1606 ma-

162 1633 232 1664 net
250 1626 369 1663 etiam
395 1626 471 1675 sie,
503 1626 534 1663 si
560 1626 731 1675 dixeris,
762 1628 889 1664 vesti--

162 1691 250 1722 tum
271 1684 461 1735 insignem
484 1684 672 1722 Mercurii
695 1685 889 1722 venientis

164 1742 299 1779 oculos
339 1742 379 1779 in
419 1755 458 1778 se
496 1742 752 1780 convertisse.
818 1743 891 1780 Est

165 1799 324 1850 quidem
335 1798 413 1837 hoe
423 1799 695 1849 Homericum,
717 1807 764 1838 ut
777 1807 890 1838 stru—

165 1863 278 1895 ctura
312 1858 486 1909 reliquae
525 1858 714 1896 orationis
750 1858 891 1896 relicta

164 1923 372 1954 externam
414 1916 473 1954 rei
504 1916 569 1955 vel
596 1916 769 1954 hominis
797 1929 890 1968 spe-

165 1974 262 2012 ciem
283 1974 458 2011 sensibus
474 1975 634 2012 obiiciat
654 1980 794 2026 poeta,
816 1987 890 2012 ve—

165 2046 257 2070 rum
267 2031 344 2070 hoe
363 2032 421 2080 fit,
443 2032 649 2082 quotiesid
666 2032 797 2084 ipsum
810 2032 891 2071 vim

162 2089 285 2128 habet
306 2090 357 2128 ad
379 2091 616 2141 augendum,
641 2090 892 2142 amplifican—

165 2148 263 2186 dum
277 2149 339 2186 vel
352 2148 657 2187 illustrandum:
684 2162 793 2186 nunc
816 2162 893 2185 au-

164 2212 246 2243 tem
269 2220 386 2256 quam
409 2206 490 2244 vim
508 2206 654 2245 habere
675 2212 807 2259 potest
826 2206 894 2244 hic

165 2264 279 2312 ensis,
302 2263 399 2301 haec
415 2263 605 2315 chlamys,
622 2265 662 2302 in
681 2265 893 2315 designan-

168 2321 219 2358 do
237 2320 364 2358 Aenea
387 2328 580 2373 occupato
604 2322 645 2359 in
674 2323 894 2360 aedifican-

170 2378 231 2414 dis
251 2378 430 2416 aedilms!
461 2404 511 2409 —-
540 2380 591 2416 Ut
613 2380 752 2418 saltem
773 2390 893 2432 alque

170 2435 335 2472 abesset!
384 2436 462 2473 Sed
502 2437 591 2474 libri
631 2439 685 2475 nil
724 2444 892 2477 mutant.

171 2492 250 2529 Nee
279 2506 361 2529 rem
393 2494 574 2543 expedit,
610 2495 641 2531 si
668 2496 716 2533 ab
750 2497 813 2533 ille⁸
842 2495 894 2533 ad

171 2564 268 2586 (ιανο
289 2550 541 2600 parenthesin
560 2553 688 2591 facias.
721 2552 790 2605 (At
811 2555 893 2592 vid.

173 2606 216 2644 V.
248 2608 288 2644 Ii.
325 2606 435 2658 lVr.)
495 2610 673 2646 stellatus
702 2612 895 2661 exquisite

172 2677 244 2714 pro
265 2663 474 2700 distinctus
506 2679 551 2701 ae
573 2665 724 2716 fulgens
739 2699 748 2716 ,
780 2684 831 2706 sc.
853 2669 896 2707 in

174 2722 316 2771 capulo
350 2727 389 2757 et
416 2735 568 2769 vagina.
628 2727 893 2776 iaspidestcl-

174 2793 250 2826 να,
293 2778 498 2828 epitheton
538 2792 618 2816 non
658 2784 892 2829 urgendum.

173 2836 259 2872 Non
298 2836 402 2871 eniin
440 2836 542 2872 inter
588 2830 893 2887 praestantiores

172 2893 231 2930 sui
260 2893 412 2943 generis
453 2893 584 2930 fulvae
615 2904 891 2936 numerantur.

944 1350 984 1375 v.
1010 1336 1110 1375 Plin.
1137 1337 1346 1386 XXXVII,
1375 1340 1443 1388 37,
1474 1352 1593 1390 quem
1611 1344 1677 1376 ta-

946 1407 1038 1433 men
1052 1396 1198 1446 ficlvas
1218 1396 1390 1447 iaspides
1410 1397 1572 1435 omnino
1592 1410 1678 1434 me—

948 1466 1105 1491 morare
1128 1467 1207 1491 non
1228 1454 1368 1503 video,
1413 1456 1522 1505 quod
1542 1462 1678 1493 tamen

949 1511 1113 1549 Servius
1135 1511 1327 1560 affirmat,
1359 1512 1435 1550 nisi
1450 1513 1581 1564 sidua
1602 1527 1678 1566 pro

950 1569 1148 1607 subviridi
1169 1570 1419 1621 accipienda,
1453 1578 1500 1609 ut
1528 1572 1598 1610 inf.
1633 1571 1677 1619 V,

947 1630 1031 1668 809
1052 1628 1184 1678 ]ὶιίνα
1205 1628 1330 1665 olma.
1389 1629 1552 1681 (Versus
1580 1632 1676 1670 261.

949 1685 1183 1722 obversatus
1207 1691 1266 1723 est
1286 1686 1480 1736 Iuvenali,
1512 1687 1579 1738 qui
1595 1688 1676 1725 Sat.

949 1743 995 1791 V,
1016 1742 1083 1785 44.
1104 1743 1153 1781 de
1174 1743 1324 1795 iaspide
1343 1744 1514 1795 loeutus,
1539 1745 1676 1784 addit:

949 1815 1051 1852 (fleas
1070 1823 1126 1828 --
1143 1814 1316 1851 gemmas
1337 1823 1392 1831 —·
1420 1805 1462 1840 in
1498 1806 1677 1853 vaginae

949 1860 1084 1896 fronte
1121 1859 1275 1896 solebat
1309 1860 1460 1897 Ponere
1490 1862 1677 1913 zelotypo

947 1916 1102 1955 iuvenis
1120 1917 1323 1968 praelatus
1348 1918 1498 1957 [arbae.
1532 1918 1676 1971 chlz.)

948 1974 1114 2012 ardebat
1138 1982 1278 2013 ornate
1295 1989 1371 2027 pro
1403 1983 1500 2015 erat.
1541 1975 1677 2029 (anle-

948 2032 1017 2070 bat
1044 2035 1192 2070 murice
1225 2035 1431 2086 propriam
1458 2041 1557 2087 puta
1578 2049 1677 2072 eon-

950 2090 1235 2140 structionem,
1266 2098 1314 2129 ut
1335 2093 1442 2143 apud
1467 2093 1550 2131 val.
1574 2093 1632 2130 FI.
1650 2093 1677 2140 Ι,

950 2149 1070 2192 427.:
1099 2151 1296 2187 'I'aenario
1319 2152 1442 2200 ignea
1452 2151 1559 2202 fuco
1571 2165 1677 2201 pur—

947 2220 1070 2256 pura.
1110 2208 1157 2245 cf.
1190 2206 1289 2245 Aen.
1309 2208 1364 2257 V,
1398 2211 1464 2250 88.
1487 2210 1677 2246 —laena

950 2272 1006 2301 est
1038 2266 1154 2313 'styrie
1180 2268 1329 2302 murice
1348 2266 1425 2304 diei
1444 2280 1581 2318 posse,
1620 2271 1679 2303 est

952 2322 1062 2372 quod
1092 2335 1241 2374 negem.
1269 2324 1419 2377 blselz.)
1481 2327 1581 2362 telas
1606 2324 1677 2362 int.

952 2381 1135 2419 stamina.
1177 2382 1271 2418 Erat
1296 2381 1416 2431 igitur
1436 2383 1558 2419 vestis
1580 2381 1679 2418 llaec

952 2452 1103 2486 crassa,
1147 2441 1324 2487 Χλαῐνα,
1364 2439 1487 2490 ipsius
1514 2440 1678 2476 Didonis

952 2496 1135 2533 manibus
1164 2502 1277 2533 texta
1329 2497 1375 2533 cs.
1401 2496 1545 2534 similes
1571 2497 1679 2534 locos

953 2555 1022 2592 inf.
1050 2554 1124 2602 XI,
1158 2557 1232 2601 73,
1266 2559 1306 2590 et
1334 2554 1406 2603 III,
1437 2554 1534 2595 483.
1567 2554 1677 2607 (Epi-

952 2612 1095 2649 theton
1108 2612 1217 2648 <lives
1239 2618 1283 2648 ut
1304 2611 1481 2648 ieiunum
1498 2613 1680 2664 displicet

957 2668 1185 2718 Wunderl.;
1226 2675 1267 2706 at
1293 2669 1404 2705 clives
1438 2677 1592 2721 spectat
1629 2669 1678 2706 ad

950 2726 1156 2780 splendida
1178 2739 1343 2765 munera
1361 2728 1533 2767 Didonis.
1562 2726 1678 2780 lVr.)

1008 2786 1103 2826 265.
1135 2784 1306 2822 intrudit.
1350 2785 1540 2825 Habitum
1566 2787 1681 2823 sutu—

949 2856 1016 2880 rae
1031 2843 1222 2881 orationis
1251 2844 1438 2882 ostendit.
1454 2847 1564 2882 Serv.
1592 2843 1680 2881 Ma-

951 2900 1020 2938 lim
1041 2907 1175 2938 tamen
1199 2901 1326 2952 simpl.
1343 2915 1417 2953 pro
1445 2902 1682 2953 aggreditur
