1827 3436
435 210 843 259 AENEIDOS
895 213 1038 259 LIB.
1074 213 1138 268 ΙΙ,
1180 219 1472 268 793—-804
1616 225 1717 271 377

195 336 362 401 Cessi,
402 345 454 385 et
477 335 684 385 sublato
708 337 910 385 montis
930 337 1177 402 genitore
1200 339 1378 405 petivi.

264 436 377 482 804.
415 444 642 478 MONTEM

286 558 355 593 804
379 567 520 591 montes
543 557 671 592 Medic.
698 570 774 591 cum
809 559 922 592 altero
959 559 1121 593 Mediceo
1159 560 1267 594 Pierii
1300 569 1337 595 et
1371 562 1509 607 aliquot
1543 562 1621 596 aliis
1662 575 1723 608 ap.

192 605 304 636 Burm.
354 606 546 650 Utrumque
570 605 745 638 rationem
769 605 892 639 habet.
944 607 1101 651 (montes
1125 607 1228 641 etiam
1253 609 1287 643 3.
1314 610 1347 643 4.
1378 612 1433 645 10.
1462 611 1516 645 13.
1554 617 1591 643 et
1626 611 1725 656 Lips.

191 650 254 683 alt.
302 651 372 684 Sed
406 664 486 685 vera
519 652 629 685 lectio
665 660 720 685 est
752 655 905 695 montis,
940 666 1043 698 quam
1078 662 1218 687 servan&
1252 657 1433 697 Donatus,
1467 658 1636 691 Rottend.
1670 670 1724 703 pr.

192 710 211 730 a
235 709 279 730 m.
303 710 368 743 pr„
393 699 491 744 Lips.
515 699 586 733 obl.
622 706 657 732 et
685 700 779 733 Edit.
805 702 894 733 Iunt.
944 702 1082 746 Nempe
1117 701 1206 735 haec
1241 704 1430 737 accusativi
1467 705 1582 738 forma
1615 717 1724 749 saepe

191 744 295 777 variis
321 745 434 779 modis
462 747 739 791 corrumpendae
763 747 927 781 lectionis
954 760 1056 781 causa
1085 748 1237 791 exstitit,
1263 751 1359 784 cuius
1385 751 1438 784 rei
1472 763 1559 796 prae
1596 751 1724 785 ceteris

192 791 328 835 insigne
355 793 549 838 exemplum
575 795 725 837 praebet
748 795 821 827 Ecl.
847 796 913 837 IX,
938 796 971 830 9.
1020 795 1187 838 Accedit,
1213 798 1329 841 quod,
1354 799 1415 832 Ida
1441 799 1547 831 modo
1567 810 1724 833 comme-

191 846 346 880 morata,
375 849 552 881 montem,
577 852 647 873 non
673 851 816 875 montes
841 842 1027 875 dicendum
1053 842 1162 875 videri
1198 851 1360 889 poterat3
1394 846 1457 879 sed
1492 846 1556 881 cfr.
1583 848 1639 886 111,
1676 847 1724 888 6.,

191 898 294 930 quem
322 887 436 920 locum
464 888 570 920 etiam
594 889 885 922 VVunderlichius
910 889 1052 930 laudat,
1087 890 1206 923 favens
1241 892 1388 925 lectioni
1426 902 1578 927 montes.
1627 894 1724 927 Con-

190 939 269 976 tra,
296 935 472 978 quomodo
499 935 648 978 pluralis
675 944 817 970 montes
842 936 876 970 h.
900 936 926 970 l.
952 949 994 970 ex
1028 936 1199 982 singulari
1235 948 1391 974 montem
1426 940 1512 974 oriri
1548 941 1719 987 potuerit,

191 991 263 1013 non
287 988 447 1026 apparet.
478 982 572 1025 IVr.)

192 1086 342 1124 salutis.
420 1088 543 1139 [gitur
581 1089 753 1128 discessi.
806 1104 923 1127 mon·
981 1090 1052 1140 IX,
1074 1093 1141 1132 80.
1204 1091 1277 1146 (De
1301 1099 1386 1132 tota
1408 1094 1601 1132 orationis
1622 1108 1723 1132 con-

192 1152 291 1193 tem,
325 1144 398 1183 int.
429 1147 537 1184 Idaei
559 1147 637 1199 iugi
658 1153 827 1199 partem,
845 1162 922 1199 qua
982 1150 1220 1189 formatione
1257 1151 1340 1190 vid.
1369 1152 1418 1200 Q.
1454 1152 1498 1191 V,
1533 1153 1575 1190 in
1605 1153 1650 1191 V.
1677 1153 1718 1190 L.

193 1202 244 1240 ad
267 1203 523 1243 Antandrum
546 1206 612 1243 via
633 1206 797 1244 serebat.
819 1207 921 1244 conf.
983 1207 1033 1245 ad
1057 1221 1115 1246 vs·
1141 1212 1238 1252 803.
1256 1210 1364 1249 laud.
1401 1209 1519 1263 Wr.)
