1779 3420
177 186 278 237 592

533 181 586 230 P.
633 179 983 231 VIRGILII
1025 174 1403 227 MARONIS

176 312 272 354 521.
303 308 395 359 ubi,
436 308 743 347 recrudescente
774 320 845 359 per
884 313 1044 345 noctem
1077 306 1215 344 dolore
1247 306 1405 355 furens,
1448 304 1697 348 522—553

178 368 372 407 Troianos
414 366 632 404 discessisse
674 366 801 415 vidit,

852 365 949 403 diris
990 364 1165 403 Aeneam
1209 364 1406 412 devovet,
1452 362 1698 406 584—629

179 427 437 478 ablegataque
467 426 590 463 Barce
613 423 770 462 Sichaei
802 423 973 471 nutrice,
1005 436 1055 461 ne
1077 422 1176 474 quid
1209 423 1432 461 destinatae
1462 421 1588 461 morti
1617 421 1699 459 im-

178 484 396 537 pedimenti
426 483 624 533 adferret,
654 495 792 520 necem
822 481 896 519 sibi
927 481 1147 519 consciscit.

238 771 345 809 Libri
384 769 504 809 huius
562 769 776 808 artificium
820 769 909 820 quis

182 843 262 867 non
297 830 448 868 sensit‘?
490 828 578 879 quis
610 842 691 866 non
721 827 909 866 laudibus

182 888 457 940 praedicavit?
501 888 571 924 Est
592 886 696 924 enim
724 886 773 923 ad
796 900 909 925 com—

181 959 342 984 munem
366 944 576 983 hominum
600 944 785 982 ass'ectum
799 958 912 983 com-

181 1009 319 1057 parata
354 1016 438 1052 res,
484 1017 595 1040 amor
632 1003 831 1041 infaustus
872 1008 912 1040 et

182 1075 365 1100 successu
396 1075 546 1099 carens.
608 1061 648 1098 Si
673 1061 721 1098 de
743 1061 788 1098 iis
817 1075 913 1113 par-

184 1121 289 1158 tibus
323 1120 509 1157 carminis
542 1120 770 1169 quaeritur,
813 1132 913 1171 quae

182 1177 344 1230 Virgilio
365 1178 549 1230 propriae
562 1183 668 1225 sunt,
693 1184 733 1215 et
752 1191 801 1215 ex
821 1178 915 1228 qui-

183 1237 259 1275 bus
290 1238 372 1273 eius
403 1236 603 1287 ingenium
634 1243 673 1273 et
697 1250 760 1273 ars
782 1236 914 1288 inpri-

182 1296 256 1334 mis
270 1295 438 1346 spectari
453 1294 649 1344 simulque
671 1294 772 1332 illud
793 1295 916 1332 intel—

184 1354 251 1406 ligi
281 1353 424 1405 possit,
466 1359 662 1403 quantum
695 1353 746 1390 ad
779 1353 916 1391 cuius-

185 1425 260 1463 que
274 1418 415 1463 poetae
427 1411 604 1450 indolem
625 1417 732 1448 aetas
752 1417 791 1448 et
813 1417 917 1448 tem-

185 1484 355 1523 porum⁷
399 1470 440 1507 in
459 1483 560 1520 quae
580 1469 721 1507 imidit
744 1470 828 1508 eius
850 1470 916 1508 vi—

184 1535 250 1578 ta,
282 1529 418 1580 genius
455 1528 591 1565 saciat:
630 1528 778 1565 librum
806 1526 917 1566 hunc

185 1587 315 1639 primo
341 1587 429 1624 loco
460 1586 717 1624 excitandum
741 1598 822 1622 esse
848 1600 916 1623 ar-

189 1646 328 1682 bitror.
387 1643 495 1682 Nihil
525 1644 644 1693 enim,
677 1645 718 1681 in
739 1644 915 1681 Homero

187 1709 313 1751 certe,
356 1701 523 1750 habuit,
580 1702 690 1753 quod
727 1715 916 1752 sequere-

186 1767 278 1811 tur3
302 1774 395 1798 nam
419 1760 653 1797 alienissima
675 1773 738 1798 res
759 1761 806 1798 ab
829 1760 917 1797 Ho—

188 1819 286 1857 meri
314 1819 470 1856 saeculo
500 1824 538 1855 et
576 1819 772 1868 moribus,
813 1818 918 1855 deli—

190 1878 268 1915 cias
286 1876 325 1914 in
345 1889 480 1914 amore
502 1877 645 1925 faeere,
678 1883 749 1915 aut
771 1877 918 1927 exqui—

189 1935 366 1973 sitim-em
390 1935 559 1984 aliquem
580 1935 766 1972 affectum
789 1934 919 1973 susci-

188 2006 294 2046 pere.
332 1992 534 2044 Euripidis
556 1993 729 2031 Alcestin
747 1993 787 2031 in
813 2007 917 2031 non-

189 2051 309 2090 nullis
334 2058 424 2089 ante
446 2051 581 2089 oculos
608 2051 755 2089 habere
773 2051 919 2102 potuit.

188 2110 315 2148 Etiam
353 2123 404 2147 ex
440 2109 578 2147 Naevii
625 2110 728 2148 bello
768 2110 919 2148 Punico

190 2182 281 2206 eum
319 2168 513 2206 nonnulla
545 2168 754 2206 retinuisse
788 2169 920 2220 suspi-

189 2240 277 2276 cor;
313 2240 351 2265 v.
383 2225 559 2264 Macrob.
590 2227 654 2275 VI,
687 2230 713 2268 2
744 2233 846 2265 extr.
881 2232 921 2263 et

189 2286 302 2322 Serv.
337 2284 387 2321 ad
419 2284 480 2333 [V,
516 2288 554 2325 9.
615 2285 693 2323 Sed
716 2284 919 2323 communi

190 2341 376 2394 opinione
413 2342 670 2393 Apollonium
693 2342 825 2381 Rhod.
854 2356 919 2380 se-

190 2406 340 2451 quutus
360 2413 440 2438 esse
462 2401 590 2438 fertur
608 2402 686 2439 iam
706 2401 745 2438 in
758 2402 922 2440 Servia-

194 2458 255 2495 nis
280 2457 330 2494 ad
350 2458 418 2496 lib.
450 2457 501 2495 IV
523 2472 583 2509 pr.
614 2465 653 2497 et
672 2459 846 2497 Maerob.
874 2460 920 2508 V,

194 2518 260 2556 17.
301 2515 459 2553 Scilicet
483 2515 642 2554 Medeae
671 2531 846 2554 amorem
869 2517 920 2554 ad

190 2573 388 2611 Didonem
422 2575 643 2612 transtulit.
714 2575 827 2622 Quae
854 2581 920 2612 ta—

190 2644 283 2670 men
323 2631 397 2668 alia
433 2631 526 2668 inde
562 2633 701 2670 tollere
729 2633 919 2683 potuerit,

190 2695 349 2742 praeter
375 2702 524 2740 pauca,
568 2703 668 2740 quae
700 2690 750 2727 ad
773 2691 920 2740 primos

190 2747 287 2786 libri
315 2759 456 2785 versus
480 2753 520 2784 et
551 2748 692 2799 passim
724 2748 815 2784 alibi
843 2762 920 2785 no-

190 2805 377 2853 tavimus‚
398 2805 468 2843 vix
491 2806 704 2856 quicquam
726 2805 920 2854 occurrit3

192 2870 232 2902 et
264 2863 427 2902 Medeae
467 2876 579 2901 amor
609 2863 826 2901 admodum
857 2863 921 2900 di-

191 2936 331 2963 versus
353 2921 402 2960 ab
419 2934 553 2960 amore
571 2921 736 2960 Didonis
746 2935 758 2973 3
781 2921 823 2959 in
842 2934 921 2972 qua

969 767 1240 807 secundarum
1275 767 1511 819 nuptiarum
1553 765 1700 818 pudor,

970 835 1010 865 et
1037 827 1143 878 regia
1176 826 1372 877 dignitas,
1409 825 1702 877 imperiumque

968 887 1012 924 in
1046 899 1154 924 novo
1194 897 1336 935 regno,
1391 883 1573 936 inprimis
1607 896 1701 922 vero

971 944 1149 982 animum
1169 942 1353 994 superbia
1374 948 1412 979 et
1430 943 1491 980 ira
1504 942 1701 980 exstimu-

969 1003 1069 1040 lant.
1146 1002 1334 1038 Ceterum
1378 1000 1489 1039 hunc
1539 1000 1701 1038 Didonis

971 1072 1146 1098 amorem
1179 1073 1199 1096 a
1238 1065 1298 1096 tot
1330 1058 1414 1097 aliis
1442 1058 1701 1097 muliercula-

971 1133 1063 1157 rum
1086 1117 1301 1166 amoribus,
1330 1124 1369 1155 et
1387 1132 1407 1154 a
1428 1118 1703 1156 recentiorum

972 1176 1138 1225 studiis,
1169 1188 1270 1226 quae
1291 1176 1407 1213 toties
1428 1176 1468 1213 in
1488 1177 1559 1214 tali
1579 1189 1701 1227 argu-

973 1241 1109 1273 mento
1127 1240 1318 1286 occupata
1339 1235 1462 1283 suere,
1483 1234 1702 1272 admodum

975 1294 1180 1332 diversum
1215 1305 1296 1329 esse
1342 1293 1456 1330 facile
1494 1292 1702 1343 intelligas.

976 1352 1100 1401 Quod
1120 1364 1198 1401 qua
1231 1351 1481 1402 potissimum
1500 1352 1656 1389 ratione
1681 1363 1700 1388 3

974 1417 1094 1463 poeta
1107 1409 1292 1446 ellectum
1308 1410 1368 1459 sit,
1401 1411 1431 1447 si
1454 1411 1560 1447 sorte
1578 1422 1703 1460 quae·-

974 1483 1062 1518 ras,
1113 1468 1251 1518 quaeri
1280 1474 1415 1506 autem
1444 1467 1523 1506 hoc
1556 1473 1702 1520 potest,

975 1539 1136 1565 caussae
1165 1526 1224 1564 rei
1254 1525 1351 1564 mihi
1382 1540 1431 1564 ex
1458 1540 1505 1565 eo
1544 1526 1704 1578 potissi-

975 1599 1087 1623 mum
1131 1584 1336 1622 ducendae
1377 1598 1458 1622 esse
1498 1585 1702 1634 videntur,

976 1643 1087 1694 quod
1114 1656 1227 1680 amor
1260 1656 1282 1680 a
1310 1642 1463 1681 Didone
1502 1650 1542 1681 et
1570 1644 1703 1680 Aenea

977 1716 1059 1739 non
1099 1701 1272 1749 leviter,
1321 1700 1392 1738 sed
1431 1707 1521 1752 post
1558 1701 1704 1739 multas

976 1771 1217 1810 magnasque
1251 1759 1477 1797 molitiones
1507 1758 1557 1796 ad
1589 1774 1704 1797 amo-

975 1831 1060 1856 rem
1084 1816 1400 1868 extinguendum
1421 1818 1571 1855 frustra
1594 1832 1615 1855 a
1636 1818 1705 1856 Di-

979 1876 1083 1913 done
1103 1876 1250 1922 factas,
1277 1880 1315 1912 et
1333 1876 1560 1914 consociata
1580 1876 1704 1914 Iuno-

978 1935 1040 1972 nis
1062 1947 1108 1970 ac
1126 1933 1288 1972 Veneris
1309 1933 1359 1970 ad
1386 1947 1472 1971 eam
1496 1934 1705 1986 impellen-

979 1993 1071 2030 dam
1100 2005 1241 2043 opera,
1288 1992 1525 2044 suscipitur3
1568 2006 1706 2044 porrO,

979 2049 1090 2102 quod
1110 2050 1259 2102 partim
1287 2064 1415 2089 novae
1434 2051 1545 2089 urbis
1574 2051 1706 2089 incre-

978 2114 1174 2156 mentum,
1194 2109 1340 2160 partim
1357 2122 1616 2147 aerumnosae
1629 2123 1705 2147 na-

979 2167 1191 2218 vigationis
1219 2167 1308 2204 finis
1337 2180 1387 2204 ex
1420 2180 1465 2205 eo
1499 2174 1706 2219 captatum

978 2225 1088 2276 quod
1106 2225 1138 2262 is
1159 2226 1304 2263 amoris
1320 2225 1483 2263 affectus
1505 2240 1595 2263 cum
1609 2226 1705 2274 aliis,

975 2284 1100 2334 iisque
1121 2284 1373 2334 gravissimis,
1393 2283 1594 2322 affectibus
1606 2298 1707 2322 con-

977 2342 1138 2380 iunctus
1168 2349 1248 2391 est3
1290 2342 1400 2392 quod
1428 2342 1594 2381 Didonis
1625 2355 1706 2379 non

980 2400 1101 2437 modo
1135 2399 1255 2438 decus
1284 2413 1330 2436 ac
1352 2400 1473 2448 sama,
1506 2400 1574 2438 sed
1603 2399 1707 2437 salus

981 2472 1026 2495 ac
1052 2458 1135 2495 vita
1163 2458 1201 2494 in
1235 2471 1279 2494 eo
1314 2457 1467 2507 agitur3
1518 2457 1707 2508 quodque

980 2515 1226 2553 miserationi
1256 2521 1387 2552 terror
1414 2515 1496 2566 ipse
1530 2524 1590 2553 est
1630 2515 1706 2552 ad-

980 2574 1143 2611 mixtus.
1206 2572 1354 2610 Aeneas
1377 2573 1537 2623 quidem
1558 2573 1707 2611 nostris

980 2631 1158 2669 moribus
1190 2630 1324 2668 idonei
1355 2633 1542 2669 amatoris
1566 2645 1707 2683 perso-

980 2702 1073 2726 nam
1104 2688 1205 2725 male
1237 2688 1433 2726 sustinere
1463 2689 1593 2727 videri
1614 2695 1708 2741 pot-

982 2753 1061 2795 est3
1102 2759 1174 2782 nec
1204 2752 1340 2798 potest
1368 2748 1524 2797 negari,
1568 2747 1638 2784 vix
1668 2753 1709 2784 te

981 2804 1031 2841 ad
1073 2804 1163 2840 libri
1202 2804 1333 2854 quarti
1379 2805 1499 2842 finem
1543 2804 1708 2855 legendo

980 2862 1210 2914 pervenire,
1260 2863 1356 2913 quin
1383 2862 1535 2902 Aeneae
1566 2862 1709 2900 ferita—

982 2926 1060 2958 tem
1094 2926 1133 2958 et
1162 2920 1453 2960 immanitatem
1483 2920 1709 2959 exsecreris.
