1827 3436
398 208 809 261 AENEIDOS
846 207 988 256 LIB.
1027 206 1093 268 II,
1136 210 1425 257 182—194
1568 211 1669 259 295

151 338 458 391 Roboribus
481 335 655 397 textis,
695 332 958 397 coeloque
986 330 1242 393 educere,
1282 332 1443 393 iussit,

150 415 228 460 Ne
251 406 413 472 recipi
440 405 632 470 portis,
673 412 760 452 aut
781 402 902 451 duci
926 401 978 450 in
1002 402 1216 450 moenia
1237 402 1431 466 possit;

149 483 265 529 Neu
286 474 548 542 populum
572 473 784 538 antiqua
805 471 902 521 sub
922 470 1182 535 religione
1207 471 1359 521 tueri.

149 552 283 598 Nam
298 586 309 608 ,
348 546 389 594 si
413 553 584 593 vestra
607 560 796 592 manus
820 540 1061 591 violasset
1083 540 1224 590 dona
1240 541 1530 601 Minervae,

151 621 292 666 Tum
331 629 589 678 magnum
636 613 848 662 exitium
896 610 1080 677 (quod
1121 610 1174 661 di
1215 610 1361 676 prius
1404 624 1567 658 omen
1615 608 1665 655 in

151 757 534 818 Convertant!)
586 752 780 802 Priami
833 697 1524 816 imfigissmPhrygihusque
1571 684 1667 795 133

936 828 1146 881 turum3

151 894 243 943 Sin
262 892 509 941 manibus
534 891 717 939 vestris
738 898 967 938 vestram
992 888 1353 938 adscendisset
1376 887 1429 935 in
1450 885 1666 935 urbem:

149 963 300 1014 Ultro
324 962 498 1012 Asiam
525 976 720 1024 magno
742 958 978 1024 Pelopea
999 959 1065 1008 ad
1086 959 1301 1008 moenia
1324 956 1470 1006 bello

147 1036 470 1096 Venturam,
501 1040 552 1080 et
576 1039 788 1079 nostros
811 1046 868 1078 ea
888 1028 992 1078 tata
1010 1045 1231 1079 manere
1251 1035 1492 1094 nepotes.

245 1174 311 1208 187
338 1172 420 1205 Neu
442 1171 555 1217 recipi
569 1169 763 1202 Priscianus
784 1168 845 1201 lib.
867 1170 971 1202 XVII
989 1181 1064 1202 cum
1084 1169 1188 1202 codd.
1205 1168 1352 1212 aliquot.
1401 1167 1437 1199 in
1455 1166 1577 1211 portis
1597 1176 1666 1196 sec.

149 1220 279 1252 Moret.
328 1231 394 1252 nec
423 1218 508 1250 duci
533 1217 664 1262 primus
686 1217 812 1248 Moret.
841 1217 890 1260 (et
916 1216 994 1249 Alb.
1025 1218 1121 1261 ufr.)
1173 1223 1301 1262 posset
1329 1213 1494 1246 Priscian.
1522 1211 1607 1244 ibid.
1637 1223 1665 1243 c.

148 1266 312 1299 Gudiano
338 1273 372 1298 et
392 1264 436 1297 al.
462 1266 612 1309 (posset,
636 1269 778 1308 praeter
796 1263 899 1303 Gud.‚
924 1263 1093 1296 Rottend.
1124 1269 1201 1295 tert.
1225 1269 1261 1294 et
1283 1260 1343 1293 alii
1359 1260 1448 1299 duo3
1483 1258 1577 1303 quod
1597 1258 1666 1289 du·-

150 1314 306 1346 bitabam
322 1338 330 1353 ,
356 1324 397 1344 an
418 1311 631 1354 reciperem,
658 1321 759 1354 quum
781 1309 892 1341 omnis
916 1310 1018 1342 etiam
1032 1336 1040 1352 ‚
1065 1321 1153 1353 quae
1175 1307 1352 1352 sequitur,
1378 1305 1491 1339 oratio
1518 1305 1562 1338 ad
1582 1304 1665 1337 Cal-

151 1360 312 1393 chantem
334 1359 527 1396 referatur3
552 1355 655 1388 facile
674 1362 788 1388 autem
807 1356 943 1389 librarii
969 1356 1013 1389 ad
1043 1355 1261 1401 superiorem
1283 1365 1419 1386 versum
1437 1353 1600 1385 aberrare
1631 1358 1666 1383 et

151 1406 249 1439 verbi
279 1407 386 1438 iussit
412 1403 693 1436 terminationem
720 1402 764 1434 ad
793 1402 861 1435 hoc
899 1403 1043 1436 verbum
1068 1402 1330 1436 accommodare
1364 1405 1567 1445 potuerunt.
1627 1399 1666 1430 In

149 1453 256 1486 Prisc.
277 1459 389 1484 tamen
411 1451 510 1491 XVI,
537 1452 568 1490 1,
594 1451 623 1493 gi.
650 1450 682 1484 5.
711 1449 878 1482 Krehlius
904 1451 1025 1496 possit
1059 1449 1180 1482 edidit.
1237 1449 1397 1481 Ceterum
1428 1448 1530 1479 intra
1549 1457 1665 1478 moen.

151 1500 290 1539 Medic„
316 1497 429 1530 literis
458 1505 518 1530 tra
546 1504 661 1529 tamen
687 1496 887 1540 expunctis,
933 1496 996 1528 sed
1021 1508 1039 1529 a
1065 1508 1166 1528 manu
1193 1495 1302 1528 multo
1329 1493 1538 1526 recentiore.
1569 1491 1664 1534 Wr.)

152 1548 218 1582 188
242 1547 319 1580 ,Nec
337 1545 408 1578 alii.
457 1544 526 1576 Sed
550 1544 583 1575 in
605 1543 657 1575 his
678 1543 830 1575 varietas
848 1544 944 1576 MSS.
966 1542 1011 1575 ad
1029 1542 1220 1575 fastidium.
1268 1542 1388 1574 teneri
1401 1538 1566 1572 Priscian.
1587 1538 1666 1580 l.c.,

150 1593 289 1626 vitiose.
386 1592 453 1625 190
478 1591 655 1622 excidium
674 1589 839 1622 Priscian.
863 1589 948 1622 ibid.
979 1589 1071 1622 alter
1100 1589 1224 1622 Hamb.
1253 1595 1287 1621 et
1309 1589 1410 1620 Voss.
1448 1586 1566 1630 (etiam
1588 1585 1665 1618 Alb.

154 1640 250 1682 lVr.)
298 1650 470 1683 magnum
490 1648 615 1669 ornans
634 1636 818 1680 epitheton
839 1643 902 1668 est.
952 1635 1019 1678 (clii
1039 1637 1165 1669 Medic.
1199 1635 1291 1680 apud
1309 1633 1469 1677 Foggin„
1511 1632 1573 1665 sed
1600 1644 1665 1664 eo·—

149 1687 228 1719 dem
247 1687 398 1718 fortasse
419 1695 550 1724 errore,
576 1695 677 1727 quem
698 1683 733 1715 h.
752 1683 774 1716 l.
792 1683 826 1714 in
846 1684 968 1726 fragm.
997 1685 1078 1716 vat.
1108 1689 1209 1715 notat
1238 1682 1426 1714 Bottarius.
1474 1681 1523 1711 Di
1542 1685 1576 1710 et
1600 1679 1665 1710 Dis

148 1733 277 1777 ubique
296 1732 339 1763 in'
354 1730 482 1763 Medic.
504 1736 647 1775 praeter
668 1730 702 1762 h.
723 1730 746 1762 l.
768 1736 803 1762 et
824 1729 912 1762 infra
935 1730 1016 1765 352.
1044 1736 1078 1762 et
1097 1729 1189 1769 702„
1214 1728 1281 1761 nisi
1306 1734 1341 1760 et
1359 1727 1446 1759 haec
1464 1726 1576 1758 errori
1598 1726 1665 1757 de-

149 1781 294 1819 bentur;
345 1777 474 1818 semel,
512 1778 575 1810 Ge.
604 1778 654 1818 ΙΙ,
692 1778 782 1817 101.,
828 1777 939 1809 altera
982 1778 995 1809 i
1026 1788 1101 1809 voc.
1132 1777 1200 1809 Dis
1238 1773 1521 1820 superscribitur.
1569 1772 1663 1815 Wr.)

151 1829 214 1862 191
243 1832 456 1859 convertent
480 1825 603 1868 Pugct.
662 1824 839 1869 Phrygiis
862 1823 988 1856 Hamb.
1018 1835 1072 1867 pr.
1100 1835 1175 1855 cum
1205 1821 1342 1866 aliquot
1367 1820 1469 1853 codd.
1495 1818 1600 1851 Pierii
1631 1825 1665 1850 et

147 1874 274 1917 fragm.
298 1871 412 1904 Vatic.
435 1870 685 1915 antiquissimo.
714 1871 789 1914 (sed
808 1869 919 1903 altera
938 1870 1092 1902 eiusdem
1117 1868 1223 1902 lectio
1248 1866 1538 1913 Phrygibusque.
1568 1865 1663 1907 Wr.)

148 1922 261 1953 Burm.
284 1918 402 1952 laudat
429 1917 605 1950 Drakenb.
634 1917 678 1949 ad
697 1917 757 1950 Sil.
779 1918 870 1955 VIII,
904 1918 986 1952 243.
1034 1914 1226 1962 Frigibus,
1261 1913 1447 1960 Frugibus
1464 1913 1554 1944 male
1574 1912 1664 1945 scri-

148 1967 253 2000 bitur.

327 1966 394 2001 192
418 1966 553 1998 vestris
573 1962 739 1996 manibus
758 1963 918 1996 Parrhas.
943 1970 979 1996 et
998 1964 1086 1995 Ven.
1109 1974 1185 1995 cum
1207 1962 1316 1995 Goth.
1342 1966 1425 1993 tert.

1498 1960 1564 1994 193
1584 1971 1665 1991 ma-

202 2026 258 2046 am
284 2012 409 2044 Hamb.
438 2023 492 2056 pr.
541 2011 703 2056 Pelopea
734 2010 874 2052 Heins.‚
909 2016 1024 2050 recte,
1051 2021 1126 2042 cum
1154 2008 1316 2042 Mediceo
1343 2015 1376 2039 et
1405 2005 1522 2040 Schol.
1549 2005 1663 2039 Statii.

148 2060 239 2094 adde
259 2058 369 2092 Goth.
389 2070 458 2091 sec.

149 2107 255 2146 bitur,
281 2105 343 2138 sed
368 2116 438 2137 non
457 2105 493 2137 h.
517 2104 541 2136 l.
591 2103 640 2136 ad
662 2104 836 2150 Pelopeia
855 2104 1071 2145 sec.Hamb.,
1103 2102 1329 2147 interpolate.

148 2162 248 2188 atros
263 2152 368 2186 Witt.
418 2159 453 2184 et
474 2159 617 2184 vestros
634 2150 751 2195 Bigot.

148 2283 226 2321 sint
245 2280 424 2334 petituri.
483 2278 604 2317 Vides
625 2275 786 2315 technas
811 2292 876 2315 sa-

149 2341 200 2378 tis
219 2337 459 2378 veteratorie
476 2336 704 2373 instructas.

209 2397 465 2439 185—188.
498 2394 629 2441 Quam
652 2398 811 2440 ornate,
844 2392 875 2430 si

149 2455 302 2505 singula
321 2451 543 2503 expendas!
574 2451 630 2488 Ne
651 2457 782 2488 tamen
797 2464 874 2488 vo—

149 2513 256 2552 tivus
278 2512 343 2549 hic
359 2523 483 2559 equus
502 2509 541 2545 in
562 2509 704 2546 urbem
722 2507 873 2554 inferri,

149 2577 188 2608 et
219 2584 293 2620 pro
327 2568 450 2606 tutela
483 2566 605 2604 statui
637 2565 781 2617 possit,
823 2565 875 2602 ad

150 2633 305 2666 tantam
352 2624 665 2675 magnitudinem
716 2623 874 2673 Equum

148 2685 234 2723 fieri
275 2683 343 2735 (ad
383 2690 463 2719 tam
494 2682 691 2732 ingentem
715 2681 873 2728 molem,

148 2742 330 2780 trabibus
376 2745 624 2787 contextam,
683 2738 874 2776 extollere

147 2806 187 2837 et
215 2805 387 2844 tantam,
419 2803 465 2833 ut
498 2797 545 2833 ad
584 2796 738 2834 coelum
777 2808 874 2846 per—

146 2858 296 2907 tingere
325 2853 528 2906 videatur)
561 2854 674 2891 iussit
696 2852 873 2891 Calchas.

148 2914 274 2952 Etiam
297 2914 336 2950 iu
366 2911 637 2950 membrorum
665 2911 807 2950 ordine
835 2915 875 2947 et

507 2057 623 2100 Vulgo
644 2057 817 2102 Pelopeia
837 2058 888 2101 (ut
907 2056 1017 2089 Palat.
1036 2058 1140 2097 Wr.),
1167 2056 1260 2100 quod
1277 2061 1311 2087 et
1330 2053 1441 2100 ipsum
1462 2053 1553 2085 bene
1573 2052 1662 2085 scri—

1435 2099 1502 2135 194
1526 2101 1564 2132 in
1592 2111 1662 2132 no-

934 2277 1194 2316 collocatione
1207 2281 1365 2328 poetam
1377 2272 1565 2325 agnoscis.
1583 2287 1661 2310 an-

934 2338 1048 2387 tiqua
1078 2336 1292 2385 religione,
1335 2331 1375 2370 h.
1412 2345 1443 2369 e.
1475 2344 1541 2379 ea,
1581 2344 1659 2380 qua

934 2398 1163 2443 surreptum
1194 2389 1414 2429 Palladium
1442 2395 1559 2426 antea
1589 2402 1659 2425 co-

933 2450 1114 2498 luerant3
1154 2462 1202 2486 ne
1238 2461 1348 2485 nunc
1372 2459 1446 2498 pro
1483 2446 1659 2484 Palladio

934 2508 1069 2557 Equus
1083 2507 1321 2554 haberetur-3
1352 2518 1430 2555 quo
1453 2516 1658 2541 sacrorum

933 2566 1047 2603 cultu
1070 2565 1263 2602 demerita
1295 2569 1333 2600 et
1357 2561 1530 2614 propitia
1561 2560 1658 2598 red—

934 2623 1016 2661 dita
1036 2623 1163 2660 Pallas
1183 2621 1361 2668 eandem,
1392 2626 1439 2656 ut
1456 2625 1560 2665 ante,
1588 2624 1658 2655 tu-

932 2681 1053 2718 telam
1076 2680 1222 2718 colenti
1249 2677 1399 2729 populo
1425 2681 1657 2727 praestaret.

992 2740 1072 2780 189
1105 2751 1187 2788 sqq.
1240 2736 1380 2774 Melius
1409 2733 1509 2771 haec
1539 2745 1657 2783 quam

932 2795 1040 2847 apud
1054 2794 1272 2846 Tryphiod.
1293 2794 1376 2834 288
1389 2805 1485 2841 sqq„
1505 2791 1536 2828 si
1557 2803 1656 2827 con-

931 2854 1035 2891 serre
1078 2852 1199 2890 lubet.
1258 2850 1389 2902 (dona
1431 2851 1656 2893 Minervae,

933 2910 1014 2949 vid.
1038 2916 1174 2949 notata
1198 2908 1249 2946 ad
1268 2922 1324 2946 vs.
1345 2909 1411 2948 31.
1432 2904 1542 2957 lVr.)
1576 2906 1654 2945 192
