1827 3436
352 175 443 223 DE
485 170 801 222 CARMINE
842 169 1056 218 EPICO
1096 169 1349 219 VIRGIL.
1592 178 1619 222 3

80 310 146 356 lio
177 312 444 368 susceptae
475 310 522 350 et
547 309 754 365 gestae,
801 299 1099 346 narratione
1130 300 1201 344 ad
1233 298 1621 344 admirationem

80 377 406 442 efficiendam
431 374 673 421 instituta.
725 365 1009 419 Eiusmodi
1044 366 1190 415 enim
1210 366 1443 413 narratio
1466 382 1620 430 prae-

79 443 397 494 stantissima
434 450 513 491 est
542 457 603 489 ex
633 448 752 488 toto
789 438 895 487 hoc
932 453 1118 486 rerum
1149 451 1365 501 genere.
1440 439 1620 484 Admi-

78 519 280 566 ratione
312 513 503 562 animis
534 511 724 559 iniecta
755 509 1030 576 quaeritur
1055 506 1142 555 hic
1177 523 1260 565 ea,
1305 522 1441 571 quae
1470 507 1619 554 omni

81 584 302 636 carmini
338 581 614 650 proposita
657 589 759 644 est,
806 579 902 628 sed
940 578 993 627 in
1030 576 1131 626 alio
1163 592 1364 640 genere
1402 575 1467 624 ab
1512 575 1621 625 aliis

82 656 277 706 caussis
334 652 718 721 proficiscitur„
778 653 1048 699 delectatio
1060 670 1075 706 ,·
1130 664 1266 714 quae
1318 646 1533 713 utique,
1580 647 1621 695 si

79 728 317 792 ingenuo
344 733 396 774 et
419 721 624 773 liberali
651 721 832 770 animo
856 720 1013 784 digna
1039 734 1152 767 esse
1177 717 1359 780 dehet,
1388 734 1414 765 a
1435 733 1622 766 rerum

80 797 366 847 honestate
393 804 445 844 et
472 793 695 843 utilitate
722 792 960 841 seiuncta
993 805 1107 839 esse
1134 789 1349 855 nequit,
1391 796 1444 836 et
1470 795 1620 836 tanto

83 868 414 935 exquisitior,
452 863 792 929 generosior,
832 870 884 911 et
906 861 1122 927 plenior
1145 868 1244 921 est,
1285 875 1394 925 quo
1418 858 1622 907 maiora

82 939 288 988 virtutis
332 936 745 985 adhortamenta
776 941 828 981 et
861 932 1205 980 incitamenta
1235 946 1356 978 cum
1383 928 1481 977 hac
1510 929 1622 995 ipsa

82 1009 357 1075 voluptate
381 1006 571 1056 animis
595 1022 651 1054 se
675 1005 969 1063 ins111uant3
1009 1010 1068 1050 ut
1092 1000 1229 1049 adeo
1245 1042 1257 1063 ‚
1296 1001 1337 1048 si
1371 1000 1487 1066 quis
1509 1016 1622 1048 car-

81 1081 216 1129 mini
242 1079 395 1145 epico
419 1092 678 1140 magnum
708 1072 928 1139 aliquod
962 1090 1019 1121 ac
1050 1070 1383 1137 praeclarum
1417 1071 1622 1119 virtutis

85 1160 138 1201 et
157 1153 319 1210 vitae,
360 1148 603 1214 inprimis
634 1144 898 1211 publicae,
940 1151 1291 1209 pracceptum
1317 1141 1623 1190 subiectum

86 1239 200 1271 esse
246 1220 448 1269 debere
495 1217 710 1279 dixerit,
770 1214 835 1263 ad
881 1231 1066 1262 rerum
1104 1214 1293 1279 utique
1339 1213 1621 1261 veritatem

86 1292 275 1342 dixisse
309 1290 396 1339 ille
423 1289 693 1345 videatur3
734 1286 827 1334 sed
854 1294 1049 1352 poetae
1087 1283 1244 1349 epico
1277 1282 1395 1331 talis
1426 1281 1622 1332 utilitas

86 1363 152 1413 ad
188 1360 591 1429 philosophicas
614 1357 851 1406 rationes
889 1364 1063 1405 exacta
1094 1370 1207 1402 non
1244 1354 1312 1403 ita
1345 1353 1622 1420 proposita

87 1451 201 1484 esse
234 1441 428 1499 potest,
465 1439 525 1479 ut
552 1428 789 1496 poeticas
815 1427 1050 1475 rationes
1069 1424 1198 1473 inde
1224 1433 1371 1491 petat
1397 1433 1486 1473 aut
1505 1441 1622 1473 me-

85 1505 268 1565 tiatur3
298 1515 352 1553 ut
376 1521 548 1551 rerum
574 1509 914 1548 narratarum
943 1500 1283 1545 admiratione
1312 1500 1466 1545 animi
1496 1498 1624 1563 affi-

87 1579 302 1636 riantur,
324 1573 430 1622 hoc
455 1586 732 1620 summum
758 1577 836 1617 est
859 1566 1008 1634 quod
1033 1566 1123 1616 ille
1146 1566 1389 1633 sequitur
1402 1572 1464 1631 *).
1503 1568 1624 1632 Ipsa

86 1654 268 1696 autem
297 1660 483 1694 rerum
518 1642 939 1705 animorumque
975 1646 1290 1686 nostrorum
1331 1646 1518 1686 natura
1554 1637 1623 1686 ita

84 1715 217 1779 fert,
252 1724 336 1777 ut,
377 1712 527 1781 quod
557 1730 584 1761 a
620 1713 816 1760 virtute.
860 1719 912 1758 et
943 1708 1170 1757 utilitate
1205 1707 1419 1774 publica
1459 1715 1623 1769 vacat,

87 1787 153 1836 ad
205 1787 413 1836 animos
449 1793 664 1833 nostros
710 1781 1065 1830 admiratione
1109 1778 1471 1845 impellendos
1512 1779 1622 1827 vim

85 1857 207 1907 satis
242 1873 492 1922 magnam
524 1854 728 1903 habere
756 1859 1007 1918 nequeat.
1080 1853 1204 1900 Non
1230 1849 1389 1914 igitur
1408 1849 1515 1899 ulla
1540 1866 1625 1897 ra-

85 1930 235 1978 tione
277 1927 494 1978 evenire
536 1933 741 1991 potest,
809 1932 869 1972 ut
900 1922 1111 1970 bonum
1144 1937 1362 1970 carmen
1407 1920 1623 1986 epicum

88 1999 361 2049 contineat
388 1996 547 2056 nihil,
589 1994 739 2062 quod
775 1993 839 2042 ad
869 1992 1143 2059 publicam
1170 1999 1222 2040 et
1252 1991 1462 2040 civilem
1487 1990 1625 2039 utili-

88 2079 255 2120 tatem
279 2069 455 2119 valere
486 2067 666 2133 possit.
744 2067 945 2115 Contra
975 2079 1106 2111 vero
1140 2077 1334 2126 magna
1371 2070 1423 2111 et
1460 2060 1625 2110 ardua

90 2140 322 2204 consilia,
358 2138 545 2189 excelsi
579 2146 631 2185 et
655 2133 925 2200 magnifici
954 2133 1261 2182 animorum
1285 2148 1487 2195 sensus,
1525 2132 1622 2179 vir-

88 2221 173 2260 tus
195 2211 334 2260 ultra
360 2209 637 2274 vulgarem
662 2205 1001 2255 mortalitatis
1021 2203 1311 2253 modulum
1337 2212 1389 2252 et
1407 2218 1624 2251 morem

90 2283 329 2331 animosa
362 2290 414 2330 et
432 2279 610 2339 sortis,
649 2277 811 2327 nullis
834 2275 1066 2325 adversis
1096 2272 1302 2324 casibus
1332 2282 1384 2323 et
1412 2274 1623 2339 pericu-

89 2352 270 2403 lorum
311 2350 609 2401 terroribus
654 2347 877 2397 infracta
912 2362 1096 2407 mens,
1157 2345 1297 2394 salus
1337 2345 1532 2393 civium
1572 2352 1625 2392 et

89 2423 301 2490 imperii
329 2423 575 2472 maiestas
609 2419 694 2469 vel
726 2428 875 2485 parta
914 2416 998 2466 vel
1039 2424 1242 2466 servata
1282 2431 1342 2465 ac
1385 2412 1623 2477 defensa,

208 2578 244 2633 *)
275 2579 484 2617 Hactenus
502 2578 604 2615 bene
626 2581 805 2622 veteres,
848 2573 967 2610 etiam
987 2570 1261 2610 Grammatici.
1322 2568 1480 2608 Auctor
1510 2568 1624 2607 Vitae

89 2638 257 2677 Homeri
281 2637 368 2691 (seu
388 2637 523 2689 potius
549 2636 598 2674 de
616 2633 839 2673 virtutibus
862 2631 1029 2670 Homeri
1055 2645 1147 2669 cum
1175 2628 1384 2677 dictionis,
1418 2634 1507 2666 tum
1529 2640 1622 2664 sen-

90 2697 313 2735 tentiarum
346 2709 392 2734 ac
418 2693 595 2747 rerum):
632 2692 704 2733 καὶ
734 2689 780 2733 τό
801 2689 876 2743 μὲν
907 2687 1004 2730 ὅλον
1033 2684 1137 2742 παρ’
1175 2683 1290 2743 αὐτῷ
1322 2685 1513 2740 διήγησις
1541 2688 1623 2725 τῶν

90 2751 341 2810 πραγμάτων
385 2750 620 2803 παράδοξος
657 2749 726 2791 καὶ
764 2745 966 2803 μυθώδης
999 2742 1337 2795 κατεσκεύασται,
1397 2742 1502 2797 ὑπὲρ
1549 2745 1623 2784 τοῦ

90 2816 277 2867 πληροῦν
312 2808 492 2867 ἆγωνίας
518 2812 588 2852 καὶ
619 2805 837 2861 θαύματος
863 2805 960 2855 τούς
992 2802 1338 2859 ἐντυγχάνοντας,
1379 2802 1448 2843 καὶ
1471 2802 1623 2853 ἐκπλη-

91 2869 237 2925 κτικήν
275 2869 352 2923 τὴν
381 2865 581 2924 ἀκρόασιν
612 2862 881 2909 καθιστάναι.
946 2864 1043 2903 Gale
1064 2862 1270 2915 Mythogr.
1290 2875 1329 2914 p.
1351 2864 1458 2909 280,
1491 2860 1552 2898 vel
1583 2859 1621 2896 in

92 2926 255 2968 Homer.
277 2930 435 2968 Ernest.
456 2942 495 2981 p.
517 2928 612 2970 153.

1266 2977 1291 3020 l
1318 2979 1343 3008 'l‘
