1779 3420
64 226 163 273 188
390 218 444 265 Ρ.
484 214 841 265 VIRGILII
877 211 1251 261 MARONIS

57 349 125 397 At
148 344 345 394 domus
368 342 593 392 interior
614 340 774 406 regali
797 337 1078 405 splendida
1106 337 1226 386 luxu

55 415 366 477 Iusti-uitur,
402 412 705 478 mediisque
728 409 1173 477 parantconvivia
1199 406 1373 455 tectis:

55 492 184 537 Arte
211 485 482 534 laboratae
506 491 704 542 vesteS‚
743 489 1000 544 ostroque
1025 476 1289 544 superbo;

54 559 254 621 Ingens
286 562 567 619 argentum
589 551 813 612 mensis,
854 547 1159 614 caelataque
1182 548 1232 596 in
1258 562 1386 595 auro
1482 547 1583 595 640

54 627 235 677 Fortia
253 623 388 674 facta
407 633 637 690 patrum,
676 622 838 670 series
860 618 1170 683 longissima
1194 633 1392 675 rerum,

55 701 160 748 Per
181 704 262 745 tot
297 695 453 744 ducta
474 694 616 742 viros
639 692 888 756 antiquae
915 688 979 737 ab
1004 688 1207 751 origine
1234 686 1418 751 gentis.

125 770 333 818 Aeneas
360 769 563 830 (neque
586 764 730 811 enim
754 759 952 827 patrius
978 759 1270 807 consistere
1292 763 1538 805 mentem

54 840 243 888 Passus
268 840 443 899 amor)
469 832 720 899 rapidum
750 830 816 880 ad
839 829 984 878 navis
1010 828 1303 896 praemittit
1326 824 1581 886 Achaten,

126 924 241 972 638.
279 931 477 967 TECTIS.
623 919 737 967 642.
775 925 1014 970 ANT1QUA

53 1036 297 1083 amplecteris,
330 1034 419 1068 illud
438 1034 617 1076 fatebere,
651 1032 847 1067 desiderari
871 1030 928 1064 hic
960 1029 1164 1063 munditiem
1190 1026 1469 1072 elegantiamque
1495 1025 1580 1059 Vir-

53 1085 238 1129 gilianam:
272 1095 351 1115 nam
377 1094 420 1114 ne
445 1081 533 1114 illud
558 1082 699 1126 quidem
729 1091 884 1112 munera
919 1079 993 1112 diei
1032 1083 1067 1109 et
1103 1076 1248 1109 laetitia
1273 1075 1348 1107 diei
1370 1074 1455 1106 satis
1482 1085 1581 1105 com-

52 1133 157 1166 mode
183 1131 324 1165 dietum.
375 1129 514 1163 Scilicet
549 1129 623 1161 fato
658 1127 867 1160 interclusus
894 1132 948 1158 est
971 1131 1100 1169 poeta,
1125 1122 1308 1167 quominus
1339 1121 1580 1154 adumbratum

53 1179 150 1224 quasi
180 1185 214 1210 et
248 1178 420 1210 abiectum
455 1175 662 1209 versiculum
698 1174 856 1219 expleret
888 1171 1164 1218 perpoliretque.
1214 1169 1376 1201 Ceterum
1412 1167 1441 1200 si
1467 1168 1531 1200 Ge.
1555 1169 1579 1209 Ι,

50 1227 133 1262 208.
165 1226 225 1258 die
257 1237 339 1257 vera
375 1230 429 1256 est
461 1223 590 1264 lectio,
626 1230 665 1256 ut
698 1227 862 1266 putatur,
897 1219 1044 1252 eandem
1076 1219 1224 1250 formam
1260 1216 1317 1249 hic
1354 1227 1492 1260 quoque
1519 1227 1581 1246 re-

52 1273 191 1319 quiras;
238 1271 307 1304 nisi
346 1272 440 1304 forte
484 1276 643 1303 ornatum
678 1281 719 1302 ex
757 1266 929 1300 eiusmodi
962 1265 1132 1299 varietate
1175 1263 1351 1308 quaesisse
1394 1261 1580 1306 Virgilium

54 1318 341 1353 existimabimus.
383 1317 479 1362 lVr.)
575 1318 644 1352 639
680 1314 860 1362 superbae
884 1315 1021 1357 Hugen.
1049 1325 1069 1345 a
1105 1324 1149 1344 m.
1186 1323 1255 1343 sec.
1299 1308 1579 1353 interpolatrice.

50 1369 122 1404 642
149 1366 339 1410 Vulgatum
379 1372 460 1398 ante
494 1370 571 1398 erat
607 1365 783 1409 antiquae
818 1360 862 1394 ab
897 1362 1040 1407 origine
1073 1359 1208 1406 gentis·
1257 1360 1321 1398 At,
1362 1356 1457 1401 quod
1490 1369 1580 1389 nunc

52 1427 128 1448 cum
166 1413 340 1446 Brunckio
374 1413 418 1445 V.
445 1412 481 1445 C.
512 1411 614 1452 dedi,
649 1411 805 1455 antiqua
838 1407 883 1442 ab
921 1408 1064 1454 origine
1096 1407 1239 1453 gentiS,
1275 1404 1477 1437 obtulerant
1503 1405 1579 1436 Gu-

50 1462 174 1495 dianus
203 1474 222 1494 a
253 1473 299 1494 m.
328 1472 400 1505 pr.,
435 1459 504 1493 duo
539 1457 750 1492 vetustiores
776 1456 958 1497 Rottend.,
988 1452 1065 1487 tres
1101 1453 1161 1486 alii
1187 1465 1214 1485 c.
1239 1452 1364 1496 fragm.
1391 1452 1518 1484 Moret.
1545 1457 1580 1484 et

51 1516 203 1554 quatuor
228 1510 412 1540 Burmann.
439 1519 515 1539 cum
546 1505 655 1539 Goth.
690 1517 743 1549 pr.
803 1504 847 1536 Et
881 1503 930 1536 sic
963 1501 1091 1535 Medic.
1117 1499 1224 1533 Pierii
1251 1506 1286 1532 et
1317 1499 1478 1542 Longob.
1504 1510 1580 1532 cum

50 1557 129 1590 aliis
163 1555 301 1600 aliquot
342 1554 435 1599 apud
477 1566 563 1587 eum.
604 1552 699 1597 quod
732 1551 893 1595 equidem
936 1549 1100 1595 praefero
1143 1554 1318 1591 tamquam
1363 1545 1501 1579 doctius
1546 1553 1580 1578 et

50 1603 193 1642 melius;
240 1610 275 1635 et
311 1601 360 1634 sic
395 1601 461 1634 iam
496 1601 584 1634 editi
616 1598 776 1633 nonnulli
802 1598 935 1630 habere
961 1597 1134 1629 videntur.
1172 1595 1341 1639 <antiqua
1368 1605 1385 1625 e
1412 1593 1519 1626 Paris.
1544 1594 1577 1627 Ξ.

52 1657 88 1684 et
112 1653 144 1687 9.
195 1652 231 1682 lu
258 1648 430 1682 eiusmodi
456 1660 493 1680 re
531 1647 718 1693 plurimum
750 1645 975 1678 tribuendum
999 1642 1293 1687 praestantiorum
1320 1640 1489 1673 librorum
1515 1652 1578 1673 au·-

50 1697 225 1737 ctoritati3
259 1695 340 1729 huie
372 1695 478 1739 igitur
503 1696 690 1728 obsecutus
714 1691 840 1726 reduxi
875 1692 1061 1736 antiquae.
1109 1689 1273 1729 Accedit,
1314 1687 1409 1732 quod
1435 1687 1578 1733 epithe-

49 1751 110 1779 ton
141 1745 186 1778 ad
216 1743 411 1789 proximum
431 1754 507 1775 voc.
526 1741 808 1775 accommodasse
831 1738 967 1772 librarii
982 1738 1164 1777 videntur,
1199 1736 1294 1780 quod
1315 1735 1417 1767 etiam
1441 1734 1578 1767 facilius

50 1791 127 1825 fieri
152 1797 292 1836 poterat
312 1790 346 1823 h.
364 1790 387 1823 l.
408 1790 453 1823 ob
477 1789 676 1828 elisionem3
703 1800 766 1820 nec
785 1799 855 1819 nou
875 1784 998 1819 similis
1018 1783 1284 1828 compositionis
1307 1781 1507 1815 recordatio
1530 1781 1578 1814 li-

48 1839 188 1872 brarios
208 1839 241 1871 iu
260 1837 417 1870 fraudem
437 1837 620 1881 impellere
640 1835 778 1878 potuit3
797 1834 840 1867 cs.
853 1845 957 1878 supra
968 1845 1018 1864 vs.
1037 1832 1117 1866 372.
1134 1831 1222 1863 infra
1236 1830 1316 1865 753.
1329 1831 1390 1862 Ge.
1405 1830 1576 1868 1v,236.;

51 1893 87 1919 et
117 1886 186 1919 vid·
215 1887 259 1918 V·
288 1885 328 1918 L·
357 1885 402 1917 ad
421 1885 469 1925 Χ,
498 1885 575 1919 179.
606 1882 700 1926 er.)
744 1882 939 1928 primaque
976 1878 1020 1912 ab
1051 1892 1081 1912 o.
1122 1890 1187 1923 pro
1229 1877 1367 1910 diversa
1405 1876 1578 1920 scriptura

49 1933 86 1966 in
106 1934 167 1967 alt.
190 1933 314 1966 Hamb.
364 1933 476 1965 ducta
506 1944 596 1964 suae
619 1932 773 1974 antiqua
796 1928 851 1961 ed.
882 1929 972 1960 Ven.
1068 1926 1136 1961 643
1162 1933 1280 1958 mente
1310 1923 1403 1968 apud
1429 1925 1577 1956 Germa-

48 1993 129 2013 num
147 1981 268 2020 fuere,
302 1978 360 2024 qui
393 1979 565 2023 legerent.
604 1977 707 2010 male.
757 1984 911 2008 mentem
940 1986 1058 2007 omnes
1080 1972 1162 2005 libri
1181 1978 1333 2004 tuentur.
1383 1972 1481 2003 Mens
1503 1984 1577 2004 non

49 2029 269 2067 consistere,
304 2026 367 2058 sed
395 2026 583 2066 fluctuare,
616 2024 763 2064 dicitur,
799 2022 938 2067 quando
970 2020 1060 2054 curis
1081 2028 1115 2054 et
1137 2018 1435 2053 sollicitudinibus
1460 2017 1577 2062 agita-

48 2082 123 2115 tur3
150 2074 201 2107 uti
229 2081 263 2107 et
289 2073 420 2106 animus
442 2073 496 2105 vel
519 2085 613 2105 mens
635 2083 782 2116 quassa,
809 2081 998 2109 concussa,
1033 2074 1275 2112 conquassata.
1310 2068 1483 2112 (patruus
1503 2072 1577 2097 erat

48 2121 84 2154 in
103 2122 247 2155 Oudart.
263 2121 359 2161 Wr.)
419 2118 489 2155 644
514 2120 563 2152 ad
585 2132 715 2152 navem
735 2117 879 2150 Oudai-t.
919 2116 1139 2148 transmittit
1161 2116 1297 2157 Menag.
1318 2125 1371 2158 pr.
1396 2113 1577 2159 permittit

48 2170 176 2202 Moret.
197 2180 266 2202 sec.
287 2174 324 2201 et
335 2169 461 2200 Graev.
497 2169 610 2200 Burm.
630 2165 722 2199 coni.
743 2165 916 2202 remittit3
944 2162 1037 2206 quod
1054 2170 1169 2195 tamen
1188 2169 1332 2194 metrum
1351 2160 1445 2193 ferre
1464 2171 1577 2204 nega-

48 2216 111 2249 bat
130 2216 316 2250 Schrader.
335 2215 534 2249 Emendatt.
564 2213 677 2259 praef.
708 2226 743 2258 p.
776 2212 903 2244 XLIII.
934 2211 992 2243 lV.
1042 2212 1087 2243 At
1108 2208 1316 2250 tenendum,
1340 2208 1577 2254 praemittere

48 2311 133 2350 lent
169 2311 224 2349 sic
254 2311 416 2363 gaudia
454 2310 533 2349 dici
577 2309 626 2348 de
659 2309 781 2347 rebus

49 2383 150 2420 quae
170 2369 338 2417 faciunt,
357 2376 397 2408 et
419 2369 504 2409 Val.
525 2368 583 2406 Fl.
604 2368 668 2416 IV,
684 2365 780 2410 534.

48 2427 223 2466 Phineus
264 2442 372 2465 nova
411 2429 583 2465 miratur
616 2427 781 2477 gaudia

48 2500 223 2523 mensae.

109 2546 205 2585 637.
259 2542 341 2579 Iam
389 2541 569 2579 Catullus
624 2540 782 2578 dixerat

49 2601 151 2650 LXI,
175 2600 229 2642 46
251 2614 490 2651 quac-unque
510 2600 699 2649 opulenta
717 2613 781 2634 re-

48 2661 164 2697 cessit
211 2660 349 2707 Regia
387 2679 443 2686 —-
498 2659 597 2693 Tota
639 2657 781 2693 domus·

45 2718 202 2769 gaudet
234 2717 370 2766 regali
405 2714 619 2765 splendida
647 2728 775 2764 gaza.

47 2777 96 2817 cs.
127 2774 291 2825 reliqua.
334 2774 434 2811 luxu
465 2771 667 2824 praeclare
706 2784 780 2822 pro

47 2838 245 2886 apparatu
269 2831 403 2883 regali.
465 2833 562 2872 639.
594 2829 779 2867 Brevita-

46 2893 111 2941 tis,
132 2897 274 2944 utpote
295 2890 335 2927 in
358 2889 601 2936 narratione,
621 2894 661 2925 et
681 2900 779 2938 poe-

48 2951 149 2990 ticae
191 2948 407 3001 elegantiae
446 2946 624 2985 studium
657 2945 778 2983 omis-

840 2306 990 2344 sionem
1016 2304 1130 2345 verbi
1162 2304 1335 2357 peperit:
1367 2312 1473 2352 sunt,
1511 2303 1575 2342 vel

840 2367 1101 2403 instruuntur.
1157 2363 1230 2401 int.
1271 2368 1405 2401 autem
1446 2367 1576 2400 vestes

841 2422 1037 2473 stragulas
1066 2433 1292 2473 purpureas
1314 2434 1456 2471 magna
1483 2433 1575 2457 cum

842 2486 929 2518 arte
952 2486 1095 2517 textas.
1158 2479 1321 2516 Ostrum
1342 2476 1570 2528 mcperbum,

841 2537 1121 2590 splendidum3
1170 2537 1240 2574 inf.
1278 2538 1361 2577 697
1406 2542 1445 2573 et
1491 2538 1574 2576 700

840 2598 993 2634 aulaea
1021 2594 1191 2645 superba
1220 2599 1259 2631 et
1286 2602 1433 2631 ostrum
1466 2602 1573 2629 stra—

840 2663 936 2692 tam.
971 2655 1111 2699 (vestes
1142 2660 1243 2689 ostro
1275 2650 1455 2701 superbo,
1488 2649 1572 2690 vid.

839 2712 886 2752 V.
910 2712 951 2748 L.
982 2710 1032 2748 ad
1063 2710 1130 2757 III,
1161 2712 1258 2750 617.
1295 2707 1407 2760 Hsr.)
1478 2707 1572 2748 640.

839 2769 944 2808 Vasa
974 2781 1116 2818 inagna
1153 2772 1339 2817 argentea
1367 2773 1406 2803 et
1438 2778 1572 2813 aurea,

840 2839 963 2877 eaque
1002 2825 1149 2864 caelata
1180 2838 1199 2861 e
1234 2838 1345 2862 more
1388 2829 1573 2861 veterum

839 2884 1060 2923 admodum
1100 2885 1375 2933 frequentato,
1409 2888 1447 2918 et
1475 2880 1516 2922 h.
1547 2881 1571 2919 l.

839 2943 999 2995 quidem
1035 2942 1149 2979 sactis
1177 2940 1372 2979 maiorum
1406 2939 1571 2978 Didonis
