1827 3436
329 768 383 816 P.
446 761 873 816 VIRGILII
930 757 1363 810 MARONIS

90 909 154 978 Α
282 907 341 975 Ε
470 904 539 977 Ν
683 903 742 972 E
889 902 917 969 Ι
1047 900 1113 969 D
1247 894 1322 966 O
1444 895 1604 982 S*)

504 1061 786 1121 LIBER
836 1057 1190 1117 PRIMUS

535 1349 1163 1392 ARGUMENTUM

100 1435 244 1502 Troia
281 1464 396 1510 capta
434 1457 609 1507 Aeneas,
652 1456 847 1495 Anchisae
886 1461 925 1494 et
959 1454 1123 1494 Veneris
1152 1453 1281 1500 filius,
1322 1450 1386 1489 vir
1423 1448 1612 1500 singulari

101 1523 248 1570 pietate
279 1516 442 1567 parique
471 1514 710 1554 fortitudine
739 1514 967 1566 praeditus,
1008 1526 1098 1550 cum
1137 1510 1284 1548 erroris
1321 1508 1383 1546 sui
1413 1521 1518 1544 anno
1550 1519 1613 1543 se-

101 1575 228 1627 ptimo
257 1586 330 1625 per
364 1587 472 1612 mare
503 1572 759 1625 Tyrrhenum
790 1586 811 1608 a
831 1571 962 1609 Sicilia
991 1570 1033 1608 in
1057 1569 1209 1608 Italiam
1237 1566 1408 1616 navigat,
1439 1564 1615 1602 immissa

103 1633 152 1670 ab
184 1631 304 1670 Aeolo
338 1644 427 1683 rege
457 1637 694 1679 ventorum,
725 1636 869 1681 rogatu
897 1628 1083 1677 Iunonis,
1114 1625 1347 1677 gravissima
1379 1627 1614 1674 tempestate

103 1690 155 1728 ad
188 1689 380 1741 Libycum
426 1689 541 1727 littus
579 1687 795 1740 adpellitur
828 1689 1033 1728 1—169:
1083 1695 1341 1736 egressusque
1377 1681 1421 1719 in
1451 1686 1615 1726 terram,

104 1753 254 1799 septem
283 1746 435 1798 ingenti
473 1745 747 1797 magnitudine
778 1757 917 1782 cervos
957 1742 1105 1794 sagittis
1134 1739 1375 1794 prosternit,
1417 1738 1616 1789 singulos-

104 1818 181 1856 que
219 1804 261 1842 in
300 1804 470 1855 singulas
509 1817 630 1843 naves
667 1802 745 1856 (tot
787 1802 891 1840 enim
929 1814 979 1839 ex
1021 1800 1198 1852 dispersa
1227 1799 1348 1836 classe
1388 1793 1615 1847 collegerat)

106 1861 334 1913 aequaliter,
354 1861 575 1900 distribuit:
620 1861 745 1899 socios
777 1859 941 1907 deinde,
979 1858 1105 1910 longis
1133 1857 1213 1895 iam
1241 1854 1444 1894 erroribus
1474 1853 1619 1903 fatiga--

105 1926 190 1968 tos,
230 1932 298 1971 spe
329 1920 489 1958 suturae
517 1919 661 1970 quietis
697 1918 748 1956 ad
776 1916 1033 1955 tolerandum
1074 1914 1183 1966 quod
1212 1914 1411 1964 reliquum
1441 1917 1529 1948 erat
1557 1910 1618 1947 la-

106 1977 214 2016 boris
250 1976 618 2018 hortatur—222.
679 1976 836 2014 Interea
874 1975 1008 2013 Venus
1038 1973 1192 2011 Aeneae
1232 1971 1294 2009 sui
1326 1969 1619 2008 Troianorum-

108 2048 184 2087 que
215 2048 393 2072 caussam
425 2034 535 2087 apud
564 2034 698 2072 Iovem
727 2033 825 2085 agit,
867 2032 1125 2082 omniumque
1162 2029 1432 2068 calamitatum
1460 2026 1620 2064 illarum

109 2106 287 2131 caussam
312 2092 455 2131 Iunoni
484 2092 670 2143 imputat.
728 2091 880 2142 Iupiter
907 2095 1071 2137 contra,
1102 2093 1278 2126 reserata
1304 2087 1478 2124 satorum
1508 2082 1620 2131 serie,

110 2163 178 2202 spe
210 2149 333 2188 felicis
362 2150 600 2202 posteritatis
642 2149 923 2200 potentiaeque
961 2148 1257 2194 Romanorum,
1295 2143 1398 2182 filiae
1441 2141 1621 2180 dolorem

112 2207 526 2249 consolatur—304.
590 2207 712 2245 Cuius
765 2206 946 2244 oratione
987 2204 1224 2242 confirmata
1264 2202 1422 2248 Venus,
1466 2198 1621 2237 Aeneae

113 2278 208 2313 su0‚
255 2265 437 2303 locorum
473 2266 611 2316 ignaro
645 2270 685 2302 et
722 2262 992 2315 explorandae
1032 2261 1203 2312 regionis
1233 2273 1370 2297 caussa
1407 2256 1490 2294 hue
1527 2256 1623 2294 illuc

114 2322 337 2371 oberranti,
376 2335 458 2360 sese
498 2322 660 2360 obviam
698 2321 882 2373 praebet:
924 2332 1124 2369 navesque
1154 2318 1350 2369 dispersas
1380 2315 1509 2353 salvas
1540 2326 1623 2350 esse

113 2380 289 2418 nuntiat:
319 2380 572 2430 ostenditque
601 2392 684 2416 non
714 2379 857 2430 procul
885 2378 996 2416 illinc
1025 2377 1159 2414 abesse
1180 2374 1472 2425 Carthaginem,
1502 2385 1624 2422 quam

114 2443 212 2475 tunc
243 2437 285 2476 in
312 2437 360 2474 iis
380 2437 475 2475 locis
496 2436 694 2476 condebat
710 2435 987 2477 Dido—409.
1046 2433 1198 2471 Aeneas
1217 2433 1366 2482 itaque,
1393 2430 1534 2468 matris
1552 2430 1623 2467 be-

117 2494 256 2533 neficio
288 2508 383 2533 cava
415 2495 521 2533 nube
549 2494 723 2544 cinctus,
768 2507 850 2532 una
880 2507 971 2531 cum
1002 2491 1152 2529 Achate
1183 2489 1461 2539 Carthaginem
1488 2487 1624 2538 ingre-

117 2553 246 2590 ditur:
276 2552 345 2590 ubi
376 2559 416 2590 et
445 2552 570 2590 socios
601 2552 732 2590 salvos
763 2551 936 2602 reperit,
969 2556 1009 2588 et
1040 2564 1061 2586 a
1091 2549 1246 2586 Didone
1276 2546 1443 2597 benigue
1473 2544 1625 2596 excipi-

118 2611 354 2651 tur—656.
414 2609 547 2648 Venus
577 2615 732 2657 tamen,
772 2608 881 2658 quod
916 2620 1044 2658 neque
1073 2606 1241 2644 Iunonio
1282 2603 1456 2654 hospitio
1498 2615 1626 2653 neque

120 2666 300 2704 muliebri
330 2668 620 2705 inconstantiae
649 2667 744 2705 satis
774 2666 940 2714 fideret,
971 2664 1101 2716 sopito
1132 2664 1173 2701 in
1203 2662 1347 2700 Idaliae
1377 2661 1478 2699 lucis
1501 2661 1625 2698 Asca-

120 2724 208 2771 nio,
240 2738 312 2775 pro
348 2738 394 2762 eo
425 2724 663 2776 Cupidinem
692 2724 914 2772 substituit,
951 2722 1017 2772 qui
1049 2722 1154 2760 inter
1186 2720 1392 2772 amplexus
1423 2724 1461 2756 et
1492 2717 1626 2757 oscula

121 2781 289 2819 latenter
318 2781 473 2834 reginae
503 2794 677 2820 amorem
708 2781 879 2833 inspirat
910 2779 1074 2818 Aeneae.

214 2907 240 2949 ')
267 2907 316 2939 De
340 2908 568 2954 inscriptione
595 2908 710 2953 operis
736 2904 806 2939 vid.
832 2908 874 2939 V.
901 2906 940 2937 L.
966 2905 1009 2938 ad
1036 2904 1057 2937 l.
1084 2904 1149 2944 IX,
1174 2902 1254 2938 653.
1286 2903 1365 2935 Wr.
