<?xml version="1.0" encoding="UTF-8"?>
<!DOCTYPE html PUBLIC "-//W3C//DTD XHTML 1.0 Transitional//EN"
    "http://www.w3.org/TR/xhtml1/DTD/xhtml1-transitional.dtd">
<html xmlns="http://www.w3.org/1999/xhtml" xml:lang="en" lang="en">
 <head>
  <title>
</title>
<meta http-equiv="Content-Type" content="text/html;charset=utf-8" />
  <meta name='ocr-system' content='tesseract 3.04.00' />
  <meta name='ocr-capabilities' content='ocr_page ocr_carea ocr_par ocr_line ocrx_word'/>
</head>
<body>
  <div class='ocr_page' id='page_1' title='image "./publiusvirgilius02virguoft/publiusvirgilius02virguoft_0339.png"; bbox 0 0 1827 3436; ppageno 0'>
   <div class='ocr_carea' id='block_1_1' title="bbox 450 248 1712 319">
    <p class='ocr_par' dir='ltr' id='par_1_1' title="bbox 450 248 1712 319">
     <span class='ocr_line' id='line_1_1' title="bbox 450 248 1712 319; baseline 0.021 -25"><span class='ocrx_word' id='word_1_1' title='bbox 450 248 855 298; x_wconf 87' lang='lat' dir='ltr'><strong>AENEIDOS</strong></span> <span class='ocrx_word' id='word_1_2' title='bbox 894 251 1036 302; x_wconf 90' lang='lat' dir='ltr'><strong>LIB.</strong></span> <span class='ocrx_word' id='word_1_3' title='bbox 1075 254 1140 316; x_wconf 85' lang='grc' dir='ltr'><strong>ΙΙ,</strong></span> <span class='ocrx_word' id='word_1_4' title='bbox 1180 260 1471 312; x_wconf 84' lang='lat'>439—451</span> <span class='ocrx_word' id='word_1_5' title='bbox 1616 273 1712 319; x_wconf 82' lang='lat'><strong>331</strong></span> 
     </span>
    </p>
   </div>
   <div class='ocr_carea' id='block_1_2' title="bbox 195 370 1719 869">
    <p class='ocr_par' dir='ltr' id='par_1_2' title="bbox 195 370 1719 869">
     <span class='ocr_line' id='line_1_2' title="bbox 198 370 1719 444; baseline 0.012 -24"><span class='ocrx_word' id='word_1_6' title='bbox 198 370 531 421; x_wconf 78' lang='lat' dir='ltr'>Dardanidae</span> <span class='ocrx_word' id='word_1_7' title='bbox 557 383 740 422; x_wconf 83' lang='lat' dir='ltr'><strong>contra</strong></span> <span class='ocrx_word' id='word_1_8' title='bbox 761 376 918 424; x_wconf 83' lang='lat' dir='ltr'><strong>turris</strong></span> <span class='ocrx_word' id='word_1_9' title='bbox 942 393 999 425; x_wconf 83' lang='lat' dir='ltr'><strong>ac</strong></span> <span class='ocrx_word' id='word_1_10' title='bbox 1022 387 1158 428; x_wconf 84' lang='lat' dir='ltr'><strong>tecta</strong></span> <span class='ocrx_word' id='word_1_11' title='bbox 1182 380 1474 434; x_wconf 87' lang='lat' dir='ltr'><strong>domorum</strong></span> <span class='ocrx_word' id='word_1_12' title='bbox 1617 396 1719 444; x_wconf 82' lang='grc'><strong>445</strong></span> 
     </span>
     <span class='ocr_line' id='line_1_3' title="bbox 201 440 1718 527; baseline 0.014 -37"><span class='ocrx_word' id='word_1_13' title='bbox 201 440 442 490; x_wconf 86' lang='lat' dir='ltr'><strong>Culmina</strong></span> <span class='ocrx_word' id='word_1_14' title='bbox 465 443 796 495; x_wconf 85' lang='lat' dir='ltr'><strong>convellunt:</strong></span> <span class='ocrx_word' id='word_1_15' title='bbox 822 444 904 494; x_wconf 87' lang='lat' dir='ltr'><strong>his</strong></span> <span class='ocrx_word' id='word_1_16' title='bbox 924 462 996 510; x_wconf 81' lang='lat' dir='ltr'><strong>se,</strong></span> <span class='ocrx_word' id='word_1_17' title='bbox 1021 450 1239 514; x_wconf 86' lang='lat' dir='ltr'><strong>quando</strong></span> <span class='ocrx_word' id='word_1_18' title='bbox 1264 453 1451 504; x_wconf 83' lang='lat' dir='ltr'><strong>ultima</strong></span> <span class='ocrx_word' id='word_1_19' title='bbox 1478 472 1718 527; x_wconf 79' lang='lat' dir='ltr'><strong>cernunt,</strong></span> 
     </span>
     <span class='ocr_line' id='line_1_4' title="bbox 196 511 1541 589; baseline 0.013 -31"><span class='ocrx_word' id='word_1_20' title='bbox 196 511 443 559; x_wconf 84' lang='lat' dir='ltr'><strong>Extrema</strong></span> <span class='ocrx_word' id='word_1_21' title='bbox 464 512 569 560; x_wconf 84' lang='lat' dir='ltr'><strong>iam</strong></span> <span class='ocrx_word' id='word_1_22' title='bbox 590 513 643 561; x_wconf 91' lang='lat' dir='ltr'><strong>in</strong></span> <span class='ocrx_word' id='word_1_23' title='bbox 666 524 844 564; x_wconf 88' lang='lat' dir='ltr'><strong>morte</strong></span> <span class='ocrx_word' id='word_1_24' title='bbox 859 528 1048 581; x_wconf 82' lang='lat' dir='ltr'><strong>parant</strong></span> <span class='ocrx_word' id='word_1_25' title='bbox 1073 517 1371 573; x_wconf 79' lang='lat' dir='ltr'><strong>defendere</strong></span> <span class='ocrx_word' id='word_1_26' title='bbox 1397 525 1541 589; x_wconf 83' lang='lat' dir='ltr'><strong>telis;</strong></span> 
     </span>
     <span class='ocr_line' id='line_1_5' title="bbox 196 581 1714 664; baseline 0.014 -36"><span class='ocrx_word' id='word_1_27' title='bbox 196 581 521 647; x_wconf 80' lang='lat' dir='ltr'><strong>Auratasque</strong></span> <span class='ocrx_word' id='word_1_28' title='bbox 541 583 742 647; x_wconf 82' lang='lat' dir='ltr'><strong>trabeS‚</strong></span> <span class='ocrx_word' id='word_1_29' title='bbox 780 594 1027 636; x_wconf 84' lang='lat' dir='ltr'><strong>veterum</strong></span> <span class='ocrx_word' id='word_1_30' title='bbox 1054 588 1252 640; x_wconf 86' lang='lat' dir='ltr'><strong>decora</strong></span> <span class='ocrx_word' id='word_1_31' title='bbox 1283 593 1384 643; x_wconf 82' lang='lat' dir='ltr'><strong>alta</strong></span> <span class='ocrx_word' id='word_1_32' title='bbox 1409 607 1714 664; x_wconf 80' lang='lat' dir='ltr'><strong>parentum,</strong></span> 
     </span>
     <span class='ocr_line' id='line_1_6' title="bbox 195 649 1394 713; baseline 0.014 -17"><span class='ocrx_word' id='word_1_33' title='bbox 195 649 526 713; x_wconf 80' lang='lat' dir='ltr'><strong>Devolvunt3</strong></span> <span class='ocrx_word' id='word_1_34' title='bbox 566 652 648 702; x_wconf 82' lang='lat' dir='ltr'><strong>alii</strong></span> <span class='ocrx_word' id='word_1_35' title='bbox 674 655 866 704; x_wconf 81' lang='lat' dir='ltr'><strong>strictis</strong></span> <span class='ocrx_word' id='word_1_36' title='bbox 889 659 1241 710; x_wconf 85' lang='lat' dir='ltr'><strong>mucronibus</strong></span> <span class='ocrx_word' id='word_1_37' title='bbox 1263 662 1394 713; x_wconf 84' lang='lat' dir='ltr'><strong>imas</strong></span> 
     </span>
     <span class='ocr_line' id='line_1_7' title="bbox 198 717 1487 794; baseline 0.014 -27"><span class='ocrx_word' id='word_1_38' title='bbox 198 717 480 771; x_wconf 90' lang='lat' dir='ltr'><strong>Obsedere</strong></span> <span class='ocrx_word' id='word_1_39' title='bbox 501 721 678 785; x_wconf 79' lang='lat' dir='ltr'><strong>sores3</strong></span> <span class='ocrx_word' id='word_1_40' title='bbox 718 723 811 773; x_wconf 85' lang='lat' dir='ltr'><strong>has</strong></span> <span class='ocrx_word' id='word_1_41' title='bbox 833 737 1045 776; x_wconf 86' lang='lat' dir='ltr'><strong>servant</strong></span> <span class='ocrx_word' id='word_1_42' title='bbox 1063 731 1275 794; x_wconf 80' lang='lat' dir='ltr'><strong>agmine</strong></span> <span class='ocrx_word' id='word_1_43' title='bbox 1304 733 1487 787; x_wconf 81' lang='lat' dir='ltr'><strong>denso,</strong></span> 
     </span>
     <span class='ocr_line' id='line_1_8' title="bbox 195 790 1389 869; baseline 0.015 -33"><span class='ocrx_word' id='word_1_44' title='bbox 195 790 471 840; x_wconf 80' lang='lat' dir='ltr'>Instaurati</span> <span class='ocrx_word' id='word_1_45' title='bbox 498 793 659 842; x_wconf 84' lang='lat' dir='ltr'><strong>animi</strong></span> <span class='ocrx_word' id='word_1_46' title='bbox 675 835 687 858; x_wconf 84' lang='lat'><strong>‚</strong></span> <span class='ocrx_word' id='word_1_47' title='bbox 726 796 863 860; x_wconf 86' lang='lat' dir='ltr'><strong>regis</strong></span> <span class='ocrx_word' id='word_1_48' title='bbox 885 813 1197 851; x_wconf 86' lang='lat' dir='ltr'><strong>succurrere</strong></span> <span class='ocrx_word' id='word_1_49' title='bbox 1223 805 1389 869; x_wconf 77' lang='lat' dir='ltr'><strong>tectis,</strong></span> 
     </span>
    </p>
   </div>
   <div class='ocr_carea' id='block_1_3' title="bbox 1616 742 1719 791">
    <p class='ocr_par' dir='ltr' id='par_1_3' title="bbox 1616 742 1719 791">
     <span class='ocr_line' id='line_1_9' title="bbox 1616 742 1719 791; baseline 0.01 -1"><span class='ocrx_word' id='word_1_50' title='bbox 1616 742 1719 791; x_wconf 84' lang='lat'><strong>450</strong></span> 
     </span>
    </p>
   </div>
   <div class='ocr_carea' id='block_1_4' title="bbox 193 930 1716 1270">
    <p class='ocr_par' dir='ltr' id='par_1_4' title="bbox 193 930 1716 1270">
     <span class='ocr_line' id='line_1_10' title="bbox 286 930 1715 990; baseline 0.011 -26"><span class='ocrx_word' id='word_1_51' title='bbox 286 930 357 966; x_wconf 90' lang='lat'><strong>445</strong></span> <span class='ocrx_word' id='word_1_52' title='bbox 391 944 411 964; x_wconf 88' lang='lat' dir='ltr'><strong>e</strong></span> <span class='ocrx_word' id='word_1_53' title='bbox 443 942 574 966; x_wconf 77' lang='lat' dir='ltr'><strong>contra</strong></span> <span class='ocrx_word' id='word_1_54' title='bbox 605 947 657 979; x_wconf 92' lang='lat' dir='ltr'><strong>pr.</strong></span> <span class='ocrx_word' id='word_1_55' title='bbox 690 935 839 977; x_wconf 85' lang='lat' dir='ltr'><strong>Moret.,</strong></span> <span class='ocrx_word' id='word_1_56' title='bbox 873 937 974 971; x_wconf 88' lang='lat' dir='ltr'><strong>male.</strong></span> <span class='ocrx_word' id='word_1_57' title='bbox 1009 952 1040 972; x_wconf 91' lang='lat' dir='ltr'><strong>v.</strong></span> <span class='ocrx_word' id='word_1_58' title='bbox 1066 941 1181 974; x_wconf 89' lang='lat' dir='ltr'><strong>Burm.</strong></span> <span class='ocrx_word' id='word_1_59' title='bbox 1231 951 1357 977; x_wconf 78' lang='lat' dir='ltr'><strong>turres</strong></span> <span class='ocrx_word' id='word_1_60' title='bbox 1393 953 1429 978; x_wconf 77' lang='lat' dir='ltr'><strong>ec</strong></span> <span class='ocrx_word' id='word_1_61' title='bbox 1459 944 1596 990; x_wconf 82' lang='lat' dir='ltr'>aliquot</span> <span class='ocrx_word' id='word_1_62' title='bbox 1624 946 1715 980; x_wconf 78' lang='lat' dir='ltr'><strong>Pier.</strong></span> 
     </span>
     <span class='ocr_line' id='line_1_11' title="bbox 195 978 1716 1036; baseline 0.012 -28"><span class='ocrx_word' id='word_1_63' title='bbox 195 984 273 1009; x_wconf 82' lang='grc' dir='ltr'><em>ιοια</em></span> <span class='ocrx_word' id='word_1_64' title='bbox 292 978 479 1012; x_wconf 78' lang='lat' dir='ltr'><strong>domorum</strong></span> <span class='ocrx_word' id='word_1_65' title='bbox 498 987 582 1024; x_wconf 90' lang='lat' dir='ltr'><strong>post</strong></span> <span class='ocrx_word' id='word_1_66' title='bbox 600 981 726 1015; x_wconf 87' lang='lat' dir='ltr'><strong>Medic.</strong></span> <span class='ocrx_word' id='word_1_67' title='bbox 747 982 874 1025; x_wconf 87' lang='lat' dir='ltr'><strong>Pierii,</strong></span> <span class='ocrx_word' id='word_1_68' title='bbox 899 985 1029 1019; x_wconf 89' lang='lat' dir='ltr'><strong>Moret.</strong></span> <span class='ocrx_word' id='word_1_69' title='bbox 1049 993 1132 1021; x_wconf 88' lang='lat' dir='ltr'><strong>tert.</strong></span> <span class='ocrx_word' id='word_1_70' title='bbox 1153 995 1189 1021; x_wconf 90' lang='lat' dir='ltr'><strong>et</strong></span> <span class='ocrx_word' id='word_1_71' title='bbox 1209 989 1335 1024; x_wconf 85' lang='lat' dir='ltr'><strong>Hamb.</strong></span> <span class='ocrx_word' id='word_1_72' title='bbox 1355 1003 1426 1025; x_wconf 89' lang='lat' dir='ltr'><strong>sec.</strong></span> <span class='ocrx_word' id='word_1_73' title='bbox 1448 1004 1514 1036; x_wconf 90' lang='lat' dir='ltr'><strong>pro</strong></span> <span class='ocrx_word' id='word_1_74' title='bbox 1538 1005 1611 1027; x_wconf 85' lang='lat' dir='ltr'><strong>var.</strong></span> <span class='ocrx_word' id='word_1_75' title='bbox 1631 993 1716 1027; x_wconf 89' lang='lat' dir='ltr'><strong>lect.</strong></span> 
     </span>
     <span class='ocr_line' id='line_1_12' title="bbox 196 1023 1715 1085; baseline 0.012 -30"><span class='ocrx_word' id='word_1_76' title='bbox 196 1029 231 1055; x_wconf 88' lang='lat' dir='ltr'><strong>et</strong></span> <span class='ocrx_word' id='word_1_77' title='bbox 257 1023 349 1056; x_wconf 88' lang='lat' dir='ltr'><strong>idem</strong></span> <span class='ocrx_word' id='word_1_78' title='bbox 379 1037 454 1058; x_wconf 89' lang='lat' dir='ltr'><strong>cum</strong></span> <span class='ocrx_word' id='word_1_79' title='bbox 494 1026 606 1060; x_wconf 83' lang='lat' dir='ltr'><strong>altera</strong></span> <span class='ocrx_word' id='word_1_80' title='bbox 632 1028 787 1062; x_wconf 86' lang='lat' dir='ltr'><strong>lectione</strong></span> <span class='ocrx_word' id='word_1_81' title='bbox 820 1030 856 1062; x_wconf 87' lang='lat' dir='ltr'><strong>in</strong></span> <span class='ocrx_word' id='word_1_82' title='bbox 891 1031 1064 1066; x_wconf 83' lang='lat' dir='ltr'><strong>Servianis</strong></span> <span class='ocrx_word' id='word_1_83' title='bbox 1096 1034 1268 1069; x_wconf 83' lang='lat' dir='ltr'><strong>laudatur.</strong></span> <span class='ocrx_word' id='word_1_84' title='bbox 1319 1046 1402 1072; x_wconf 78' lang='lat' dir='ltr'><strong>tuta</strong></span> <span class='ocrx_word' id='word_1_85' title='bbox 1437 1040 1471 1072; x_wconf 83' lang='lat' dir='ltr'><strong>d.</strong></span> <span class='ocrx_word' id='word_1_86' title='bbox 1502 1040 1629 1073; x_wconf 89' lang='lat' dir='ltr'><strong>Moret.</strong></span> <span class='ocrx_word' id='word_1_87' title='bbox 1659 1053 1715 1085; x_wconf 89' lang='lat' dir='ltr'><strong>qu.</strong></span> 
     </span>
     <span class='ocr_line' id='line_1_13' title="bbox 193 1071 1715 1127; baseline 0.012 -25"><span class='ocrx_word' id='word_1_88' title='bbox 193 1072 280 1103; x_wconf 89' lang='lat' dir='ltr'>Sunt</span> <span class='ocrx_word' id='word_1_89' title='bbox 301 1079 335 1104; x_wconf 89' lang='lat' dir='ltr'><strong>et</strong></span> <span class='ocrx_word' id='word_1_90' title='bbox 351 1071 415 1104; x_wconf 88' lang='lat' dir='ltr'><strong>viri</strong></span> <span class='ocrx_word' id='word_1_91' title='bbox 439 1072 556 1114; x_wconf 87' lang='lat' dir='ltr'><strong>docti,</strong></span> <span class='ocrx_word' id='word_1_92' title='bbox 583 1075 642 1118; x_wconf 92' lang='lat' dir='ltr'><strong>qui</strong></span> <span class='ocrx_word' id='word_1_93' title='bbox 662 1076 825 1109; x_wconf 77' lang='lat' dir='ltr'><strong>Calmine</strong></span> <span class='ocrx_word' id='word_1_94' title='bbox 846 1077 990 1122; x_wconf 83' lang='lat' dir='ltr'><strong>legunt,</strong></span> <span class='ocrx_word' id='word_1_95' title='bbox 1015 1080 1051 1112; x_wconf 92' lang='lat' dir='ltr'><strong>h.</strong></span> <span class='ocrx_word' id='word_1_96' title='bbox 1070 1093 1100 1113; x_wconf 92' lang='lat' dir='ltr'><strong>e.</strong></span> <span class='ocrx_word' id='word_1_97' title='bbox 1119 1093 1138 1114; x_wconf 83' lang='lat' dir='ltr'><strong>a</strong></span> <span class='ocrx_word' id='word_1_98' title='bbox 1158 1083 1331 1126; x_wconf 85' lang='lat' dir='ltr'><strong>culmine,</strong></span> <span class='ocrx_word' id='word_1_99' title='bbox 1368 1091 1406 1117; x_wconf 90' lang='lat' dir='ltr'><strong>ut</strong></span> <span class='ocrx_word' id='word_1_100' title='bbox 1425 1097 1457 1118; x_wconf 84' lang='lat' dir='ltr'><strong>v.</strong></span> <span class='ocrx_word' id='word_1_101' title='bbox 1487 1088 1567 1127; x_wconf 87' lang='lat'>603,</span> <span class='ocrx_word' id='word_1_102' title='bbox 1596 1088 1660 1120; x_wconf 84' lang='lat' dir='ltr'><strong>sed</strong></span> <span class='ocrx_word' id='word_1_103' title='bbox 1683 1099 1715 1120; x_wconf 89' lang='lat' dir='ltr'><strong>v.</strong></span> 
     </span>
     <span class='ocr_line' id='line_1_14' title="bbox 193 1118 1714 1172; baseline 0.012 -24"><span class='ocrx_word' id='word_1_104' title='bbox 193 1123 268 1150; x_wconf 89' lang='lat' dir='ltr'><strong>not.</strong></span> <span class='ocrx_word' id='word_1_105' title='bbox 363 1118 434 1154; x_wconf 81' lang='lat'><strong>446</strong></span> <span class='ocrx_word' id='word_1_106' title='bbox 459 1120 499 1152; x_wconf 73' lang='lat' dir='ltr'><strong>ln·</strong></span> <span class='ocrx_word' id='word_1_107' title='bbox 516 1123 632 1165; x_wconf 85' lang='lat' dir='ltr'><strong>Sprot.</strong></span> <span class='ocrx_word' id='word_1_108' title='bbox 655 1129 687 1154; x_wconf 91' lang='lat' dir='ltr'><strong>et</strong></span> <span class='ocrx_word' id='word_1_109' title='bbox 710 1122 765 1155; x_wconf 85' lang='lat' dir='ltr'><strong>ed.</strong></span> <span class='ocrx_word' id='word_1_110' title='bbox 788 1125 876 1156; x_wconf 87' lang='lat' dir='ltr'><strong>Ven.</strong></span> <span class='ocrx_word' id='word_1_111' title='bbox 926 1125 1026 1159; x_wconf 75' lang='lat' dir='ltr'><strong>hisce</strong></span> <span class='ocrx_word' id='word_1_112' title='bbox 1043 1135 1079 1160; x_wconf 79' lang='lat' dir='ltr'><strong>et</strong></span> <span class='ocrx_word' id='word_1_113' title='bbox 1097 1140 1130 1172; x_wconf 86' lang='lat' dir='ltr'><strong>q.</strong></span> <span class='ocrx_word' id='word_1_114' title='bbox 1150 1129 1312 1163; x_wconf 81' lang='lat' dir='ltr'><strong>Parrhas.</strong></span> <span class='ocrx_word' id='word_1_115' title='bbox 1332 1138 1366 1164; x_wconf 93' lang='lat' dir='ltr'><strong>et</strong></span> <span class='ocrx_word' id='word_1_116' title='bbox 1388 1132 1497 1165; x_wconf 87' lang='lat' dir='ltr'><strong>Goth.</strong></span> <span class='ocrx_word' id='word_1_117' title='bbox 1517 1140 1599 1166; x_wconf 89' lang='lat' dir='ltr'><strong>tert.</strong></span> <span class='ocrx_word' id='word_1_118' title='bbox 1627 1146 1646 1166; x_wconf 87' lang='lat' dir='ltr'><strong>a</strong></span> <span class='ocrx_word' id='word_1_119' title='bbox 1669 1146 1714 1167; x_wconf 85' lang='lat' dir='ltr'><strong>m.</strong></span> 
     </span>
     <span class='ocr_line' id='line_1_15' title="bbox 193 1165 1716 1220; baseline 0.012 -25"><span class='ocrx_word' id='word_1_120' title='bbox 193 1176 247 1208; x_wconf 88' lang='lat' dir='ltr'><strong>pr.</strong></span> <span class='ocrx_word' id='word_1_121' title='bbox 296 1165 456 1198; x_wconf 88' lang='lat' dir='ltr'><strong>Ceterum</strong></span> <span class='ocrx_word' id='word_1_122' title='bbox 481 1179 644 1211; x_wconf 83' lang='lat' dir='ltr'>quorsum</span> <span class='ocrx_word' id='word_1_123' title='bbox 666 1170 889 1212; x_wconf 81' lang='lat' dir='ltr'><strong>parenthesis</strong></span> <span class='ocrx_word' id='word_1_124' title='bbox 920 1171 989 1205; x_wconf 86' lang='lat' dir='ltr'><strong>hoc</strong></span> <span class='ocrx_word' id='word_1_125' title='bbox 1018 1180 1054 1205; x_wconf 86' lang='lat' dir='ltr'><strong>et</strong></span> <span class='ocrx_word' id='word_1_126' title='bbox 1087 1186 1183 1219; x_wconf 85' lang='lat' dir='ltr'><strong>sequ.</strong></span> <span class='ocrx_word' id='word_1_127' title='bbox 1210 1189 1311 1209; x_wconf 87' lang='lat' dir='ltr'><strong>versu</strong></span> <span class='ocrx_word' id='word_1_128' title='bbox 1337 1178 1489 1220; x_wconf 85' lang='lat' dir='ltr'><strong>faceret,</strong></span> <span class='ocrx_word' id='word_1_129' title='bbox 1515 1192 1584 1212; x_wconf 89' lang='lat' dir='ltr'><strong>non</strong></span> <span class='ocrx_word' id='word_1_130' title='bbox 1612 1180 1716 1213; x_wconf 77' lang='lat' dir='ltr'><strong>vide-</strong></span> 
     </span>
     <span class='ocr_line' id='line_1_16' title="bbox 193 1210 1714 1270; baseline 0.012 -28"><span class='ocrx_word' id='word_1_131' title='bbox 193 1210 293 1243; x_wconf 89' lang='lat' dir='ltr'>bam:</span> <span class='ocrx_word' id='word_1_132' title='bbox 328 1213 447 1257; x_wconf 86' lang='lat' dir='ltr'><strong>itaque</strong></span> <span class='ocrx_word' id='word_1_133' title='bbox 478 1225 551 1245; x_wconf 74' lang='lat' dir='ltr'><strong>eam</strong></span> <span class='ocrx_word' id='word_1_134' title='bbox 593 1215 728 1248; x_wconf 79' lang='lat' dir='ltr'><strong>sustuli.</strong></span> <span class='ocrx_word' id='word_1_135' title='bbox 763 1218 920 1260; x_wconf 77' lang='lat' dir='ltr'><strong>(Wakef.</strong></span> <span class='ocrx_word' id='word_1_136' title='bbox 954 1219 999 1252; x_wconf 88' lang='lat' dir='ltr'><strong>ad</strong></span> <span class='ocrx_word' id='word_1_137' title='bbox 1024 1220 1163 1254; x_wconf 85' lang='lat' dir='ltr'><strong>Lucret.</strong></span> <span class='ocrx_word' id='word_1_138' title='bbox 1190 1224 1231 1265; x_wconf 86' lang='grc' dir='ltr'><strong>ΙΙ,</strong></span> <span class='ocrx_word' id='word_1_139' title='bbox 1264 1225 1342 1259; x_wconf 86' lang='grc'><strong>191.</strong></span> <span class='ocrx_word' id='word_1_140' title='bbox 1367 1226 1513 1270; x_wconf 80' lang='lat' dir='ltr'>corrigit</span> <span class='ocrx_word' id='word_1_141' title='bbox 1542 1228 1714 1268; x_wconf 60' lang='lat' dir='ltr'><strong>Culmzfie,</strong></span> 
     </span>
    </p>
   </div>
   <div class='ocr_carea' id='block_1_5' title="bbox 193 1258 1714 1598">
    <p class='ocr_par' dir='ltr' id='par_1_5' title="bbox 193 1258 1714 1598">
     <span class='ocr_line' id='line_1_17' title="bbox 194 1258 1713 1318; baseline 0.012 -29"><span class='ocrx_word' id='word_1_142' title='bbox 194 1258 288 1301; x_wconf 89' lang='lat' dir='ltr'><strong>quod</strong></span> <span class='ocrx_word' id='word_1_143' title='bbox 335 1260 381 1291; x_wconf 87' lang='lat' dir='ltr'><strong>sit</strong></span> <span class='ocrx_word' id='word_1_144' title='bbox 425 1258 657 1303; x_wconf 72' lang='grc' dir='ltr'><strong><em>πρυμνόθεν.</em></strong></span> <span class='ocrx_word' id='word_1_145' title='bbox 695 1263 792 1305; x_wconf 78' lang='lat' dir='ltr'><strong>lVr.)</strong></span> <span class='ocrx_word' id='word_1_146' title='bbox 887 1264 956 1300; x_wconf 87' lang='lat'><strong>447</strong></span> <span class='ocrx_word' id='word_1_147' title='bbox 985 1267 1023 1298; x_wconf 85' lang='lat' dir='ltr'><strong>in</strong></span> <span class='ocrx_word' id='word_1_148' title='bbox 1054 1268 1155 1301; x_wconf 87' lang='lat' dir='ltr'><strong>abest</strong></span> <span class='ocrx_word' id='word_1_149' title='bbox 1177 1282 1196 1303; x_wconf 83' lang='lat' dir='ltr'><strong>a</strong></span> <span class='ocrx_word' id='word_1_150' title='bbox 1226 1282 1350 1314; x_wconf 80' lang='lat' dir='ltr'><strong>magna</strong></span> <span class='ocrx_word' id='word_1_151' title='bbox 1388 1271 1559 1306; x_wconf 83' lang='lat' dir='ltr'><strong>librorum</strong></span> <span class='ocrx_word' id='word_1_152' title='bbox 1598 1281 1713 1318; x_wconf 81' lang='lat' dir='ltr'><strong>parte,</strong></span> 
     </span>
     <span class='ocr_line' id='line_1_18' title="bbox 195 1303 1712 1364; baseline 0.013 -28"><span class='ocrx_word' id='word_1_153' title='bbox 195 1303 311 1347; x_wconf 78' lang='lat' dir='ltr'><strong>(etiam</strong></span> <span class='ocrx_word' id='word_1_154' title='bbox 335 1307 377 1338; x_wconf 84' lang='lat' dir='ltr'><strong>ab</strong></span> <span class='ocrx_word' id='word_1_155' title='bbox 398 1306 475 1338; x_wconf 90' lang='lat' dir='ltr'><strong>Alb.</strong></span> <span class='ocrx_word' id='word_1_156' title='bbox 506 1308 602 1350; x_wconf 74' lang='lat' dir='ltr'><strong>ll&#39;r.)</strong></span> <span class='ocrx_word' id='word_1_157' title='bbox 628 1316 662 1341; x_wconf 94' lang='lat' dir='ltr'><strong>ut</strong></span> <span class='ocrx_word' id='word_1_158' title='bbox 680 1309 755 1341; x_wconf 86' lang='lat' dir='ltr'><strong>fere</strong></span> <span class='ocrx_word' id='word_1_159' title='bbox 773 1309 878 1351; x_wconf 81' lang='lat' dir='ltr'><strong>alibi;</strong></span> <span class='ocrx_word' id='word_1_160' title='bbox 905 1312 968 1344; x_wconf 90' lang='lat' dir='ltr'><strong>sed</strong></span> <span class='ocrx_word' id='word_1_161' title='bbox 994 1314 1101 1346; x_wconf 86' lang='lat' dir='ltr'><strong>estin</strong></span> <span class='ocrx_word' id='word_1_162' title='bbox 1119 1315 1243 1360; x_wconf 80' lang='lat' dir='ltr'><strong>fragm.</strong></span> <span class='ocrx_word' id='word_1_163' title='bbox 1263 1318 1376 1351; x_wconf 87' lang='lat' dir='ltr'><strong>Vatic.</strong></span> <span class='ocrx_word' id='word_1_164' title='bbox 1401 1326 1436 1351; x_wconf 90' lang='lat' dir='ltr'><strong>et</strong></span> <span class='ocrx_word' id='word_1_165' title='bbox 1462 1320 1507 1353; x_wconf 78' lang='lat' dir='ltr'><strong>al.</strong></span> <span class='ocrx_word' id='word_1_166' title='bbox 1540 1321 1657 1364; x_wconf 82' lang='lat' dir='ltr'><strong>(etiam</strong></span> <span class='ocrx_word' id='word_1_167' title='bbox 1677 1321 1712 1353; x_wconf 87' lang='lat' dir='ltr'><strong>in</strong></span> 
     </span>
     <span class='ocr_line' id='line_1_19' title="bbox 193 1351 1714 1412; baseline 0.013 -30"><span class='ocrx_word' id='word_1_168' title='bbox 193 1351 320 1384; x_wconf 83' lang='lat' dir='ltr'><strong>Medic.</strong></span> <span class='ocrx_word' id='word_1_169' title='bbox 345 1360 377 1385; x_wconf 88' lang='lat' dir='ltr'><strong>et</strong></span> <span class='ocrx_word' id='word_1_170' title='bbox 400 1353 516 1386; x_wconf 86' lang='lat' dir='ltr'><strong>multis</strong></span> <span class='ocrx_word' id='word_1_171' title='bbox 550 1354 639 1388; x_wconf 84' lang='lat' dir='ltr'><strong>aliis.</strong></span> <span class='ocrx_word' id='word_1_172' title='bbox 680 1357 774 1400; x_wconf 50' lang='lat' dir='ltr'><strong>llfr.)</strong></span> <span class='ocrx_word' id='word_1_173' title='bbox 819 1367 956 1402; x_wconf 80' lang='lat' dir='ltr'><strong>parent</strong></span> <span class='ocrx_word' id='word_1_174' title='bbox 985 1360 1144 1394; x_wconf 83' lang='lat' dir='ltr'><strong>Parrhas.</strong></span> <span class='ocrx_word' id='word_1_175' title='bbox 1240 1364 1308 1398; x_wconf 82' lang='lat'><strong>448</strong></span> <span class='ocrx_word' id='word_1_176' title='bbox 1333 1369 1564 1412; x_wconf 74' lang='lat' dir='ltr'><strong>Aeratasque</strong></span> <span class='ocrx_word' id='word_1_177' title='bbox 1591 1367 1714 1401; x_wconf 81' lang='lat' dir='ltr'><strong>trabes</strong></span> 
     </span>
     <span class='ocr_line' id='line_1_20' title="bbox 193 1398 1712 1459; baseline 0.012 -28"><span class='ocrx_word' id='word_1_178' title='bbox 193 1398 327 1442; x_wconf 85' lang='lat' dir='ltr'><strong>antiqui</strong></span> <span class='ocrx_word' id='word_1_179' title='bbox 345 1399 447 1432; x_wconf 85' lang='lat' dir='ltr'><strong>codd.</strong></span> <span class='ocrx_word' id='word_1_180' title='bbox 471 1401 564 1444; x_wconf 84' lang='lat' dir='ltr'><strong>apud</strong></span> <span class='ocrx_word' id='word_1_181' title='bbox 581 1402 729 1434; x_wconf 88' lang='lat' dir='ltr'><strong>Pierium</strong></span> <span class='ocrx_word' id='word_1_182' title='bbox 744 1429 752 1444; x_wconf 89' lang='lat'>‚</span> <span class='ocrx_word' id='word_1_183' title='bbox 778 1404 872 1448; x_wconf 89' lang='lat' dir='ltr'><strong>quod</strong></span> <span class='ocrx_word' id='word_1_184' title='bbox 890 1412 986 1438; x_wconf 87' lang='lat' dir='ltr'><strong>recte</strong></span> <span class='ocrx_word' id='word_1_185' title='bbox 1015 1407 1049 1439; x_wconf 93' lang='lat' dir='ltr'><strong>h.</strong></span> <span class='ocrx_word' id='word_1_186' title='bbox 1070 1407 1093 1440; x_wconf 92' lang='lat' dir='ltr'><strong>l.</strong></span> <span class='ocrx_word' id='word_1_187' title='bbox 1126 1408 1252 1443; x_wconf 77' lang='lat' dir='ltr'><strong>reiicit.</strong></span> <span class='ocrx_word' id='word_1_188' title='bbox 1302 1413 1495 1458; x_wconf 70' lang='lat' dir='ltr'><strong>aeriasque</strong></span> <span class='ocrx_word' id='word_1_189' title='bbox 1522 1415 1712 1459; x_wconf 84' lang='lat' dir='ltr'><strong>Hamburg.</strong></span> 
     </span>
     <span class='ocr_line' id='line_1_21' title="bbox 193 1445 1712 1504; baseline 0.013 -28"><span class='ocrx_word' id='word_1_190' title='bbox 193 1456 246 1489; x_wconf 90' lang='lat' dir='ltr'><strong>pr.</strong></span> <span class='ocrx_word' id='word_1_191' title='bbox 268 1457 332 1490; x_wconf 91' lang='lat' dir='ltr'><strong>pro</strong></span> <span class='ocrx_word' id='word_1_192' title='bbox 354 1458 423 1478; x_wconf 82' lang='lat' dir='ltr'><strong>var.</strong></span> <span class='ocrx_word' id='word_1_193' title='bbox 442 1445 522 1479; x_wconf 82' lang='lat' dir='ltr'><strong>lect.</strong></span> <span class='ocrx_word' id='word_1_194' title='bbox 538 1473 546 1488; x_wconf 90' lang='lat'>,</span> <span class='ocrx_word' id='word_1_195' title='bbox 573 1449 635 1481; x_wconf 89' lang='lat' dir='ltr'><strong>sed</strong></span> <span class='ocrx_word' id='word_1_196' title='bbox 655 1462 685 1482; x_wconf 87' lang='lat' dir='ltr'><strong>v.</strong></span> <span class='ocrx_word' id='word_1_197' title='bbox 707 1451 822 1482; x_wconf 89' lang='lat' dir='ltr'><strong>Burm.</strong></span> <span class='ocrx_word' id='word_1_198' title='bbox 873 1451 953 1484; x_wconf 81' lang='lat' dir='ltr'><strong>alta</strong></span> <span class='ocrx_word' id='word_1_199' title='bbox 973 1452 1008 1484; x_wconf 89' lang='lat' dir='ltr'><strong>in</strong></span> <span class='ocrx_word' id='word_1_200' title='bbox 1029 1454 1165 1488; x_wconf 90' lang='lat' dir='ltr'><strong>duobus</strong></span> <span class='ocrx_word' id='word_1_201' title='bbox 1187 1464 1246 1489; x_wconf 87' lang='lat' dir='ltr'><strong>aut</strong></span> <span class='ocrx_word' id='word_1_202' title='bbox 1274 1458 1389 1491; x_wconf 87' lang='lat' dir='ltr'><strong>tribus</strong></span> <span class='ocrx_word' id='word_1_203' title='bbox 1422 1460 1575 1504; x_wconf 80' lang='lat' dir='ltr'><strong>antiquis</strong></span> <span class='ocrx_word' id='word_1_204' title='bbox 1602 1462 1712 1495; x_wconf 81' lang='lat' dir='ltr'><strong>omis-</strong></span> 
     </span>
     <span class='ocr_line' id='line_1_22' title="bbox 193 1492 1712 1541; baseline 0.013 -18"><span class='ocrx_word' id='word_1_205' title='bbox 193 1503 267 1524; x_wconf 88' lang='lat' dir='ltr'><strong>sum</strong></span> <span class='ocrx_word' id='word_1_206' title='bbox 289 1492 424 1525; x_wconf 84' lang='lat' dir='ltr'><strong>viderat</strong></span> <span class='ocrx_word' id='word_1_207' title='bbox 443 1494 563 1526; x_wconf 79' lang='lat' dir='ltr'><strong>Heius.</strong></span> <span class='ocrx_word' id='word_1_208' title='bbox 583 1501 618 1528; x_wconf 88' lang='lat' dir='ltr'><strong>et</strong></span> <span class='ocrx_word' id='word_1_209' title='bbox 637 1495 672 1528; x_wconf 92' lang='lat' dir='ltr'><strong>in</strong></span> <span class='ocrx_word' id='word_1_210' title='bbox 695 1497 854 1529; x_wconf 84' lang='lat' dir='ltr'><strong>Gudiano</strong></span> <span class='ocrx_word' id='word_1_211' title='bbox 877 1510 1032 1541; x_wconf 80' lang='lat' dir='ltr'><strong>erasum3</strong></span> <span class='ocrx_word' id='word_1_212' title='bbox 1056 1501 1190 1535; x_wconf 88' lang='lat' dir='ltr'><strong>Pierius</strong></span> <span class='ocrx_word' id='word_1_213' title='bbox 1213 1511 1329 1537; x_wconf 85' lang='lat' dir='ltr'><strong>autem</strong></span> <span class='ocrx_word' id='word_1_214' title='bbox 1348 1505 1384 1538; x_wconf 87' lang='lat' dir='ltr'><strong>in</strong></span> <span class='ocrx_word' id='word_1_215' title='bbox 1414 1507 1606 1540; x_wconf 86' lang='lat' dir='ltr'><strong>nonnullis:</strong></span> <span class='ocrx_word' id='word_1_216' title='bbox 1645 1509 1712 1541; x_wconf 87' lang='lat' dir='ltr'><strong>de-</strong></span> 
     </span>
     <span class='ocr_line' id='line_1_23' title="bbox 193 1540 1712 1598; baseline 0.012 -28"><span class='ocrx_word' id='word_1_217' title='bbox 193 1551 281 1571; x_wconf 80' lang='lat' dir='ltr'><strong>cora</strong></span> <span class='ocrx_word' id='word_1_218' title='bbox 300 1540 389 1578; x_wconf 52' lang='lat' dir='ltr'><strong>illm</strong></span> <span class='ocrx_word' id='word_1_219' title='bbox 417 1540 484 1573; x_wconf 87' lang='lat' dir='ltr'><strong>hoc</strong></span> <span class='ocrx_word' id='word_1_220' title='bbox 516 1548 551 1573; x_wconf 91' lang='lat' dir='ltr'><strong>et</strong></span> <span class='ocrx_word' id='word_1_221' title='bbox 581 1543 703 1586; x_wconf 83' lang='lat' dir='ltr'><strong>fragm.</strong></span> <span class='ocrx_word' id='word_1_222' title='bbox 734 1544 851 1577; x_wconf 84' lang='lat' dir='ltr'><strong>Vatic.</strong></span> <span class='ocrx_word' id='word_1_223' title='bbox 882 1545 1012 1587; x_wconf 80' lang='lat' dir='ltr'><strong>habet,</strong></span> <span class='ocrx_word' id='word_1_224' title='bbox 1048 1550 1287 1595; x_wconf 81' lang='lat' dir='ltr'><strong>superscripto</strong></span> <span class='ocrx_word' id='word_1_225' title='bbox 1316 1552 1412 1592; x_wconf 78' lang='lat' dir='ltr'><strong>alta3</strong></span> <span class='ocrx_word' id='word_1_226' title='bbox 1447 1555 1541 1598; x_wconf 91' lang='lat' dir='ltr'><strong>quod</strong></span> <span class='ocrx_word' id='word_1_227' title='bbox 1569 1555 1712 1588; x_wconf 81' lang='lat' dir='ltr'><strong>defendi</strong></span> 
     </span>
    </p>
   </div>
   <div class='ocr_carea' id='block_1_6' title="bbox 192 1585 1711 1642">
    <p class='ocr_par' dir='ltr' id='par_1_6' title="bbox 192 1585 1711 1642">
     <span class='ocr_line' id='line_1_24' title="bbox 192 1585 1711 1642; baseline 0.013 -26"><span class='ocrx_word' id='word_1_228' title='bbox 192 1585 327 1629; x_wconf 86' lang='lat' dir='ltr'><strong>possit,</strong></span> <span class='ocrx_word' id='word_1_229' title='bbox 355 1594 388 1618; x_wconf 90' lang='lat' dir='ltr'><strong>et</strong></span> <span class='ocrx_word' id='word_1_230' title='bbox 419 1587 552 1620; x_wconf 82' lang='lat' dir='ltr'><strong>decora</strong></span> <span class='ocrx_word' id='word_1_231' title='bbox 581 1590 703 1635; x_wconf 71' lang='lat' dir='ltr'><strong>arrzpla</strong></span> <span class='ocrx_word' id='word_1_232' title='bbox 739 1590 792 1623; x_wconf 87' lang='lat' dir='ltr'><strong>ed.</strong></span> <span class='ocrx_word' id='word_1_233' title='bbox 814 1593 904 1624; x_wconf 78' lang='lat' dir='ltr'><strong>Veu.</strong></span> <span class='ocrx_word' id='word_1_234' title='bbox 955 1594 1017 1626; x_wconf 85' lang='lat' dir='ltr'><strong>sed</strong></span> <span class='ocrx_word' id='word_1_235' title='bbox 1041 1595 1175 1628; x_wconf 81' lang='lat' dir='ltr'><strong>decora</strong></span> <span class='ocrx_word' id='word_1_236' title='bbox 1202 1597 1282 1630; x_wconf 77' lang='lat' dir='ltr'><strong>alta</strong></span> <span class='ocrx_word' id='word_1_237' title='bbox 1309 1610 1426 1631; x_wconf 88' lang='lat' dir='ltr'><strong>verum</strong></span> <span class='ocrx_word' id='word_1_238' title='bbox 1457 1613 1555 1642; x_wconf 88' lang='lat' dir='ltr'><strong>esse,</strong></span> <span class='ocrx_word' id='word_1_239' title='bbox 1587 1602 1642 1634; x_wconf 91' lang='lat' dir='ltr'><strong>vel</strong></span> <span class='ocrx_word' id='word_1_240' title='bbox 1669 1614 1711 1634; x_wconf 82' lang='lat' dir='ltr'><strong>ex</strong></span> 
     </span>
    </p>
   </div>
   <div class='ocr_carea' id='block_1_7' title="bbox 192 1632 1709 1690">
    <p class='ocr_par' dir='ltr' id='par_1_7' title="bbox 192 1632 1709 1690">
     <span class='ocr_line' id='line_1_25' title="bbox 192 1632 1709 1690; baseline 0.014 -28"><span class='ocrx_word' id='word_1_241' title='bbox 192 1632 298 1664; x_wconf 85' lang='lat' dir='ltr'><strong>Statii</strong></span> <span class='ocrx_word' id='word_1_242' title='bbox 318 1633 509 1666; x_wconf 73' lang='lat' dir='ltr'><strong>imitatione</strong></span> <span class='ocrx_word' id='word_1_243' title='bbox 541 1643 688 1680; x_wconf 80' lang='lat' dir='ltr'><strong>apparet</strong></span> <span class='ocrx_word' id='word_1_244' title='bbox 710 1638 742 1671; x_wconf 87' lang='lat' dir='ltr'><strong>V</strong></span> <span class='ocrx_word' id='word_1_245' title='bbox 775 1637 889 1670; x_wconf 84' lang='lat' dir='ltr'><strong>Theb.</strong></span> <span class='ocrx_word' id='word_1_246' title='bbox 921 1639 1001 1674; x_wconf 71' lang='grc'>422.</span> <span class='ocrx_word' id='word_1_247' title='bbox 1031 1641 1111 1676; x_wconf 73' lang='grc'>423.</span> <span class='ocrx_word' id='word_1_248' title='bbox 1160 1643 1260 1676; x_wconf 88' lang='lat' dir='ltr'><strong>Adde</strong></span> <span class='ocrx_word' id='word_1_249' title='bbox 1290 1657 1365 1690; x_wconf 89' lang='lat' dir='ltr'><strong>sup.</strong></span> <span class='ocrx_word' id='word_1_250' title='bbox 1394 1646 1456 1679; x_wconf 89' lang='lat' dir='ltr'><strong>lib.</strong></span> <span class='ocrx_word' id='word_1_251' title='bbox 1489 1649 1514 1689; x_wconf 80' lang='grc' dir='ltr'><strong>Ι,</strong></span> <span class='ocrx_word' id='word_1_252' title='bbox 1542 1648 1610 1685; x_wconf 76' lang='grc'><strong>429</strong></span> <span class='ocrx_word' id='word_1_253' title='bbox 1646 1661 1709 1682; x_wconf 85' lang='lat' dir='ltr'><strong>co—</strong></span> 
     </span>
    </p>
   </div>
   <div class='ocr_carea' id='block_1_8' title="bbox 191 1678 1260 1777">
    <p class='ocr_par' dir='ltr' id='par_1_8' title="bbox 191 1678 1260 1777">
     <span class='ocr_line' id='line_1_26' title="bbox 192 1678 1001 1729; baseline 0.011 -19"><span class='ocrx_word' id='word_1_254' title='bbox 192 1678 339 1712; x_wconf 78' lang='lat' dir='ltr'><strong>lumnas</strong></span> <span class='ocrx_word' id='word_1_255' title='bbox 361 1700 402 1703; x_wconf 90' lang='lat'><strong>—</strong></span> <span class='ocrx_word' id='word_1_256' title='bbox 426 1682 544 1713; x_wconf 74' lang='lat' dir='ltr'><strong>scenis</strong></span> <span class='ocrx_word' id='word_1_257' title='bbox 577 1683 710 1715; x_wconf 81' lang='lat' dir='ltr'><strong>decora</strong></span> <span class='ocrx_word' id='word_1_258' title='bbox 739 1684 818 1716; x_wconf 80' lang='lat' dir='ltr'><strong>alta</strong></span> <span class='ocrx_word' id='word_1_259' title='bbox 841 1683 1001 1729; x_wconf 73' lang='lat' dir='ltr'><strong>futuris.</strong></span> 
     </span>
     <span class='ocr_line' id='line_1_27' title="bbox 191 1725 1260 1777; baseline 0.011 -20"><span class='ocrx_word' id='word_1_260' title='bbox 191 1725 260 1757; x_wconf 91' lang='lat' dir='ltr'><strong>duo</strong></span> <span class='ocrx_word' id='word_1_261' title='bbox 281 1738 335 1770; x_wconf 83' lang='lat' dir='ltr'><strong>ap.</strong></span> <span class='ocrx_word' id='word_1_262' title='bbox 354 1727 468 1759; x_wconf 79' lang='lat' dir='ltr'><strong>Burm.</strong></span> <span class='ocrx_word' id='word_1_263' title='bbox 490 1739 565 1760; x_wconf 89' lang='lat' dir='ltr'><strong>cum</strong></span> <span class='ocrx_word' id='word_1_264' title='bbox 586 1729 721 1773; x_wconf 78' lang='lat' dir='ltr'><strong>aliquot</strong></span> <span class='ocrx_word' id='word_1_265' title='bbox 738 1730 927 1773; x_wconf 85' lang='lat' dir='ltr'><strong>Pierianis‚</strong></span> <span class='ocrx_word' id='word_1_266' title='bbox 961 1742 1132 1777; x_wconf 89' lang='lat' dir='ltr'><strong>perpetuo</strong></span> <span class='ocrx_word' id='word_1_267' title='bbox 1162 1736 1260 1770; x_wconf 86' lang='lat' dir='ltr'><strong>vitio.</strong></span> 
     </span>
    </p>
   </div>
   <div class='ocr_carea' id='block_1_9' title="bbox 1092 1688 1711 1787">
    <p class='ocr_par' dir='ltr' id='par_1_9' title="bbox 1092 1688 1711 1787">
     <span class='ocr_line' id='line_1_28' title="bbox 1092 1688 1711 1739; baseline 0.011 -17"><span class='ocrx_word' id='word_1_268' title='bbox 1092 1688 1162 1724; x_wconf 87' lang='lat'><strong>449</strong></span> <span class='ocrx_word' id='word_1_269' title='bbox 1187 1689 1330 1734; x_wconf 76' lang='lat' dir='ltr'><strong>fractis·</strong></span> <span class='ocrx_word' id='word_1_270' title='bbox 1359 1693 1483 1726; x_wconf 83' lang='lat' dir='ltr'><strong>Hamb.</strong></span> <span class='ocrx_word' id='word_1_271' title='bbox 1512 1707 1565 1739; x_wconf 84' lang='lat' dir='ltr'><strong>pr.</strong></span> <span class='ocrx_word' id='word_1_272' title='bbox 1616 1708 1711 1729; x_wconf 81' lang='lat' dir='ltr'><strong>unas</strong></span> 
     </span>
     <span class='ocr_line' id='line_1_29' title="bbox 1355 1739 1709 1787; baseline 0.003 -13"><span class='ocrx_word' id='word_1_273' title='bbox 1355 1739 1426 1775; x_wconf 83' lang='lat'><strong>450</strong></span> <span class='ocrx_word' id='word_1_274' title='bbox 1460 1739 1632 1775; x_wconf 72' lang='lat' dir='ltr'><strong>Obsidere</strong></span> <span class='ocrx_word' id='word_1_275' title='bbox 1656 1755 1709 1787; x_wconf 92' lang='lat' dir='ltr'><strong>pr.</strong></span> 
     </span>
    </p>
   </div>
   <div class='ocr_carea' id='block_1_10' title="bbox 192 1773 1709 1832">
    <p class='ocr_par' dir='ltr' id='par_1_10' title="bbox 192 1773 1709 1832">
     <span class='ocr_line' id='line_1_30' title="bbox 192 1773 1709 1832; baseline 0.012 -29"><span class='ocrx_word' id='word_1_276' title='bbox 192 1773 322 1806; x_wconf 86' lang='lat' dir='ltr'><strong>Moret.</strong></span> <span class='ocrx_word' id='word_1_277' title='bbox 344 1785 417 1805; x_wconf 87' lang='lat' dir='ltr'><strong>cum</strong></span> <span class='ocrx_word' id='word_1_278' title='bbox 440 1774 560 1817; x_wconf 77' lang='lat' dir='ltr'><strong>fragm.</strong></span> <span class='ocrx_word' id='word_1_279' title='bbox 583 1776 698 1810; x_wconf 83' lang='lat' dir='ltr'><strong>Vatic.</strong></span> <span class='ocrx_word' id='word_1_280' title='bbox 748 1777 841 1810; x_wconf 83' lang='lat' dir='ltr'><strong>Vide</strong></span> <span class='ocrx_word' id='word_1_281' title='bbox 865 1779 909 1811; x_wconf 92' lang='lat' dir='ltr'><strong>ad</strong></span> <span class='ocrx_word' id='word_1_282' title='bbox 938 1781 986 1813; x_wconf 92' lang='lat' dir='ltr'><strong>IV</strong></span> <span class='ocrx_word' id='word_1_283' title='bbox 1018 1782 1147 1826; x_wconf 86' lang='lat' dir='ltr'><strong>Georg.</strong></span> <span class='ocrx_word' id='word_1_284' title='bbox 1173 1782 1262 1818; x_wconf 84' lang='lat'>436:</span> <span class='ocrx_word' id='word_1_285' title='bbox 1303 1797 1378 1830; x_wconf 87' lang='lat' dir='ltr'><strong>sup.</strong></span> <span class='ocrx_word' id='word_1_286' title='bbox 1407 1787 1488 1829; x_wconf 72' lang='grc'>332,</span> <span class='ocrx_word' id='word_1_287' title='bbox 1516 1796 1551 1821; x_wconf 89' lang='lat' dir='ltr'><strong>et</strong></span> <span class='ocrx_word' id='word_1_288' title='bbox 1579 1788 1624 1821; x_wconf 86' lang='lat' dir='ltr'><strong>al.</strong></span> <span class='ocrx_word' id='word_1_289' title='bbox 1659 1789 1709 1832; x_wconf 76' lang='lat' dir='ltr'><strong>&lt;in</strong></span> 
     </span>
    </p>
   </div>
   <div class='ocr_carea' id='block_1_11' title="bbox 190 1819 892 1869">
    <p class='ocr_par' dir='ltr' id='par_1_11' title="bbox 190 1819 892 1869">
     <span class='ocr_line' id='line_1_31' title="bbox 190 1819 892 1869; baseline 0.011 -19"><span class='ocrx_word' id='word_1_290' title='bbox 190 1819 311 1862; x_wconf 87' lang='lat' dir='ltr'><strong>primis</strong></span> <span class='ocrx_word' id='word_1_291' title='bbox 330 1821 373 1852; x_wconf 85' lang='lat' dir='ltr'><strong>V.</strong></span> <span class='ocrx_word' id='word_1_292' title='bbox 394 1821 434 1852; x_wconf 76' lang='lat' dir='ltr'><strong>IA-</strong></span> <span class='ocrx_word' id='word_1_293' title='bbox 454 1821 497 1853; x_wconf 81' lang='lat' dir='ltr'><strong>ad</strong></span> <span class='ocrx_word' id='word_1_294' title='bbox 517 1822 587 1854; x_wconf 85' lang='lat' dir='ltr'><strong>Ecl.</strong></span> <span class='ocrx_word' id='word_1_295' title='bbox 615 1825 692 1863; x_wconf 80' lang='lat' dir='ltr'><strong>VII,</strong></span> <span class='ocrx_word' id='word_1_296' title='bbox 724 1826 755 1858; x_wconf 91' lang='grc'><strong>1.</strong></span> <span class='ocrx_word' id='word_1_297' title='bbox 798 1826 892 1869; x_wconf 57' lang='lat' dir='ltr'><strong>Ils&#39;r.)</strong></span> 
     </span>
    </p>
   </div>
   <div class='ocr_carea' id='block_1_12' title="bbox 943 1832 1710 1878">
    <p class='ocr_par' dir='ltr' id='par_1_12' title="bbox 943 1832 1710 1878">
     <span class='ocr_line' id='line_1_32' title="bbox 943 1832 1710 1878; baseline 0.014 -20"><span class='ocrx_word' id='word_1_298' title='bbox 943 1839 1036 1871; x_wconf 76' lang='lat' dir='ltr'><strong>quas</strong></span> <span class='ocrx_word' id='word_1_299' title='bbox 1064 1838 1213 1862; x_wconf 75' lang='lat' dir='ltr'><strong>servant</strong></span> <span class='ocrx_word' id='word_1_300' title='bbox 1243 1832 1383 1876; x_wconf 87' lang='lat' dir='ltr'><strong>Menag.</strong></span> <span class='ocrx_word' id='word_1_301' title='bbox 1412 1846 1465 1878; x_wconf 87' lang='lat' dir='ltr'><strong>pr.</strong></span> <span class='ocrx_word' id='word_1_302' title='bbox 1516 1844 1710 1869; x_wconf 75' lang='lat' dir='ltr'><strong>asservant</strong></span> 
     </span>
    </p>
   </div>
   <div class='ocr_carea' id='block_1_13' title="bbox 190 1865 1709 1925">
    <p class='ocr_par' dir='ltr' id='par_1_13' title="bbox 190 1865 1709 1925">
     <span class='ocr_line' id='line_1_33' title="bbox 190 1865 1709 1925; baseline 0.013 -28"><span class='ocrx_word' id='word_1_303' title='bbox 190 1865 290 1898; x_wconf 84' lang='lat' dir='ltr'><strong>Leid.</strong></span> <span class='ocrx_word' id='word_1_304' title='bbox 312 1878 399 1899; x_wconf 89' lang='lat' dir='ltr'><strong>nnus</strong></span> <span class='ocrx_word' id='word_1_305' title='bbox 424 1880 442 1899; x_wconf 86' lang='lat' dir='ltr'><strong>a</strong></span> <span class='ocrx_word' id='word_1_306' title='bbox 462 1880 505 1900; x_wconf 89' lang='lat' dir='ltr'><strong>m.</strong></span> <span class='ocrx_word' id='word_1_307' title='bbox 534 1881 588 1913; x_wconf 91' lang='lat' dir='ltr'><strong>pr.</strong></span> <span class='ocrx_word' id='word_1_308' title='bbox 637 1871 838 1904; x_wconf 73' lang='lat' dir='ltr'><strong>adservant</strong></span> <span class='ocrx_word' id='word_1_309' title='bbox 865 1872 902 1904; x_wconf 87' lang='lat' dir='ltr'><strong>in</strong></span> <span class='ocrx_word' id='word_1_310' title='bbox 927 1874 1112 1908; x_wconf 80' lang='lat' dir='ltr'><strong>Servianis.</strong></span> <span class='ocrx_word' id='word_1_311' title='bbox 1163 1877 1292 1910; x_wconf 82' lang='lat' dir='ltr'><strong>ordine</strong></span> <span class='ocrx_word' id='word_1_312' title='bbox 1321 1879 1432 1925; x_wconf 81' lang='lat' dir='ltr'><strong>longo</strong></span> <span class='ocrx_word' id='word_1_313' title='bbox 1460 1881 1595 1925; x_wconf 79' lang='lat' dir='ltr'><strong>Bigot.‚</strong></span> <span class='ocrx_word' id='word_1_314' title='bbox 1631 1895 1709 1915; x_wconf 84' lang='lat' dir='ltr'><strong>me—</strong></span> 
     </span>
    </p>
   </div>
   <div class='ocr_carea' id='block_1_14' title="bbox 188 1913 897 2009">
    <p class='ocr_par' dir='ltr' id='par_1_14' title="bbox 188 1913 897 2009">
     <span class='ocr_line' id='line_1_34' title="bbox 188 1913 751 1957; baseline 0.011 -13"><span class='ocrx_word' id='word_1_315' title='bbox 188 1913 322 1945; x_wconf 79' lang='lat' dir='ltr'><strong>moriae</strong></span> <span class='ocrx_word' id='word_1_316' title='bbox 343 1913 443 1957; x_wconf 81' lang='lat' dir='ltr'><strong>lapsu</strong></span> <span class='ocrx_word' id='word_1_317' title='bbox 459 1941 466 1954; x_wconf 93' lang='lat'><strong>‚</strong></span> <span class='ocrx_word' id='word_1_318' title='bbox 493 1926 532 1946; x_wconf 86' lang='lat' dir='ltr'><strong>ex</strong></span> <span class='ocrx_word' id='word_1_319' title='bbox 555 1916 631 1949; x_wconf 85' lang='lat' dir='ltr'><strong>aliis</strong></span> <span class='ocrx_word' id='word_1_320' title='bbox 652 1917 751 1950; x_wconf 88' lang='lat' dir='ltr'><strong>locis.</strong></span> 
     </span>
     <span class='ocr_line' id='line_1_35' title="bbox 189 1960 897 2009; baseline 0.011 -18"><span class='ocrx_word' id='word_1_321' title='bbox 189 1960 285 1992; x_wconf 85' lang='lat' dir='ltr'><strong>tend.</strong></span> <span class='ocrx_word' id='word_1_322' title='bbox 310 1967 344 1992; x_wconf 90' lang='lat' dir='ltr'><strong>et</strong></span> <span class='ocrx_word' id='word_1_323' title='bbox 364 1961 471 1996; x_wconf 87' lang='lat' dir='ltr'><strong>Witt.</strong></span> <span class='ocrx_word' id='word_1_324' title='bbox 498 1962 616 2006; x_wconf 84' lang='lat' dir='ltr'><strong>(etiam</strong></span> <span class='ocrx_word' id='word_1_325' title='bbox 635 1963 669 1996; x_wconf 89' lang='lat' dir='ltr'><strong>in</strong></span> <span class='ocrx_word' id='word_1_326' title='bbox 688 1965 767 1997; x_wconf 89' lang='lat' dir='ltr'><strong>Alb.</strong></span> <span class='ocrx_word' id='word_1_327' title='bbox 802 1967 897 2009; x_wconf 67' lang='grc' dir='ltr'><strong>ΖΓΛ)</strong></span> 
     </span>
    </p>
   </div>
   <div class='ocr_carea' id='block_1_15' title="bbox 846 1920 1709 2013">
    <p class='ocr_par' dir='ltr' id='par_1_15' title="bbox 846 1920 1709 2013">
     <span class='ocr_line' id='line_1_36' title="bbox 846 1920 1709 1965; baseline 0.012 -12"><span class='ocrx_word' id='word_1_328' title='bbox 846 1920 913 1954; x_wconf 84' lang='grc'><strong>451</strong></span> <span class='ocrx_word' id='word_1_329' title='bbox 940 1923 1071 1954; x_wconf 76' lang='lat' dir='ltr'><strong>animis</strong></span> <span class='ocrx_word' id='word_1_330' title='bbox 1092 1934 1143 1965; x_wconf 87' lang='lat' dir='ltr'><strong>pr.</strong></span> <span class='ocrx_word' id='word_1_331' title='bbox 1167 1925 1296 1961; x_wconf 84' lang='lat' dir='ltr'><strong>Moret.</strong></span> <span class='ocrx_word' id='word_1_332' title='bbox 1324 1927 1496 1961; x_wconf 78' lang='lat' dir='ltr'><strong>Montalb.</strong></span> <span class='ocrx_word' id='word_1_333' title='bbox 1524 1941 1593 1962; x_wconf 89' lang='lat' dir='ltr'><strong>sec.</strong></span> <span class='ocrx_word' id='word_1_334' title='bbox 1614 1931 1709 1962; x_wconf 82' lang='lat' dir='ltr'><strong>Rot-</strong></span> 
     </span>
     <span class='ocr_line' id='line_1_37' title="bbox 947 1968 1708 2013; baseline 0.013 -14"><span class='ocrx_word' id='word_1_335' title='bbox 947 1968 1022 2000; x_wconf 87' lang='lat' dir='ltr'><strong>Nec</strong></span> <span class='ocrx_word' id='word_1_336' title='bbox 1055 1968 1238 2013; x_wconf 87' lang='lat' dir='ltr'><strong>displicet,</strong></span> <span class='ocrx_word' id='word_1_337' title='bbox 1275 1979 1313 2004; x_wconf 88' lang='lat' dir='ltr'><strong>ut</strong></span> <span class='ocrx_word' id='word_1_338' title='bbox 1344 1985 1559 2008; x_wconf 74' lang='lat' dir='ltr'><strong>succurrere</strong></span> <span class='ocrx_word' id='word_1_339' title='bbox 1588 1975 1708 2009; x_wconf 83' lang='lat' dir='ltr'><strong>infini-</strong></span> 
     </span>
    </p>
   </div>
   <div class='ocr_carea' id='block_1_16' title="bbox 188 2005 1706 2067">
    <p class='ocr_par' dir='ltr' id='par_1_16' title="bbox 188 2005 1706 2067">
     <span class='ocr_line' id='line_1_38' title="bbox 188 2005 1706 2067; baseline 0.013 -30"><span class='ocrx_word' id='word_1_340' title='bbox 188 2005 280 2038; x_wconf 87' lang='lat' dir='ltr'><strong>tivus</strong></span> <span class='ocrx_word' id='word_1_341' title='bbox 304 2006 491 2041; x_wconf 85' lang='lat' dir='ltr'><strong>historicus</strong></span> <span class='ocrx_word' id='word_1_342' title='bbox 511 2010 567 2043; x_wconf 87' lang='lat' dir='ltr'><strong>sit.</strong></span> <span class='ocrx_word' id='word_1_343' title='bbox 618 2011 803 2056; x_wconf 76' lang='lat' dir='ltr'><strong>vulgatam</strong></span> <span class='ocrx_word' id='word_1_344' title='bbox 822 2013 924 2046; x_wconf 84' lang='lat' dir='ltr'><strong>etiam</strong></span> <span class='ocrx_word' id='word_1_345' title='bbox 943 2014 1066 2059; x_wconf 80' lang='lat' dir='ltr'><strong>fragm.</strong></span> <span class='ocrx_word' id='word_1_346' title='bbox 1084 2017 1199 2051; x_wconf 85' lang='lat' dir='ltr'><strong>Vatie.</strong></span> <span class='ocrx_word' id='word_1_347' title='bbox 1217 2018 1333 2052; x_wconf 81' lang='lat' dir='ltr'><strong>habet</strong></span> <span class='ocrx_word' id='word_1_348' title='bbox 1355 2026 1391 2053; x_wconf 88' lang='lat' dir='ltr'><strong>et</strong></span> <span class='ocrx_word' id='word_1_349' title='bbox 1420 2021 1591 2067; x_wconf 86' lang='lat' dir='ltr'><strong>Pompon.</strong></span> <span class='ocrx_word' id='word_1_350' title='bbox 1624 2024 1706 2057; x_wconf 83' lang='lat' dir='ltr'><strong>Sab.</strong></span> 
     </span>
    </p>
   </div>
   <div class='ocr_carea' id='block_1_17' title="bbox 187 2052 452 2099">
    <p class='ocr_par' dir='ltr' id='par_1_17' title="bbox 187 2052 452 2099">
     <span class='ocr_line' id='line_1_39' title="bbox 187 2052 452 2099; baseline 0.015 -15"><span class='ocrx_word' id='word_1_351' title='bbox 187 2052 452 2099; x_wconf 80' lang='lat' dir='ltr'><strong>interpretatur.</strong></span> 
     </span>
    </p>
   </div>
   <div class='ocr_carea' id='block_1_18' title="bbox 186 2161 915 3030">
    <p class='ocr_par' dir='ltr' id='par_1_18' title="bbox 186 2161 915 2624">
     <span class='ocr_line' id='line_1_40' title="bbox 190 2161 915 2215; baseline 0.017 -21"><span class='ocrx_word' id='word_1_352' title='bbox 190 2161 440 2211; x_wconf 69' lang='lat' dir='ltr'><strong>siris-clipeos</strong></span> <span class='ocrx_word' id='word_1_353' title='bbox 459 2163 517 2200; x_wconf 76' lang='lat' dir='ltr'><strong>acl</strong></span> <span class='ocrx_word' id='word_1_354' title='bbox 538 2166 618 2201; x_wconf 82' lang='lat' dir='ltr'><strong>tela</strong></span> <span class='ocrx_word' id='word_1_355' title='bbox 643 2169 835 2215; x_wconf 77' lang='lat' dir='ltr'><strong>protecti,</strong></span> <span class='ocrx_word' id='word_1_356' title='bbox 868 2174 915 2206; x_wconf 79' lang='lat' dir='ltr'><strong>ut</strong></span> 
     </span>
     <span class='ocr_line' id='line_1_41' title="bbox 190 2216 915 2276; baseline 0.015 -24"><span class='ocrx_word' id='word_1_357' title='bbox 190 2216 381 2256; x_wconf 82' lang='lat' dir='ltr'><strong>adversus</strong></span> <span class='ocrx_word' id='word_1_358' title='bbox 402 2220 481 2257; x_wconf 81' lang='lat' dir='ltr'><strong>tela</strong></span> <span class='ocrx_word' id='word_1_359' title='bbox 495 2234 664 2272; x_wconf 85' lang='lat' dir='ltr'><strong>superne</strong></span> <span class='ocrx_word' id='word_1_360' title='bbox 681 2224 797 2261; x_wconf 80' lang='lat' dir='ltr'><strong>missa</strong></span> <span class='ocrx_word' id='word_1_361' title='bbox 816 2239 915 2276; x_wconf 88' lang='lat' dir='ltr'><strong>pro-</strong></span> 
     </span>
     <span class='ocr_line' id='line_1_42' title="bbox 186 2279 910 2332; baseline 0.015 -22"><span class='ocrx_word' id='word_1_362' title='bbox 186 2280 365 2325; x_wconf 82' lang='lat' dir='ltr'><strong>tegerent</strong></span> <span class='ocrx_word' id='word_1_363' title='bbox 386 2290 437 2315; x_wconf 86' lang='lat' dir='ltr'><strong>se.</strong></span> <span class='ocrx_word' id='word_1_364' title='bbox 496 2279 677 2330; x_wconf 69' lang='lat' dir='ltr'><strong>(protecti</strong></span> <span class='ocrx_word' id='word_1_365' title='bbox 705 2282 910 2332; x_wconf 76' lang='lat' dir='ltr'><strong>clipeis,</strong></span> 
     </span>
     <span class='ocr_line' id='line_1_43' title="bbox 189 2335 914 2389; baseline 0.012 -20"><span class='ocrx_word' id='word_1_366' title='bbox 189 2345 289 2382; x_wconf 85' lang='lat' dir='ltr'><strong>quae</strong></span> <span class='ocrx_word' id='word_1_367' title='bbox 310 2340 366 2371; x_wconf 88' lang='lat' dir='ltr'><strong>est</strong></span> <span class='ocrx_word' id='word_1_368' title='bbox 397 2335 557 2373; x_wconf 85' lang='lat' dir='ltr'><strong>Graecis</strong></span> <span class='ocrx_word' id='word_1_369' title='bbox 586 2339 713 2389; x_wconf 87' lang='lat' dir='ltr'><strong>poetis</strong></span> <span class='ocrx_word' id='word_1_370' title='bbox 739 2354 820 2377; x_wconf 90' lang='lat' dir='ltr'><strong>non</strong></span> <span class='ocrx_word' id='word_1_371' title='bbox 848 2341 914 2378; x_wconf 89' lang='lat' dir='ltr'><strong>in-</strong></span> 
     </span>
     <span class='ocr_line' id='line_1_44' title="bbox 187 2390 915 2450; baseline 0.014 -24"><span class='ocrx_word' id='word_1_372' title='bbox 187 2390 302 2428; x_wconf 86' lang='lat' dir='ltr'><strong>solita</strong></span> <span class='ocrx_word' id='word_1_373' title='bbox 321 2393 423 2431; x_wconf 83' lang='lat' dir='ltr'><strong>ratio</strong></span> <span class='ocrx_word' id='word_1_374' title='bbox 454 2394 664 2433; x_wconf 81' lang='lat' dir='ltr'><strong>adiiciendi</strong></span> <span class='ocrx_word' id='word_1_375' title='bbox 692 2398 915 2450; x_wconf 82' lang='lat' dir='ltr'><strong>participia.</strong></span> 
     </span>
     <span class='ocr_line' id='line_1_45' title="bbox 188 2447 913 2504; baseline 0.014 -20"><span class='ocrx_word' id='word_1_376' title='bbox 188 2447 275 2486; x_wconf 91' lang='lat' dir='ltr'><strong>Vid.</strong></span> <span class='ocrx_word' id='word_1_377' title='bbox 297 2450 418 2502; x_wconf 87' lang='lat' dir='ltr'><strong>Soph.</strong></span> <span class='ocrx_word' id='word_1_378' title='bbox 444 2452 575 2504; x_wconf 81' lang='lat' dir='ltr'><strong>Antig.</strong></span> <span class='ocrx_word' id='word_1_379' title='bbox 606 2457 672 2496; x_wconf 78' lang='lat'><strong>23.</strong></span> <span class='ocrx_word' id='word_1_380' title='bbox 734 2455 913 2494; x_wconf 85' lang='lat' dir='ltr'><strong>Adscen-</strong></span> 
     </span>
     <span class='ocr_line' id='line_1_46' title="bbox 188 2505 912 2563; baseline 0.014 -21"><span class='ocrx_word' id='word_1_381' title='bbox 188 2505 326 2544; x_wconf 82' lang='lat' dir='ltr'><strong>dentes</strong></span> <span class='ocrx_word' id='word_1_382' title='bbox 353 2517 546 2560; x_wconf 81' lang='lat' dir='ltr'><strong>prensant</strong></span> <span class='ocrx_word' id='word_1_383' title='bbox 577 2512 752 2563; x_wconf 80' lang='lat' dir='ltr'><strong>fastigia,</strong></span> <span class='ocrx_word' id='word_1_384' title='bbox 799 2521 847 2552; x_wconf 85' lang='lat' dir='ltr'><strong>ut</strong></span> <span class='ocrx_word' id='word_1_385' title='bbox 872 2514 912 2552; x_wconf 90' lang='lat' dir='ltr'><strong>in</strong></span> 
     </span>
     <span class='ocr_line' id='line_1_47' title="bbox 188 2564 738 2624; baseline 0.015 -25"><span class='ocrx_word' id='word_1_386' title='bbox 188 2564 344 2603; x_wconf 85' lang='lat' dir='ltr'><strong>culmen</strong></span> <span class='ocrx_word' id='word_1_387' title='bbox 366 2568 554 2606; x_wconf 80' lang='lat' dir='ltr'><strong>evadant.</strong></span> <span class='ocrx_word' id='word_1_388' title='bbox 589 2570 738 2624; x_wconf 72' lang='lat' dir='ltr'><strong>chlz.)</strong></span> 
     </span>
    </p>

    <p class='ocr_par' dir='ltr' id='par_1_19' title="bbox 186 2620 915 3030">
     <span class='ocr_line' id='line_1_48' title="bbox 244 2620 910 2679; baseline 0.012 -19"><span class='ocrx_word' id='word_1_389' title='bbox 244 2620 338 2663; x_wconf 87' lang='lat'><strong>445.</strong></span> <span class='ocrx_word' id='word_1_390' title='bbox 374 2626 561 2664; x_wconf 74' lang='lat' dir='ltr'><strong>Culmina</strong></span> <span class='ocrx_word' id='word_1_391' title='bbox 574 2627 780 2666; x_wconf 72' lang='lat' dir='ltr'><strong>domorum</strong></span> <span class='ocrx_word' id='word_1_392' title='bbox 792 2638 910 2679; x_wconf 75' lang='lat' dir='ltr'><strong>tecla,</strong></span> 
     </span>
     <span class='ocr_line' id='line_1_49' title="bbox 191 2677 911 2738; baseline 0.017 -24"><span class='ocrx_word' id='word_1_393' title='bbox 191 2677 304 2716; x_wconf 84' lang='lat' dir='ltr'><strong>docte</strong></span> <span class='ocrx_word' id='word_1_394' title='bbox 330 2695 403 2732; x_wconf 82' lang='lat' dir='ltr'><strong>pro</strong></span> <span class='ocrx_word' id='word_1_395' title='bbox 433 2683 518 2734; x_wconf 85' lang='lat' dir='ltr'><strong>ipso</strong></span> <span class='ocrx_word' id='word_1_396' title='bbox 558 2690 664 2723; x_wconf 86' lang='lat' dir='ltr'><strong>tecto</strong></span> <span class='ocrx_word' id='word_1_397' title='bbox 692 2686 816 2738; x_wconf 85' lang='lat' dir='ltr'><strong>iisque</strong></span> <span class='ocrx_word' id='word_1_398' title='bbox 846 2702 911 2726; x_wconf 87' lang='lat' dir='ltr'><strong>re—</strong></span> 
     </span>
     <span class='ocr_line' id='line_1_50' title="bbox 190 2734 914 2795; baseline 0.021 -25"><span class='ocrx_word' id='word_1_399' title='bbox 190 2734 284 2784; x_wconf 84' lang='lat' dir='ltr'><strong>bus,</strong></span> <span class='ocrx_word' id='word_1_400' title='bbox 347 2740 489 2789; x_wconf 88' lang='lat' dir='ltr'><strong>quibus</strong></span> <span class='ocrx_word' id='word_1_401' title='bbox 539 2745 720 2795; x_wconf 87' lang='lat' dir='ltr'><strong>superior</strong></span> <span class='ocrx_word' id='word_1_402' title='bbox 771 2745 914 2784; x_wconf 83' lang='lat' dir='ltr'><strong>domus</strong></span> 
     </span>
     <span class='ocr_line' id='line_1_51' title="bbox 190 2797 915 2853; baseline 0.021 -26"><span class='ocrx_word' id='word_1_403' title='bbox 190 2804 280 2841; x_wconf 90' lang='lat' dir='ltr'><strong>pars</strong></span> <span class='ocrx_word' id='word_1_404' title='bbox 300 2797 444 2846; x_wconf 80' lang='lat' dir='ltr'><strong>tegitur</strong></span> <span class='ocrx_word' id='word_1_405' title='bbox 459 2828 468 2846; x_wconf 85' lang='lat'>,</span> <span class='ocrx_word' id='word_1_406' title='bbox 500 2798 539 2837; x_wconf 91' lang='lat' dir='ltr'><strong>h.</strong></span> <span class='ocrx_word' id='word_1_407' title='bbox 562 2813 594 2839; x_wconf 89' lang='lat' dir='ltr'><strong>e.</strong></span> <span class='ocrx_word' id='word_1_408' title='bbox 616 2802 769 2853; x_wconf 78' lang='lat' dir='ltr'><strong>tegulis.</strong></span> <span class='ocrx_word' id='word_1_409' title='bbox 812 2813 915 2842; x_wconf 74' lang='lat' dir='ltr'><strong>tecta</strong></span> 
     </span>
     <span class='ocr_line' id='line_1_52' title="bbox 186 2855 915 2914; baseline 0.023 -30"><span class='ocrx_word' id='word_1_410' title='bbox 186 2855 408 2897; x_wconf 69' lang='lat' dir='ltr'><strong>penetralia</strong></span> <span class='ocrx_word' id='word_1_411' title='bbox 430 2856 569 2895; x_wconf 86' lang='lat' dir='ltr'><strong>eodem</strong></span> <span class='ocrx_word' id='word_1_412' title='bbox 594 2860 715 2898; x_wconf 87' lang='lat' dir='ltr'><strong>modo</strong></span> <span class='ocrx_word' id='word_1_413' title='bbox 736 2861 752 2898; x_wconf 94' lang='lat' dir='ltr'>I</span> <span class='ocrx_word' id='word_1_414' title='bbox 774 2861 915 2914; x_wconf 82' lang='lat' dir='ltr'><strong>Georg.</strong></span> 
     </span>
     <span class='ocr_line' id='line_1_53' title="bbox 190 2908 914 2968; baseline 0.017 -22"><span class='ocrx_word' id='word_1_415' title='bbox 190 2908 283 2946; x_wconf 82' lang='lat'><strong>379.</strong></span> <span class='ocrx_word' id='word_1_416' title='bbox 314 2909 442 2949; x_wconf 85' lang='lat' dir='ltr'><strong>Etiam</strong></span> <span class='ocrx_word' id='word_1_417' title='bbox 462 2921 582 2953; x_wconf 75' lang='lat' dir='ltr'><strong>turres</strong></span> <span class='ocrx_word' id='word_1_418' title='bbox 603 2931 677 2968; x_wconf 86' lang='lat' dir='ltr'><strong>pro</strong></span> <span class='ocrx_word' id='word_1_419' title='bbox 695 2918 835 2957; x_wconf 89' lang='lat' dir='ltr'><strong>eodem</strong></span> <span class='ocrx_word' id='word_1_420' title='bbox 853 2926 914 2957; x_wconf 84' lang='lat' dir='ltr'><strong>te-</strong></span> 
     </span>
     <span class='ocr_line' id='line_1_54' title="bbox 189 2964 915 3030; baseline 0.025 -31"><span class='ocrx_word' id='word_1_421' title='bbox 189 2969 253 3000; x_wconf 82' lang='lat' dir='ltr'><strong>cto</strong></span> <span class='ocrx_word' id='word_1_422' title='bbox 278 2964 394 3015; x_wconf 81' lang='lat' dir='ltr'><strong>dicit,</strong></span> <span class='ocrx_word' id='word_1_423' title='bbox 426 2971 517 3019; x_wconf 86' lang='lat' dir='ltr'><strong>quia</strong></span> <span class='ocrx_word' id='word_1_424' title='bbox 541 2974 665 3013; x_wconf 82' lang='lat' dir='ltr'><strong>altum</strong></span> <span class='ocrx_word' id='word_1_425' title='bbox 690 2983 759 3014; x_wconf 85' lang='lat' dir='ltr'><strong>est.</strong></span> <span class='ocrx_word' id='word_1_426' title='bbox 821 2977 915 3030; x_wconf 81' lang='lat' dir='ltr'><strong>Agi—</strong></span> 
     </span>
    </p>
   </div>
   <div class='ocr_carea' id='block_1_19' title="bbox 971 2171 1706 3030">
    <p class='ocr_par' dir='ltr' id='par_1_20' title="bbox 971 2171 1706 2688">
     <span class='ocr_line' id='line_1_55' title="bbox 972 2171 1706 2216; baseline 0.014 -10"><span class='ocrx_word' id='word_1_427' title='bbox 972 2175 1043 2207; x_wconf 87' lang='lat' dir='ltr'><strong>tur</strong></span> <span class='ocrx_word' id='word_1_428' title='bbox 1065 2176 1197 2208; x_wconf 85' lang='lat' dir='ltr'><strong>autem</strong></span> <span class='ocrx_word' id='word_1_429' title='bbox 1218 2171 1266 2209; x_wconf 89' lang='lat' dir='ltr'><strong>de</strong></span> <span class='ocrx_word' id='word_1_430' title='bbox 1294 2185 1373 2210; x_wconf 82' lang='lat' dir='ltr'><strong>una</strong></span> <span class='ocrx_word' id='word_1_431' title='bbox 1400 2174 1543 2213; x_wconf 86' lang='lat' dir='ltr'><strong>Priami</strong></span> <span class='ocrx_word' id='word_1_432' title='bbox 1567 2176 1706 2216; x_wconf 89' lang='lat' dir='ltr'><strong>domo:</strong></span> 
     </span>
     <span class='ocr_line' id='line_1_56' title="bbox 974 2227 1706 2285; baseline 0.012 -22"><span class='ocrx_word' id='word_1_433' title='bbox 974 2227 1037 2264; x_wconf 88' lang='lat' dir='ltr'><strong>cui</strong></span> <span class='ocrx_word' id='word_1_434' title='bbox 1056 2229 1437 2279; x_wconf 85' lang='lat' dir='ltr'><strong>magnificentiorem</strong></span> <span class='ocrx_word' id='word_1_435' title='bbox 1450 2235 1616 2285; x_wconf 85' lang='lat' dir='ltr'><strong>speciem</strong></span> <span class='ocrx_word' id='word_1_436' title='bbox 1631 2235 1706 2272; x_wconf 85' lang='lat' dir='ltr'><strong>ad-</strong></span> 
     </span>
     <span class='ocr_line' id='line_1_57' title="bbox 971 2285 1706 2342; baseline 0.014 -21"><span class='ocrx_word' id='word_1_437' title='bbox 971 2285 1084 2334; x_wconf 73' lang='lat' dir='ltr'><strong>iecit,</strong></span> <span class='ocrx_word' id='word_1_438' title='bbox 1128 2300 1248 2336; x_wconf 83' lang='lat' dir='ltr'><strong>quam</strong></span> <span class='ocrx_word' id='word_1_439' title='bbox 1281 2301 1380 2338; x_wconf 70' lang='lat' dir='ltr'><strong>quae</strong></span> <span class='ocrx_word' id='word_1_440' title='bbox 1410 2291 1519 2342; x_wconf 85' lang='lat' dir='ltr'><strong>apud</strong></span> <span class='ocrx_word' id='word_1_441' title='bbox 1552 2291 1706 2330; x_wconf 88' lang='lat' dir='ltr'><strong>Home-</strong></span> 
     </span>
     <span class='ocr_line' id='line_1_58' title="bbox 971 2344 1706 2397; baseline 0.015 -18"><span class='ocrx_word' id='word_1_442' title='bbox 971 2357 1065 2381; x_wconf 84' lang='lat' dir='ltr'><strong>rum</strong></span> <span class='ocrx_word' id='word_1_443' title='bbox 1084 2350 1182 2382; x_wconf 86' lang='lat' dir='ltr'><strong>erat.</strong></span> <span class='ocrx_word' id='word_1_444' title='bbox 1216 2344 1296 2397; x_wconf 69' lang='lat' dir='ltr'><strong>(his</strong></span> <span class='ocrx_word' id='word_1_445' title='bbox 1317 2347 1406 2384; x_wconf 60' lang='lat' dir='ltr'><strong>telis</strong></span> <span class='ocrx_word' id='word_1_446' title='bbox 1420 2378 1430 2397; x_wconf 86' lang='lat'>,</span> <span class='ocrx_word' id='word_1_447' title='bbox 1463 2362 1508 2387; x_wconf 89' lang='lat' dir='ltr'><strong>eo</strong></span> <span class='ocrx_word' id='word_1_448' title='bbox 1531 2351 1706 2389; x_wconf 87' lang='lat' dir='ltr'><strong>telorum</strong></span> 
     </span>
     <span class='ocr_line' id='line_1_59' title="bbox 972 2402 1704 2462; baseline 0.014 -25"><span class='ocrx_word' id='word_1_449' title='bbox 972 2414 1132 2452; x_wconf 81' lang='lat' dir='ltr'><strong>genere3</strong></span> <span class='ocrx_word' id='word_1_450' title='bbox 1162 2402 1246 2441; x_wconf 87' lang='lat' dir='ltr'><strong>vid.</strong></span> <span class='ocrx_word' id='word_1_451' title='bbox 1270 2404 1320 2451; x_wconf 87' lang='lat' dir='ltr'><strong>Q.</strong></span> <span class='ocrx_word' id='word_1_452' title='bbox 1341 2405 1386 2443; x_wconf 93' lang='lat' dir='ltr'><strong>V.</strong></span> <span class='ocrx_word' id='word_1_453' title='bbox 1410 2407 1501 2456; x_wconf 83' lang='lat' dir='ltr'><strong>XX,</strong></span> <span class='ocrx_word' id='word_1_454' title='bbox 1524 2411 1562 2449; x_wconf 83' lang='lat'><strong>3.</strong></span> <span class='ocrx_word' id='word_1_455' title='bbox 1590 2408 1704 2462; x_wconf 87' lang='lat' dir='ltr'><strong>Wr.)</strong></span> 
     </span>
     <span class='ocr_line' id='line_1_60' title="bbox 972 2458 1705 2504; baseline 0.007 -4"><span class='ocrx_word' id='word_1_456' title='bbox 972 2458 1069 2501; x_wconf 86' lang='lat'><strong>449.</strong></span> <span class='ocrx_word' id='word_1_457' title='bbox 1104 2459 1303 2499; x_wconf 77' lang='lat' dir='ltr'><strong>Videntur</strong></span> <span class='ocrx_word' id='word_1_458' title='bbox 1335 2461 1377 2500; x_wconf 93' lang='lat' dir='ltr'><strong>hi</strong></span> <span class='ocrx_word' id='word_1_459' title='bbox 1408 2466 1561 2503; x_wconf 80' lang='lat' dir='ltr'><strong>stetisse</strong></span> <span class='ocrx_word' id='word_1_460' title='bbox 1598 2466 1705 2504; x_wconf 81' lang='lat' dir='ltr'><strong>intra</strong></span> 
     </span>
     <span class='ocr_line' id='line_1_61' title="bbox 972 2517 1703 2576; baseline 0.022 -23"><span class='ocrx_word' id='word_1_461' title='bbox 972 2517 1090 2555; x_wconf 83' lang='lat' dir='ltr'><strong>fores.</strong></span> <span class='ocrx_word' id='word_1_462' title='bbox 1131 2519 1178 2556; x_wconf 83' lang='lat' dir='ltr'><strong>cf.</strong></span> <span class='ocrx_word' id='word_1_463' title='bbox 1206 2519 1277 2557; x_wconf 81' lang='lat' dir='ltr'><strong>inf.</strong></span> <span class='ocrx_word' id='word_1_464' title='bbox 1303 2519 1400 2561; x_wconf 79' lang='lat'><strong>484.</strong></span> <span class='ocrx_word' id='word_1_465' title='bbox 1429 2522 1525 2565; x_wconf 84' lang='grc'>485.</span> <span class='ocrx_word' id='word_1_466' title='bbox 1567 2524 1633 2576; x_wconf 76' lang='lat' dir='ltr'><strong>(de</strong></span> <span class='ocrx_word' id='word_1_467' title='bbox 1662 2525 1703 2563; x_wconf 57' lang='lat' dir='ltr'><strong>Vi</strong></span> 
     </span>
     <span class='ocr_line' id='line_1_62' title="bbox 971 2576 1702 2631; baseline 0.014 -20"><span class='ocrx_word' id='word_1_468' title='bbox 971 2576 1219 2625; x_wconf 84' lang='lat' dir='ltr'><strong>pronominis</strong></span> <span class='ocrx_word' id='word_1_469' title='bbox 1239 2578 1316 2615; x_wconf 80' lang='lat' dir='ltr'><strong>lzas</strong></span> <span class='ocrx_word' id='word_1_470' title='bbox 1342 2579 1425 2618; x_wconf 80' lang='lat' dir='ltr'><strong>vid.</strong></span> <span class='ocrx_word' id='word_1_471' title='bbox 1453 2581 1501 2629; x_wconf 89' lang='lat' dir='ltr'><strong>Q.</strong></span> <span class='ocrx_word' id='word_1_472' title='bbox 1535 2582 1581 2620; x_wconf 91' lang='lat' dir='ltr'><strong>V.</strong></span> <span class='ocrx_word' id='word_1_473' title='bbox 1610 2584 1702 2631; x_wconf 84' lang='lat' dir='ltr'><strong>XX,</strong></span> 
     </span>
     <span class='ocr_line' id='line_1_63' title="bbox 973 2634 1279 2688; baseline 0.016 -20"><span class='ocrx_word' id='word_1_474' title='bbox 973 2637 1000 2675; x_wconf 82' lang='lat'><strong>2</strong></span> <span class='ocrx_word' id='word_1_475' title='bbox 1023 2639 1127 2671; x_wconf 75' lang='lat' dir='ltr'><strong>extr.</strong></span> <span class='ocrx_word' id='word_1_476' title='bbox 1161 2634 1279 2688; x_wconf 78' lang='lat' dir='ltr'><strong>lVr.)</strong></span> 
     </span>
    </p>

    <p class='ocr_par' dir='ltr' id='par_1_21' title="bbox 973 2689 1702 3030">
     <span class='ocr_line' id='line_1_64' title="bbox 1031 2689 1702 2747; baseline 0.01 -20"><span class='ocrx_word' id='word_1_477' title='bbox 1031 2689 1127 2733; x_wconf 80' lang='lat'><strong>451.</strong></span> <span class='ocrx_word' id='word_1_478' title='bbox 1160 2692 1248 2730; x_wconf 86' lang='lat' dir='ltr'><strong>Hoc</strong></span> <span class='ocrx_word' id='word_1_479' title='bbox 1263 2694 1348 2745; x_wconf 82' lang='lat' dir='ltr'><strong>ipso</strong></span> <span class='ocrx_word' id='word_1_480' title='bbox 1363 2709 1497 2733; x_wconf 80' lang='lat' dir='ltr'><strong>rerum</strong></span> <span class='ocrx_word' id='word_1_481' title='bbox 1511 2696 1702 2747; x_wconf 84' lang='lat' dir='ltr'><strong>adspectu</strong></span> 
     </span>
     <span class='ocr_line' id='line_1_65' title="bbox 973 2754 1699 2792; baseline 0.007 -7"><span class='ocrx_word' id='word_1_482' title='bbox 973 2756 1213 2788; x_wconf 83' lang='lat' dir='ltr'><strong>renovatum</strong></span> <span class='ocrx_word' id='word_1_483' title='bbox 1247 2754 1289 2789; x_wconf 81' lang='grc' dir='ltr'><strong>ιἰι</strong></span> <span class='ocrx_word' id='word_1_484' title='bbox 1317 2755 1455 2790; x_wconf 74' lang='lat' dir='ltr'><strong>Aenea</strong></span> <span class='ocrx_word' id='word_1_485' title='bbox 1495 2755 1699 2792; x_wconf 85' lang='lat' dir='ltr'><strong>consilium</strong></span> 
     </span>
     <span class='ocr_line' id='line_1_66' title="bbox 974 2809 1700 2863; baseline 0.008 -20"><span class='ocrx_word' id='word_1_486' title='bbox 974 2820 1020 2843; x_wconf 84' lang='lat' dir='ltr'><strong>ac</strong></span> <span class='ocrx_word' id='word_1_487' title='bbox 1048 2809 1321 2859; x_wconf 85' lang='lat' dir='ltr'><strong>propositum,</strong></span> <span class='ocrx_word' id='word_1_488' title='bbox 1362 2811 1471 2861; x_wconf 89' lang='lat' dir='ltr'><strong>quod</strong></span> <span class='ocrx_word' id='word_1_489' title='bbox 1504 2812 1581 2849; x_wconf 86' lang='lat' dir='ltr'><strong>iam</strong></span> <span class='ocrx_word' id='word_1_490' title='bbox 1615 2812 1700 2863; x_wconf 85' lang='lat' dir='ltr'><strong>pri-</strong></span> 
     </span>
     <span class='ocr_line' id='line_1_67' title="bbox 975 2863 1699 2919; baseline 0.006 -17"><span class='ocrx_word' id='word_1_491' title='bbox 975 2863 1066 2902; x_wconf 87' lang='lat' dir='ltr'><strong>dem</strong></span> <span class='ocrx_word' id='word_1_492' title='bbox 1087 2873 1269 2918; x_wconf 85' lang='lat' dir='ltr'><strong>ceperat,</strong></span> <span class='ocrx_word' id='word_1_493' title='bbox 1304 2866 1359 2919; x_wconf 87' lang='lat' dir='ltr'><strong>(v.</strong></span> <span class='ocrx_word' id='word_1_494' title='bbox 1388 2869 1471 2909; x_wconf 80' lang='lat'><strong>315</strong></span> <span class='ocrx_word' id='word_1_495' title='bbox 1496 2884 1699 2907; x_wconf 76' lang='lat' dir='ltr'><strong>concurre-</strong></span> 
     </span>
     <span class='ocr_line' id='line_1_68' title="bbox 973 2923 1699 2978; baseline 0.007 -19"><span class='ocrx_word' id='word_1_496' title='bbox 973 2937 1013 2960; x_wconf 81' lang='lat' dir='ltr'><strong>re</strong></span> <span class='ocrx_word' id='word_1_497' title='bbox 1032 2924 1075 2960; x_wconf 84' lang='lat' dir='ltr'><strong>in</strong></span> <span class='ocrx_word' id='word_1_498' title='bbox 1096 2923 1269 2977; x_wconf 79' lang='lat' dir='ltr'><strong>arcem),</strong></span> <span class='ocrx_word' id='word_1_499' title='bbox 1306 2932 1350 2963; x_wconf 88' lang='lat' dir='ltr'><strong>ut</strong></span> <span class='ocrx_word' id='word_1_500' title='bbox 1368 2926 1494 2978; x_wconf 81' lang='lat' dir='ltr'><strong>regiae</strong></span> <span class='ocrx_word' id='word_1_501' title='bbox 1519 2926 1699 2966; x_wconf 86' lang='lat' dir='ltr'><strong>Priamo-</strong></span> 
     </span>
     <span class='ocr_line' id='line_1_69' title="bbox 974 2989 1335 3030; baseline 0.011 -13"><span class='ocrx_word' id='word_1_502' title='bbox 974 2993 1050 3030; x_wconf 87' lang='lat' dir='ltr'><strong>que</strong></span> <span class='ocrx_word' id='word_1_503' title='bbox 1071 2989 1335 3021; x_wconf 84' lang='lat' dir='ltr'><strong>succurreret.</strong></span> 
     </span>
    </p>
   </div>
  </div>
 </body>
</html>
