1779 3420
185 214 319 262 1020
524 200 1308 260 'EXCURSUSIX

297 337 527 377 Secundum
545 351 612 388 ea,
649 352 751 390 quae
782 345 904 391 poeta
936 353 975 378 v.
998 342 1080 381 739
1113 353 1198 390 sqq.
1220 339 1269 377 de
1288 339 1527 391 purgatione
1549 340 1704 378 anima-

181 409 272 435 rum
297 402 457 446 narrat,
488 397 621 434 locum
644 397 814 447 aliquem
837 398 878 434 in
896 397 1031 434 inseris
1059 398 1263 448 requiras,
1310 412 1387 450 quo
1412 399 1486 436 illa
1507 402 1703 450 purgatio

182 456 427 493 instituatur.
489 454 569 492 Sed
591 454 640 492 de
667 454 744 492 hoc
762 453 860 492 nihil
892 455 1223 493 commemoravit
1253 455 1378 494 Maro.

295 513 467 550 Aditum
500 512 550 549 ad
577 512 725 563 t'nfiros
755 526 874 563 supra
908 511 1098 550 vidimus.
1157 514 1324 550 Exitum
1348 527 1422 564 per
1449 515 1589 552 Somni
1602 530 1702 566 por-

182 579 246 608 tas
268 575 470 609 monstrat
494 570 648 608 Aeneae
670 569 821 621 Sibylla
838 569 913 607 sub
933 569 959 607 s.
978 569 1059 618 lib.‚
1091 569 1160 607 ubi
1183 570 1231 608 de
1257 583 1302 608 eo
1323 571 1427 612 vide.

500 855 1203 914 EXCURSUS
1285 856 1387 913 IX

321 971 426 1014 De
475 968 1011 1029 fluminibus
1070 969 1569 1025 inferorum.

294 1087 361 1139 VI,
401 1091 498 1131 296.
529 1091 614 1130 298
653 1089 770 1126 Hinc
799 1091 870 1127 via
916 1090 1099 1127 Tartarei
1127 1102 1231 1141 quae
1249 1087 1336 1139 fert
1369 1086 1608 1125 Acherontis
1642 1086 1703 1123 ad

180 1145 312 1185 undas
319 1161 338 1193 ,·
387 1146 584 1184 Turbidus
622 1146 689 1184 hic
715 1161 834 1184 coeno
866 1155 1063 1199 vastaque
1105 1148 1299 1197 voragine
1333 1158 1485 1196 gunges
1526 1143 1699 1181 Aestuat

180 1213 300 1256 atque
320 1219 476 1242 omnem
498 1206 641 1256 Cocyto
660 1212 811 1242 eructat
833 1219 1014 1242 arenam.
1077 1204 1177 1243 Mox
1209 1205 1251 1242 in
1271 1203 1411 1241 eadem
1436 1215 1481 1241 re
1503 1203 1587 1242 323
1617 1201 1699 1238 Co-

179 1264 260 1312 cyti
284 1271 436 1314 stagna
472 1264 560 1300 alla
598 1262 710 1301 vides
742 1263 1005 1314 Stygiamque
1033 1263 1247 1313 paludem.
1329 1262 1379 1299 Et
1421 1260 1532 1298 unda
1553 1259 1699 1309 Stygia

180 1320 276 1364 385·
303 1323 399 1363 391.
461 1321 509 1359 Et
531 1334 617 1373 sup.
640 1334 679 1359 v.
702 1323 784 1361 107
809 1322 971 1372 quando
996 1320 1063 1358 hic
1086 1321 1234 1371 inferni
1258 1322 1386 1357 ianua
1411 1319 1518 1369 regis
1536 1317 1702 1354 Dicitur

179 1388 216 1417 et
246 1378 448 1417 tenebrosa
470 1379 599 1430 palus
629 1378 853 1417 Acheronte
879 1378 1027 1428 refuso.
1105 1381 1189 1421 132
1223 1380 1371 1415 Tenent
1395 1377 1532 1413 media
1562 1375 1700 1411 omnia

178 1438 308 1475 silvae
322 1467 334 1487 ,
373 1437 616 1489 Cocytusque
644 1438 735 1474 sinu
764 1435 902 1474 labens
926 1438 1184 1474 circumvenit
1204 1444 1305 1473 atro.
1375 1434 1494 1485 Quod
1509 1434 1546 1470 si
1564 1440 1700 1469 tantus

180 1509 309 1543 amor,
342 1496 380 1532 si
405 1503 520 1533 tanta
555 1495 703 1545 cupido
742 1502 821 1543 est,
863 1495 945 1532 Bis
973 1496 1135 1546 Stygios
1159 1496 1298 1531 innare
1316 1493 1446 1530 lucus.
1510 1490 1610 1529 Mire
1629 1502 1700 1528 seu

178 1554 349 1592 turbant
373 1566 445 1591 seu
465 1553 626 1592 variant
656 1553 700 1591 in
726 1552 961 1590 fluminibus
987 1553 1126 1591 inferis
1158 1557 1312 1604 poetae.
1372 1549 1457 1588 Etsi
1486 1563 1569 1587 non
1586 1547 1699 1586 facile

179 1612 321 1663 aliquis
347 1611 399 1650 ad
424 1610 658 1649 historicam
684 1610 899 1649 veritatem
926 1610 1049 1661 haec,
1105 1623 1206 1661 quae
1233 1608 1381 1661 ingenii
1410 1607 1557 1659 poetici
1587 1619 1699 1643 com-

180 1675 318 1708 menta
337 1676 378 1707 et
395 1669 641 1708 narrationis
673 1674 912 1707 ornamenta
942 1675 1061 1718 sunt,
1104 1668 1256 1720 exigat3
1299 1667 1348 1704 de
1372 1665 1533 1717 Virgilio
1562 1669 1699 1701 tamen

178 1728 422 1776 videndum,
459 1734 661 1765 temerene
691 1727 758 1764 ille
786 1726 1002 1764 fluminum
1030 1726 1193 1764 nomina
1221 1724 1422 1777 posuerit3
1462 1737 1512 1761 an
1545 1727 1696 1760 certam

179 1786 377 1824 rationem
404 1792 598 1835 sequutus
629 1785 691 1822 sit.
751 1785 833 1821 Iam
854 1784 1005 1821 Cerdae
1035 1785 1166 1833 aliqua
1202 1784 1307 1821 hane
1336 1784 1377 1819 in
1409 1794 1494 1819 rem
1522 1786 1616 1818 nota
1636 1784 1697 1816 est

179 1857 261 1881 non
279 1843 458 1891 indocta,
490 1842 541 1879 ad
563 1856 599 1880 v.
622 1842 729 1890 2953
761 1841 830 1878 sed
850 1841 891 1878 in
913 1841 1112 1893 plerisque
1133 1841 1307 1890 argutias
1327 1845 1474 1890 captat.

285 1901 374 1938 Duo
398 1900 560 1939 omnino
594 1899 716 1937 duces
749 1898 827 1936 hoc
857 1899 900 1936 in
929 1899 1018 1937 loco
1055 1897 1201 1936 habuit
1225 1897 1433 1948 Virgilius,
1476 1895 1697 1933 Homerum

180 1965 221 1996 et
243 1959 469 1997 Platonem:
500 1958 568 2008 qui
595 1960 757 1994 traiecto
787 1956 947 1993 Oceano
967 1956 1111 1994 Haden
1144 1955 1246 1993 adiri
1277 1959 1462 2003 narrant3
1503 1967 1594 1991 cum
1613 1952 1697 1990 aliis

179 2017 388 2054 descensus
410 2030 490 2067 per
514 2029 680 2066 specum
718 2014 970 2065 profundum
991 2014 1043 2051 ad
1072 2014 1159 2051 loca
1183 2013 1310 2051 infera
1332 2018 1543 2060 narretur,
1573 2011 1629 2048 ita
1650 2016 1698 2048 ut

178 2074 221 2112 in
246 2075 376 2127 primo
419 2087 438 2111 e
466 2086 587 2124 specu
621 2085 778 2123 egressu
819 2072 946 2109 amnis
993 2072 1172 2110 obiectus
1211 2071 1272 2109 sit.
1341 2070 1455 2107 Alter
1487 2069 1631 2120 Odyss,
1659 2083 1696 2117 κ,

179 2132 426 2174 513—515
469 2131 801 2181 Phlegethontem
839 2144 931 2168 cum
971 2130 1134 2179 Cocjto,
1183 2142 1357 2180 quorum
1389 2127 1498 2165 hunc
1534 2125 1697 2177 quidem

181 2191 317 2242 Stygis
338 2190 432 2228 sacit
442 2198 626 2240 partem,
658 2189 699 2226 in
721 2187 986 2226 Acherontem
1008 2187 1154 2225 deferri
1183 2192 1342 2235 narrat,
1375 2191 1414 2222 et
1435 2198 1516 2222 esse
1540 2190 1697 2235 petram

180 2261 225 2285 eo
248 2248 356 2296 loco,
384 2261 463 2298 quo
485 2247 567 2285 duo
585 2246 700 2285 fluvii
727 2247 1042 2284 committantur.
1093 2245 1250 2283 Platoni
1270 2250 1403 2282 autem
1423 2243 1464 2281 in
1484 2241 1696 2280 Phaedone

179 2306 451 2344 vetustiorum
479 2305 776 2356 Theologorum
805 2304 986 2356 exemplo
1021 2302 1120 2356 (vid.
1142 2302 1304 2341 Hesiod.
1326 2301 1474 2352 Theog.
1505 2299 1588 2342 740
1611 2312 1695 2349 sqq.

180 2365 265 2405 807
286 2362 387 2415 sqq.)
422 2365 614 2400 Tartarus
643 2375 792 2413 vorago
815 2368 896 2410 est,
926 2362 968 2399 in
988 2375 1109 2412 quam
1138 2360 1271 2399 onmia
1302 2360 1469 2398 flumina
1499 2370 1696 2408 aquarum

181 2421 394 2458 confluunt
426 2427 464 2458 et
490 2421 585 2458 inde
620 2433 761 2458 rursus
793 2420 977 2458 efssuunt.
1039 2419 1117 2456 Sed
1146 2425 1278 2456 tamen
1312 2423 1488 2468 quatuor
1514 2414 1696 2466 inprimis

182 2478 319 2515 orbem
350 2485 553 2516 terrarum
582 2478 891 2525 circumfluunt,
949 2477 1135 2514 Oceanus
1162 2490 1268 2515 unus
1307 2476 1348 2513 in
1380 2475 1529 2512 extima
1560 2478 1696 2524 parte3

180 2534 277 2573 huic
309 2549 358 2573 ex
385 2536 555 2574 adverso
582 2536 787 2582 Acheron,
819 2535 888 2586 qui
918 2535 958 2572 in
994 2534 1182 2585 paludem
1209 2533 1470 2571 Acherusiam
1499 2531 1694 2577 defertur,

181 2593 364 2643 interque
396 2593 476 2631 duo
508 2594 594 2631 illos
618 2593 818 2631 interfluit
845 2592 1205 2644 Pyriphlegethon,
1245 2591 1312 2641 qui
1334 2590 1521 2642 paludem
1542 2589 1693 2638 igneam

182 2664 363 2689 emensus
399 2657 490 2701 post
522 2652 670 2688 multos
708 2651 857 2699 ssexus,
919 2650 985 2687 ubi
1020 2649 1280 2687 Acherusiam
1318 2647 1506 2698 paludem
1542 2651 1582 2682 et
1612 2645 1695 2696 ipse

182 2709 344 2757 ambiit,
393 2708 498 2745 infra
533 2709 749 2745 Tartarum
783 2707 1032 2756 demittitur3
1081 2713 1120 2744 et
1147 2707 1270 2750 alter,
1311 2705 1407 2742 huic
1445 2717 1495 2741 ex
1524 2703 1694 2741 adverso

182 2767 332 2815 ssuens,
366 2766 551 2816 Clu-ylus,
583 2766 650 2814 qui
671 2766 844 2816 primum
865 2766 904 2801 in
928 2764 1104 2815 Stygiam
1126 2763 1311 2814 paludem
1335 2762 1555 2812 ingressus,
1585 2774 1694 2808 mox,

182 2825 251 2862 ubi
275 2830 366 2876 post
384 2823 531 2861 multos
551 2823 682 2860 flexus
714 2822 763 2860 ad
784 2820 1041 2859 Acherusiam
1074 2821 1260 2871 paludem
1281 2819 1487 2871 pervenit,
1523 2818 1629 2856 hanc
1655 2824 1695 2855 et

182 2882 266 2933 ipse
300 2882 426 2919 ambit
449 2887 488 2918 et
513 2881 555 2918 in
586 2881 801 2918 Tartarum
831 2892 870 2915 sc
901 2879 1149 2929 praecipitat.
1217 2878 1278 2915 lta
1304 2878 1530 2915 Acherusia
1554 2876 1694 2926 palus,

183 2953 303 2989 quam
322 2938 507 2978 Acheron
529 2938 640 2987 facit,
671 2937 712 2976 in
742 2936 873 2975 medio
905 2942 984 2986 cst,
1014 2936 1054 2974 in
1084 2950 1201 2987 quam
1231 2935 1339 2988 impii
1366 2935 1626 2982 deseruntur,
1656 2938 1695 2970 et
