1827 3436
397 244 812 296 AENEIDOS
850 245 993 292 LIB.
1028 245 1066 302 Ι,
1105 250 1399 296 391-397

1567 251 1661 298 145

157 373 226 423 Ut
245 370 469 419 reduces
493 367 565 417 illi
590 367 782 416 ludunt
800 367 1142 416 stridentibus
1168 368 1271 429 alis,

157 534 404 582 scenderant,
432 538 580 583 captas.
630 532 752 580 Quod
778 533 881 570 ieiu-

156 605 252 630 num
282 598 394 629 esset.
455 591 582 627 Aliam
605 590 715 627 vocis
746 590 881 627 notio-

155 662 246 686 nem
268 662 347 686 esse
369 648 555 696 diximus,
576 649 700 684 oculis
721 650 881 684 animo-

156 722 230 757 que
260 709 486 756 designare,
522 707 681 755 eligere,
716 713 881 755 appele-

155 779 209 801 νε.
274 764 318 801 In
347 763 453 801 hunc
478 775 636 800 sensum
662 765 774 800 Serv.
808 777 881 799 ea-

147 835 259 872 pere,
284 821 434 872 eligere.
494 820 538 857 In
559 822 699 870 Georg.
723 819 880 868 11‚230‚

156 891 274 929 quem
295 877 447 926 laudat,
479 883 539 914 cst
564 892 707 926 capere
737 878 875 913 oculis.

155 937 234 973 Iam
257 936 287 973 si
307 936 528 986 clespeelatz'
545 934 697 985 aliquid
718 935 880 982 dicitur,

155 994 264 1044 quod
286 993 363 1030 iam
381 1000 547 1043 captum
565 999 635 1043 est,
650 992 788 1030 debuit
800 992 880 1029 uti—

155 1063 232 1102 que
252 1049 297 1091 τό
318 1065 458 1101 capere
481 1049 738 1098 antecedere3
759 1062 880 1101 prae-

155 1108 442 1158 ferendumque
474 1107 573 1145 adeo
597 1107 727 1145 videri
757 1107 882 1158 possit

154 1166 244 1215 hoc,
276 1172 322 1203 ut
344 1167 418 1203 sit:
451 1179 597 1216 cygnos
630 1171 781 1202 terrain
812 1171 881 1202 aut

154 1230 308 1276 petere,
340 1224 477 1262 volatu
504 1235 553 1259 ex
583 1223 662 1260 alto
694 1222 880 1259 deorsum

154 1283 282 1330 facto,
314 1287 382 1318 aut
417 1280 468 1317 ad
499 1293 604 1328 eam,
638 1280 806 1331 petitam
843 1285 881 1316 et

156 1340 278 1377 0011115
293 1339 509 1388 volatuque
531 1338 787 1388 designatam,
802 1337 881 1374 iam

154 1396 318 1449 propius
346 1397 462 1444 ferri,
492 1395 661 1446 ideoque
693 1408 778 1432 eam
805 1395 879 1431 de—

154 1461 356 1506 spectare,
396 1460 435 1491 et
462 1466 571 1490 nunc
602 1452 741 1490 ludere
774 1453 878 1490 sacto

154 1512 195 1549 in
236 1511 370 1549 orbem
408 1511 568 1559 volatu,
602 1513 728 1547 donec
765 1509 879 1547 humi

155 1569 366 1606 considant
393 1575 463 1605 aut
492 1581 606 1604 amne
640 1573 878 1618 mergantur.

154 1627 311 1664 Scilicet
339 1625 593 1677 cogitandum
620 1632 698 1673 est,
732 1638 878 1676 cygnos

155 1683 288 1722 adhuc
326 1691 438 1721 recto
470 1683 610 1722 volatu
639 1695 712 1734 per
746 1695 876 1720 aerem

154 1743 308 1793 fugisse,
329 1755 438 1779 nunc
457 1741 644 1778 deorsum
669 1741 762 1777 ferri
782 1753 877 1778 ver-

154 1814 220 1837 sus
239 1806 401 1848 terram,
420 1800 531 1836 littus
550 1804 647 1849 puta
670 1798 789 1835 maris
811 1798 878 1835 vel

153 1857 341 1905 fluminiS,
362 1857 471 1907 quod
493 1862 605 1893 antea
627 1856 876 1893 insederant:

154 1916 263 1964 (nam
288 1918 369 1955 397
390 1923 433 1951 ut
451 1916 610 1952 reduces
624 1915 716 1964 illi).
751 1914 877 1964 Igitur

152 1973 252 2010 haec
279 1973 382 2009 ratio
410 1985 481 2023 per
512 1984 550 2009 se
582 1972 732 2022 optima
763 1976 876 2018 esset,

154 2031 228 2068 nisi
250 2030 303 2077 id,
335 2030 385 2067 ad
414 2030 523 2081 quod
544 2043 639 2066 mox
665 2042 876 2080 compara—

155 2088 208 2125 tio
256 2089 522 2135 transfertur,
570 2088 644 2124 alio
692 2087 876 2124 duceret:

155 2159 246 2183 nam
276 2159 314 2183 v.
344 2145 426 2187 400
456 2145 587 2182 classis
621 2153 693 2182 aut
713 2153 877 2194 portum

155 2212 254 2240 tenet
277 2201 404 2254 (atqui
418 2203 495 2241 hoc
513 2209 598 2240 erat
618 2211 739 2239 terras
753 2216 877 2252 cape-

155 2259 210 2313 re)
242 2269 314 2297 aul
339 2261 462 2310 pleno
500 2261 606 2298 subit
643 2263 745 2296 oslia
793 2260 876 2296 velo

156 2317 271 2370 (1100,
299 2318 558 2371 despectare).
622 2317 731 2355 Haec
758 2317 877 2368 igitur

155 2376 246 2413 salis
298 2375 504 2414 declarant
556 2381 712 2426 poetam
762 2375 878 2412 aliter

153 2432 251 2470 haec
270 2447 352 2470 non
370 2434 563 2486 accepisse
584 2447 714 2484 quam,
732 2445 879 2484 cygnos

154 2498 225 2528 aut
244 2506 384 2541 capere
406 2505 611 2542 occupare,
625 2498 774 2539 tenere,
791 2497 878 2527 ter—

154 2563 229 2597 ras,
262 2555 333 2586 aut
366 2562 427 2585 eas
456 2551 704 2600 despectare,
737 2548 877 2586 volatu

156 2607 341 2644 deorsum
366 2607 481 2645 facto.
530 2608 682 2657 Capias·
704 2609 787 2643 iam
812 2605 877 2643 vi-

155 2664 241 2701 deri
255 2664 372 2701 debet
391 2665 577 2702 adiecisse
600 2671 766 2701 ornatus
786 2676 878 2714 poe-

155 2722 223 2759 tici
248 2736 394 2770 caussa,
426 2736 515 2760 cum
539 2723 580 2760 in
602 2736 647 2759 co
671 2727 800 2759 essent
830 2726 878 2758 ut

154 2781 233 2816 iam
264 2786 472 2831 caperent,
506 2788 565 2827 et,
602 2786 759 2817 tantum
795 2793 876 2815 non

155 2844 322 2888 captam,
338 2844 485 2875 terram
507 2852 526 2874 e
540 2838 766 2889 propinquo
779 2851 876 2888 pro-

154 2895 362 2944 spicerent.
395 2896 649 2934 Conveniunt
665 2895 763 2932 haec
785 2909 875 2932 cum

153 2953 455 3003 participiorum
489 2967 562 2991 usu
591 2953 697 3004 apud
726 2959 876 3004 poetas.

225 3021 430 3069 Vnica.
470 3023 612 3070 Tom.
649 3022 710 3069 ΙΙ.

940 532 1024 570 13111
1050 539 1087 571 et
1112 534 1151 582 ii,
1184 534 1249 585 qui
1272 534 1524 582 devolabant,
1556 542 1595 572 et
1624 537 1660 583 ii,

940 591 1008 640 qui
1039 592 1319 639 consederant,
1352 604 1401 628 ex
1435 598 1542 629 terra
1565 606 1661 630 evo-

939 648 1060 686 lando
1080 662 1150 700 per
1170 663 1300 688 aerem
1320 649 1488 686 ludunt:
1517 651 1661 701 quippe

939 713 1050 743 metu
1079 707 1255 757 depulso.
1327 705 1422 759 (Res
1452 708 1578 745 onmis
1608 709 1661 745 ita

939 765 1071 800 31111110
1132 764 1386 802 informanda
1404 779 1411 801 :
1474 765 1501 801 C
1518 778 1545 816 y
1566 780 1585 801 c
1606 780 1631 803 n
1649 767 1661 803 i

941 820 1004 858 du
1018 835 1039 858 o
1052 821 1076 858 d
1090 834 1109 858 0
1122 821 1234 869 cim,
1272 844 1309 850 -
1328 821 1496 859 totidem
1518 836 1661 860 nume-

938 892 1009 926 ro,
1055 885 1154 928 quot
1200 892 1319 917 naves
1371 879 1567 930 dispulsae
1606 903 1661 909 -

941 936 1076 985 quod
1106 949 1263 987 genus
1295 950 1392 973 non
1426 944 1555 975 amat
1584 952 1660 975 so-

938 993 1242 1043 litudinem,
1303 1008 1320 1031 s
1341 1006 1360 1030 e
1382 994 1408 1031 d
1463 995 1661 1045 agmine

940 1050 1197 1100 laetatur,
1229 1074 1280 1080 —-
1316 1057 1363 1089 ut
1390 1065 1511 1089 naves
1544 1053 1660 1090 unius

940 1108 1072 1145 classis
1099 1130 1155 1136 —
1187 1108 1398 1146 turbati
1429 1110 1487 1146 ab
1520 1110 1660 1161 aqui-

939 1166 985 1204 la
1006 1189 1060 1194 —
1092 1172 1139 1203 ut
1166 1178 1287 1204 naves
1311 1180 1332 1202 a
1353 1167 1483 1205 ventis
1502 1189 1558 1194 —
1590 1174 1660 1205 ta-

938 1236 1050 1261 men
1081 1230 1349 1275 postremo
1388 1238 1574 1262 rursus
1611 1225 1659 1262 in

939 1294 1106 1331 agmen
1139 1281 1426 1333 compositi,
1447 1282 1526 1320 sive
1554 1282 1658 1319 lon—

938 1353 994 1389 go
1028 1338 1231 1385 ordine,
1263 1345 1437 1376 terras
1469 1345 1513 1376 et
1543 1339 1658 1377 inde

936 1397 1033 1433 iam
1065 1396 1239 1433 securi
1270 1396 1512 1447 laetique
1548 1410 1658 1433 cae—

937 1454 1039 1490 lum
1071 1459 1322 1504 repetunt
1362 1478 1413 1483 ——
1454 1460 1500 1491 ut
1537 1467 1658 1492 naves

939 1517 1028 1548 tuae
1060 1511 1139 1548 iam
1173 1511 1378 1559 collectae,
1417 1512 1657 1549 laetantibus

937 1569 1081 1617 nautis,
1094 1575 1139 1606 ut
1154 1569 1221 1618 qui
1233 1582 1431 1606 summum
1446 1569 1658 1606 discrimen

936 1632 1161 1675 evaserunt,
1182 1626 1223 1663 in
1244 1631 1377 1663 tutum
1402 1633 1564 1677 portum
1586 1627 1658 1664 de-

936 1685 1134 1732 ferentur3
1171 1705 1223 1711 —
1263 1683 1373 1720 unde
1411 1684 1657 1732 intelligitur,

939 1742 1073 1792 utique
1098 1741 1146 1778 ad
1169 1741 1504 1792 comparationem
1531 1743 1658 1779 facere

935 1813 992 1837 VS.
1021 1800 1138 1847 3138„
1169 1798 1277 1848 quod
1312 1805 1426 1849 negat
1454 1799 1658 1838 Wunder-

934 1855 1090 1894 lichius.
1148 1856 1251 1893 Male
1283 1857 1462 1894 Servius:
1504 1858 1656 1904 „Lae—

935 1920 953 1951 t
966 1928 1021 1951 311
1034 1920 1125 1950 105;
1144 1919 1234 1964 post
1244 1914 1477 1964 periculum.
1497 1914 1656 1965 Agmi—

937 1985 1016 2008 ne:
1058 1971 1218 2021 volatu,
1259 1971 1458 2022 impetu.“
1529 1972 1657 2010 Verba

935 2037 1007 2066 (cut
1035 2043 1176 2079 capere
1206 2037 1276 2065 aul
1301 2037 1446 2079 captas
1472 2031 1556 2066 iam
1584 2031 1656 2066 cle—

934 2094 1110 2137 speelare
1150 2086 1330 2123 videnlur
1372 2086 1429 2123 sic
1465 2086 1656 2137 intellige:

935 2144 1127 2182 videntur
1154 2149 1225 2180 aut
1253 2157 1391 2194 capere
1416 2150 1556 2192 terras,
1587 2151 1656 2181 aut

935 2201 1063 2239 securi
1086 2201 1162 2238 iam
1187 2201 1341 2238 easdem
1371 2215 1509 2238 rursus
1534 2201 1655 2238 relin—

935 2272 1055 2309 quere
1080 2265 1119 2296 et
1140 2259 1179 2295 in
1208 2258 1333 2296 altum
1355 2259 1512 2295 evolare
1537 2264 1656 2308 atque

936 2317 989 2354 ita
1017 2317 1267 2367 despectare,
1296 2316 1359 2353 vel
1383 2316 1538 2367 potius:
1570 2322 1655 2353 ter—

934 2389 998 2412 ras
1022 2374 1168 2425 partim
1198 2386 1358 2425 capere,
1390 2374 1556 2424 partim,
1589 2374 1656 2423 qui

934 2432 1053 2484 primi
1074 2438 1219 2469 terram
1234 2431 1458 2481 attigerant,
1471 2432 1547 2468 iam
1561 2445 1656 2469 rur—

935 2505 1000 2528 sus
1019 2490 1060 2527 in
1091 2490 1217 2526 altum
1247 2488 1392 2526 sublati
1428 2489 1655 2539 despectare

934 2548 1138 2586 videntur.
1229 2546 1354 2583 Possis
1402 2546 1659 2596 ‹les-peelcmcli

934 2605 1059 2643 verbo
1080 2605 1194 2641 etiam
1219 2603 1499 2641 contemnendi
1521 2603 1652 2641 notio—

935 2676 1025 2700 nem
1052 2663 1236 2709 tribuere,
1260 2668 1306 2699 ut
1328 2661 1441 2712 cycni
1459 2661 1537 2697 13111
1556 2674 1655 2697 0011-

935 2728 1112 2758 tcmncre
1134 2719 1357 2771 perfugium
1373 2725 1412 2755 et
1434 2718 1656 2767 relinquere

937 2780 1144 2825 dicantur3
1176 2776 1244 2813 sed
1277 2775 1373 2812 nihil
1405 2790 1513 2827 opus.
1577 2775 1654 2811 lam

934 2843 1021 2873 tota
1054 2835 1299 2887 comparatio
1336 2834 1389 2869 ita
1422 2839 1508 2870 erat
1536 2831 1653 2869 insti—

937 2895 1105 2931 tuenda:
1160 2890 1380 2941 ,‚Adspicc‚
1430 2896 1483 2927 ut
1529 2889 1653 2939 cycni,

936 2966 1034 3002 quos
1070 2950 1201 2999 aquila
1245 2947 1432 2985 turbabat
1465 2947 1653 2995 quique

1318 3016 1378 3058 10
