1811 3388
394 222 799 271 AENEIDos
836 225 976 272 Liss.
1014 227 1101 290 lv,
1141 234 1367 282 37—49

1545 242 1640 287 601

137 344 363 394 Barcaei.
436 345 739 424 Quid'bella
767 349 908 411 Tyro
933 355 1197 415 surgentia
1222 355 1410 422 dicam,

138 413 496 478 Germanique
520 432 688 463 mulas
702 422 723 465 ἓ

134 483 224 532 Dis
252 481 503 547 equidem
528 485 822 550 auspicibus
843 504 970 537 reor
995 499 1046 538 et
1066 494 1274 544 Iunone
1296 499 1529 549 secunda
1579 507 1645 554 45

135 554 289 599 Hunc
317 568 527 601 cursum
548 553 725 603 Iliacas
751 565 911 606 vento
941 562 1171 612 tenuisse
1194 567 1401 618 carinas

137 622 309 682 Quam
330 629 388 670 tu
409 622 625 688 urbem,
659 641 834 691 soror,
872 627 1008 677 hanc
1032 647 1231 698 cernes,
1270 653 1404 702 quae
1429 654 1644 704 surgere

916 714 1077 763 regna

138 760 399 824 Coniugio
426 759 536 810 tali!
577 764 847 813 Teucrum
880 770 1252 821 comitantibus
1281 777 1453 841 armis,

136 830 331 878 Punica
355 847 410 879 56
436 832 642 896 quantis
666 833 886 885 adtollet
913 837 1078 901 gloria
1110 841 1294 894 rebus!

207 915 285 962 47.
325 918 540 962 CERNES!

137 1096 283 1129 Dorvill.

229 1049 274 1084 43
299 1051 496 1093 Braclzaei,
523 1053 721 1096 Barchaei,
746 1059 919 1100 Barchei,
946 1062 1097 1103 Rachel,
1132 1063 1312 1098 scribitur.

1401 1066 1447 1100 45
1473 1069 1645 1114 auspiciis

363 1099 408 1132 46
434 1101 516 1131 Huc
533 1100 646 1144 vulgg.
680 1102 788 1146 (quod
813 1116 853 1136 ex
874 1107 1133 1151 antiquioribus
1150 1122 1235 1143 1111115
1258 1111 1394 1144 videtur
1413 1114 1520 1146 Palat.
1540 1115 1642 1148 tueri.

142 1144 236 1185 lVr.)
287 1146 397 1176 Hunc
417 1145 546 1179 Medic.
567 1159 641 1179 cum
661 1149 878 1192 potioribus,
904 1164 967 1186 nec
986 1166 1054 1186 non
1076 1157 1123 1188 sic
1151 1158 1326 1191 Romanus
1347 1171 1421 1192 cum
1451 1160 1528 1192 aliis
1552 1162 1641 1194 Pier.

138 1195 175 1222 et
194 1190 377 1234 fragment.
396 1192 511 1225 Vatic.
560 1194 602 1225 Et
625 1195 781 1228 codicum
801 1200 1008 1233 auctoritate
1036 1210 1151 1246 putem
1172 1203 1206 1236 in
1230 1205 1358 1238 talibus
1379 1218 1453 1238 esse
1472 1208 1643 1249 standum,

138 1236 202 1268 etsi
225 1244 261 1269 et
279 1238 424 1270 alterum
443 1245 540 1271 recte
563 1240 710 1283 dicitur,
736 1250 772 1275 ut
792 1244 853 1278 lib.
872 1247 897 1285 I,
922 1248 992 1282 534
1012 1250 1093 1280 Hac
1112 1251 1342 1297 czcrsusfuib.
1383 1253 1460 1296 (sed
1482 1253 1531 1285 ibi
1552 1267 1643 1298 quo-

137 1294 203 1326 que
231 1283 298 1316 iam
322 1284 516 1328 repositum
545 1293 598 1318 est
624 1289 702 1321 Hic.
734 1291 828 1334 llfr.)
878 1295 962 1326 Ilico
989 1294 1089 1327 etiam
1113 1296 1248 1330 Servius
1269 1299 1531 1343 interpretatur.
1566 1303 1643 1343 (sed

138 1341 181 1361 ex
207 1329 308 1363 huius
350 1330 644 1375 interpretatione
684 1337 883 1371 coniectura
914 1340 957 1372 de
996 1340 1146 1374 lectione
1182 1344 1257 1376 lieri
1283 1357 1352 1377 uon
1386 1353 1515 1390 potest.
1545 1349 1640 1391 lVr.)

137 1376 181 1410 47
203 1379 382 1417 Quantam
403 1378 524 1410 urbem
543 1391 595 1422 pr.
618 1382 740 1415 Hamb.
761 1396 779 1416 a
801 1397 843 1418 m.
865 1398 932 1419 566.
957 1393 993 1419 et
1015 1400 1034 1420 a
1050 1401 1103 1433 pr.
1123 1389 1222 1423 Leid.

137 1422 182 1456 49
207 1424 345 1457 attollit
362 1424 418 1457 vel
435 1425 582 1459 adtollit
597 1432 681 1461 tres.

137 1540 258 1577 Recte
292 1554 388 1580 vero
420 1544 627 1585 Wunderl.
694 1548 861 1588 Feroces

138 1604 252 1635 erant
278 1601 417 1651 populi
446 1604 622 1653 Gaetuli,
655 1606 861 1655 Numidae,

137 1655 319 1707 Barcaei,
350 1657 410 1695 his
441 1661 567 1699 media
590 1662 861 1715 interponitur

138 1713 267 1764 Syrtis
301 1721 335 1752 et
370 1715 527 1756 deserta
561 1720 625 1757 siti
656 1723 762 1773 regio
790 1724 858 1772 ita,

136 1776 184 1808 ut
205 1770 407 1822 Virgilium
421 1776 595 1826 pericula
615 1779 663 1815 ab
683 1779 744 1817 his
764 1795 861 1832 par-

138 1828 245 1865 tibus
273 1830 521 1871 imminentia
550 1834 752 1875 declarare
782 1852 859 1876 vo-

137 1885 253 1923 luisse
273 1895 453 1938 apertum
477 1892 540 1930 sit.
599 1894 737 1946 Itaque
757 1897 858 1947 Syr—

136 1943 189 1980 tis
210 1943 280 1981 vix
308 1952 439 1996 potest
469 1949 645 1989 dubitari
672 1954 767 2003 quin
791 1954 857 1991 di—

138 2006 254 2038 catur
301 2002 573 2057 inhospita
613 2011 662 2047 ob
700 2012 858 2048 crebras

137 2058 402 2098 Nasamonum
430 2063 470 2100 in
495 2065 561 2102 illa
596 2069 715 2105 maris
744 2074 857 2120 parte

137 2115 427 2166 praedationes.
495 2123 613 2161 Silius
652 2125 690 2174 I,
742 2127 857 2168 408.:

139 2172 216 2220 „Et
250 2179 385 2212 vastae
411 2176 607 2218 Nasamon
642 2183 858 2234 populator

139 2229 306 2281 SyrtiS.“
336 2233 482 2273 Lucan.
504 2237 572 2285 IX,
605 2237 720 2281 440:
751 2241 859 2288 „Na-

139 2300 299 2336 samon‚
348 2304 463 2340 quem
508 2295 648 2333 mundi
686 2297 858 2335 barbara

140 2344 294 2382 damnis
316 2348 445 2398 Syrtis
475 2351 582 2399 alit,“
612 2362 683 2393 cel.
745 2356 859 2402 Quae

139 2402 169 2439 si
190 2403 277 2453 quis
307 2405 355 2441 ad
387 2407 577 2447 maiorem
600 2412 748 2461 Syrtim
771 2426 861 2464 spe-

139 2465 247 2497 ctare
276 2461 401 2511 dicet,
444 2479 524 2504 nou
564 2469 615 2505 ad
652 2470 860 2519 minorem,

139 2517 367 2570 Carthagini
401 2524 652 2575 propiorem,
701 2527 732 2564 is
774 2541 861 2564 me—

138 2575 320 2625 minerit,
360 2582 593 2620 remotiores
633 2597 712 2621 esse
743 2586 860 2622 etiam

138 2632 341 2683 Barcaeos,
373 2637 518 2689 quippe
538 2641 644 2678 ultra
671 2643 860 2680 maiorem

140 2690 287 2740 Syrtim
306 2692 533 2734 incolentes.
564 2720 621 2727 ——
651 2700 800 2737 deserta
828 2716 857 2741 5,

139 2749 264 2795 regio,
297 2749 320 2786 i.
342 2763 372 2787 c.
400 2752 672 2804 infrequenter
699 2756 859 2795 habita-

140 2808 194 2839 ta.
219 2805 329 2857 lVr.)
370 2809 550 2848 Barcaei
573 2826 594 2849 a
618 2814 752 2863 Barce,
778 2817 859 2867 Cy-

141 2860 317 2898 renaicae
336 2865 445 2913 urbe,
477 2881 546 2917 per
568 2871 766 2922 prolepsin
795 2872 860 2910 hic

141 2918 353 2969 nominati,
400 2935 491 2961 nam
530 2927 656 2965 multo
695 2929 860 2967 seriores

1311 1392 1355 1427 43
1377 1401 1411 1425 et
1436 1395 1476 1426 T.
1496 1394 1641 1428 Dorvill.

917 1550 1029 1589 fuere
1060 1553 1171 1591 urbis
1215 1555 1405 1606 origines,
1448 1558 1593 1611 quippe
1619 1575 1641 1598 a

917 1609 1023 1647 Batti
1056 1610 1215 1650 demum
1255 1615 1465 1665 nepotibus
1501 1617 1642 1654 condi-

917 1672 990 1706 tae.
1022 1682 1059 1706 v.
1083 1669 1276 1709 Herodot.
1301 1672 1366 1720 IV,
1401 1676 1493 1722 160,
1525 1681 1565 1712 et
1588 1675 1642 1712 ibi

917 1731 1002 1762 not.
1045 1726 1317 1777 lalesurenles
1337 1731 1528 1769 Barcaei.
1573 1733 1643 1770 In-

918 1783 1105 1820 sederant
1126 1798 1216 1835 ergo
1239 1785 1317 1823 iam
1339 1793 1426 1825 tum
1456 1788 1527 1826 has
1554 1796 1642 1827 ter-

916 1855 981 1878 ras
1013 1840 1173 1880 barbari
1203 1844 1354 1894 serique
1387 1846 1525 1897 populi
1562 1848 1642 1886 late

916 1904 1115 1949 vagantes.
1176 1902 1354 1940 Servius:
1380 1903 1478 1953 ‚‚Hi,
1498 1917 1643 1943 secun-

917 1955 1013 1994 dum
1041 1957 1240 1997 Titianum
1271 1959 1313 1996 in
1345 1959 1641 2014 Chorographia

917 2011 1033 2063 (quae
1047 2014 1136 2051 Iulii
1155 2015 1323 2054 Honorii
1347 2018 1530 2056 Oratoris
1550 2020 1640 2073 suit)

913 2070 1149 2110 Phoenicem
1179 2074 1311 2112 navali
1345 2076 1547 2125 quondam
1578 2078 1642 2116 vi-

917 2141 1003 2166 cere
1026 2133 1280 2169 certamine.“
1343 2134 1536 2171 Germani
1561 2136 1641 2171 mi-

915 2200 1004 2223 nas.
1040 2187 1086 2225 cf.
1110 2187 1140 2236 I,
1167 2191 1244 2229 361
1269 2202 1324 2239 sq.

974 2242 1040 2283 45.
1062 2243 1255 2283 Iunonem
1275 2246 1524 2297 potissimum
1543 2263 1641 2300 pro-

916 2300 1056 2351 pitiam
1077 2302 1274 2351 nominat,
1306 2304 1389 2342 sive
1418 2306 1510 2355 quia
1535 2307 1641 2345 inter

916 2358 1113 2409 principes
1147 2359 1240 2398 deos
1262 2361 1641 2413 Carthaginiensium

919 2421 1021 2452 erat:
1057 2417 1103 2456 cs.
1135 2431 1220 2469 sup.
1252 2418 1303 2456 ad
1332 2419 1362 2468 I⁷
1397 2421 1446 2462 15
1480 2428 1519 2459 et
1547 2436 1641 2459 mox

918 2486 957 2510 v.
989 2474 1061 2522 593
1103 2473 1183 2512 sive
1218 2476 1309 2526 quia
1348 2478 1539 2529 coniugiis
1575 2480 1641 2517 illa

918 2536 1084 2580 praeest.
1135 2530 1229 2583 (1106
1268 2535 1550 2586 praetulerim,
1587 2538 1642 2575 sic

919 2590 1019 2625 stat.
1043 2590 1080 2625 S.
1112 2588 1140 2637 Ῑ,
1175 2594 1212 2637 2,
1246 2594 1355 2631 138.;
1386 2593 1640 2641 „thalami

917 2645 1007 2695 iuga
1031 2646 1134 2683 serre
1161 2649 1428 2699 secundi;“
1460 2651 1530 2689 ubi
1558 2652 1640 2690 vid.

917 2702 1049 2740 Hand.
1078 2727 1122 2731 —
1155 2706 1289 2754 Quam
1311 2715 1336 2744 l.
1359 2723 1398 2744 ιι.
1423 2708 1487 2745 lia
1499 2724 1556 2746 nc
1583 2725 1637 2757 6.,

918 2760 999 2798 vid.
1040 2761 1088 2808 Q.
1132 2762 1177 2799 V.
1213 2764 1305 2812 XX,
1352 2768 1390 2812 6,
1439 2779 1472 2803 a.
1526 2765 1639 2818 ler.)

917 2818 1115 2859 49-53.
1148 2823 1308 2870 quantis
1329 2821 1462 2871 rebus,
1486 2824 1638 2874 opibuS,

915 2874 1108 2925 potentia.
1167 2876 1261 2913 Mox
1274 2878 1366 2915 cleos
1390 2882 1545 2917 veniam
1561 2894 1640 2929 po-

916 2946 1044 2980 scere,
1079 2945 1143 2969 cos
1175 2934 1332 2984 placare
1369 2949 1415 2973 ac
1447 2936 1641 2989 propitios
