1779 3420
194 189 299 237 266
524 184 578 233 Ρ.
625 183 980 234 VIRGILII
1024 181 1394 232 MARONIS

191 309 627 374 Myrmidonum,
664 310 1034 376 Dolopumve,
1074 317 1163 358 aut
1186 308 1306 358 duri
1326 307 1482 357 miles
1502 307 1655 373 Ulixi,

194 384 491 447 Temperet
516 397 543 429 a
568 380 821 431 lacrimis!
853 382 921 430 Et
940 380 1048 428 iam
1066 395 1172 427 nox
1191 378 1414 428 humida
1442 378 1597 427 coelo

191 451 535 518 Praecipitat,
574 450 913 517 suadentque
940 449 1181 499 cadentia
1206 449 1382 499 sidera
1405 465 1643 501 somnos

200 521 316 572 Sed
340 522 381 571 si
406 530 583 571 tantus
611 538 768 570 amor
789 537 937 570 casus
965 535 1292 584 cognoscere
1320 529 1551 585 nostros,
1661 525 1724 571 10

285 664 308 699 7
334 663 409 696 diri
432 661 541 696 Goth.
559 668 642 695 tert.
699 661 809 695 Ulixi.
845 660 951 705 vulgo
990 661 1149 704 Ulyssei.
1197 660 1322 694 Franc.
1359 662 1490 695 Ulixis.
1526 660 1637 694 Goth.
1670 673 1723 706 pr.

191 717 228 743 et
247 717 327 743 tert.
358 717 392 742 et
417 710 497 742 edd.
523 708 713 742 nonnullae
747 708 895 752 Ulyxei.
947 711 991 741 At
1016 708 1118 741 Ulixi
1141 708 1316 753 scriptura
1343 715 1395 741 est
1419 708 1548 741 Medic.
1574 709 1722 742 Romani

191 757 413 802 aliorumque
449 756 553 790 codd.
593 756 697 789 etiam
722 755 890 789 Prisciani
925 755 1019 799 apud
1056 754 1178 788 Heius.
1212 754 1348 788 scilicet
1372 767 1436 799 pro
1471 756 1609 795 Ulixei3
1667 756 1724 789 Sic

192 806 326 838 Oronti
344 806 371 845 Ι,
397 805 479 838 220.
507 803 569 836 inf.
595 804 641 838 30
666 803 814 837 Achilli.
864 803 908 835 cf.
935 802 980 835 ad
1002 802 1074 835 Ecl.
1100 803 1194 844 VIII,
1218 804 1277 837 70.
1322 802 1407 845 (vid.
1431 803 1476 836 V.
1501 803 1541 836 L.
1566 803 1611 835 ad
1637 807 1723 836 Aen.

190 854 218 894 I,
243 853 302 887 30.
335 851 428 893 lVr.)
479 851 598 883 Habet
623 850 799 894 scriptura
833 850 960 883 Ulixes
994 849 1049 882 vel
1080 850 1234 882 Ulia-eus
1267 849 1513 883 auctoritatem
1539 850 1643 883 codd.
1678 852 1722 895 (v.

190 899 235 932 ad
263 898 363 932 Ovid.
391 899 481 943 Epp.
507 899 533 939 Ι,
560 898 594 941 1)
620 909 692 930 non
717 897 913 930 rationem:
936 908 1016 929 nam
1043 909 1086 931 ex
1110 893 1316 936 Ὀδυσσεὺς
1340 897 1465 929 saltem
1493 897 1570 930 fieri
1602 897 1723 930 debuit

203 946 394 989 Ulysseas.
422 945 582 988 (Ulixes,
607 957 679 977 non
713 945 887 989 Ulysses‚
925 943 955 976 si
981 943 1141 977 codicum
1166 944 1270 977 fidem
1297 944 1493 989 sequimur,
1519 951 1723 978 constanter

189 993 320 1026 dixisse
345 1000 482 1026 veteres
508 993 686 1025 Romanos
712 991 816 1024 nobis
841 991 1149 1036 persuadebiinus3
1175 991 1304 1025 vid.V.
1317 992 1356 1024 L.
1378 992 1422 1024 ad
1446 991 1519 1025 Ecl.
1545 993 1638 1034 VIII,
1664 993 1721 1027 70.

192 1048 228 1073 et
254 1051 342 1084 quos
366 1039 490 1073 laudat
514 1039 628 1084 sillig.
654 1039 699 1072 ad
725 1039 792 1072 Cir.
819 1051 870 1071 vs.
896 1038 953 1073 57.
977 1038 1155 1072 Palatinus
1193 1047 1309 1072 tamen
1342 1040 1480 1072 Ulissei
1511 1050 1574 1071 suo
1611 1051 1721 1072 more.

194 1087 291 1130 IVr.)
388 1088 409 1122 8
440 1089 635 1133 Temperat
660 1087 751 1119 Gud.
779 1093 815 1119 et
840 1086 950 1119 Goth.
976 1098 1046 1119 sec.
1144 1088 1188 1121 10
1214 1086 1287 1119 Sed
1312 1099 1391 1119 cam
1417 1086 1543 1119 Hamb.
1569 1099 1622 1132 pr.
1673 1089 1722 1120 Ec

189 1137 223 1168 si
245 1135 368 1168 Franc.
418 1147 619 1180 agnoscere
644 1134 734 1167 Gud.
761 1146 836 1166 cum
862 1133 940 1166 aliis
964 1140 1048 1167 vett.
1074 1134 1168 1179 apud
1192 1133 1355 1167 Pierium.
1391 1146 1613 1180 cognoscere
1631 1142 1721 1166 san-

189 1191 248 1215 tos
273 1183 399 1216 Graev.
425 1182 461 1214 iu
485 1194 595 1226 marg.
620 1181 677 1215 vel
705 1194 735 1214 c.
761 1194 894 1214 rerum.

187 1307 397 1354 praeterea
424 1307 647 1340 extremam
687 1298 753 1354 (cs.
779 1299 856 1338 Od.
889 1302 924 1350 λ,

188 1363 273 1403 329
291 1358 393 1412 sqq.)
419 1360 492 1399 vix
522 1360 682 1411 longam
710 1359 916 1397 narratio-

188 1432 280 1457 nem
299 1419 417 1457 serre.
440 1440 498 1447 —-
518 1432 688 1470 quorum
703 1432 804 1468 pars
826 1431 924 1455 mcc-

184 1492 275 1528 gnoe
293 1477 394 1528 sui,
440 1489 614 1528 quarum
645 1476 923 1514 calamitatum

117 1562 124 1567 -
187 1549 332 1587 magna
357 1549 450 1587 pars
487 1548 551 1573 me
584 1535 715 1586 ipsum
745 1533 922 1585 attingit,

188 1593 241 1631 ad
266 1607 330 1632 me
355 1599 523 1646 spectat.
585 1593 687 1632 Nam
714 1592 923 1645 praecedit

187 1653 422 1690 miserrima.
482 1651 590 1691 Alias
620 1651 672 1699 is,
716 1651 785 1702 qui
804 1651 922 1703 prin-

187 1724 280 1763 ceps
315 1710 358 1749 in
392 1710 513 1749 rebus
544 1709 705 1762 agendis
733 1715 813 1759 est,
849 1709 924 1747 erit

182 1784 284 1822 pars
322 1784 466 1808 rerum.
522 1767 537 1822 (
544 1769 685 1821 fando
696 1783 713 1816 ‚¹
758 1767 924 1806 attende

186 1828 385 1867 rariorem
418 1827 617 1866 Gerundii
641 1841 780 1865 usum:
821 1825 922 1877 quiS,

186 1900 340 1938 quum
388 1887 484 1925 talia
530 1887 705 1934 fatur,
752 1890 781 1923 t.
819 1898 852 1922 a.
894 1883 920 1922 l.

185 1946 270 1984 Liv.
302 1945 411 1995 VIII,
456 1947 543 1986 17.:
591 1943 731 1993 „Novi
774 1941 919 1981 deinde

186 2004 369 2043 consules
392 2017 414 2040 a
427 2002 633 2041 veteribus
653 2001 836 2040 exercitu
851 2014 920 2038 ac-

186 2069 304 2114 cepto
359 2061 527 2114 ingressi
576 2059 758 2099 hostium
809 2059 920 2108 fines,

184 2135 211 2173 p
224 2135 283 2173 op
296 2119 350 2159 ul
364 2135 384 2158 a
399 2135 424 2158 n
438 2120 465 2158 d
478 2134 500 2158 o
534 2132 661 2170 usque
691 2118 743 2156 ad
764 2117 921 2156 moenia

185 2185 306 2229 atque
332 2180 474 2217 urbem
494 2182 783 2229 pervenerunt.
797 2178 820 2197 “
864 2175 921 2214 id.

184 2237 297 2286 XXI,
318 2237 385 2278 34.
401 2253 408 2275 :
431 2236 661 2286 „Hannibal
678 2249 753 2274 nec
771 2240 924 2273 temere

186 2295 478 2344 credendo,
522 2308 598 2333 nec
634 2307 853 2346 asperna
870 2307 921 2330 n-

186 2353 268 2402 do,
312 2367 362 2391 ne
393 2352 601 2405 repudiati
628 2359 764 2404 aperte
785 2350 922 2389 hostes

184 2411 353 2460 fierent,
393 2412 563 2462 benigne
592 2425 718 2462 quum
749 2423 921 2461 respon-

185 2469 347 2507 disset.“
407 2469 526 2507 Silius
546 2469 756 2520 Virgilium
784 2467 922 2505 imita-

184 2534 253 2566 tus
272 2528 318 2575 ΙΙ,
349 2528 445 2569 651.
463 2541 539 2577 sq.:
571 2527 685 2577 „quis
707 2526 837 2564 tristia
858 2525 921 2562 fa-

184 2591 227 2623 ta
257 2586 418 2637 piorum
450 2585 626 2636 Imperet
671 2584 921 2622 evolvens

184 2644 398 2682 lacrimis.“
457 2643 661 2694 Interpres
681 2641 775 2680 Maii
795 2641 846 2678 ad
863 2655 920 2679 vs,

184 2704 271 2744 81.:
322 2704 489 2752 „Supra
529 2714 627 2739 vero
675 2701 777 2750 Quis
818 2700 922 2736 talia

177 2761 354 2809 fando
403 2759 538 2797 activo
576 2758 698 2796 modo
738 2771 925 2808 pronun--

184 2819 316 2857 eiat.“
364 2819 435 2856 PV
429 2816 493 2870 r.)
566 2816 847 2868 fllyrmiclones
885 2821 925 2852 et

185 2878 370 2927 Dolopes
393 2875 445 2913 ad
465 2874 661 2913 Achillem
691 2879 730 2912 et
742 2873 924 2924 Neopto-

182 2935 332 2974 lemum
345 2934 428 2973 eius
447 2934 470 2971 s.
494 2939 689 2986 spectant.
710 2931 792 2971 vid.
812 2931 922 2970 Iliad.

983 1301 1021 1354 β,
1055 1299 1152 1342 684.
1184 1301 1232 1339 cs.
1259 1300 1330 1339 inf.
1363 1303 1431 1343 29.
1491 1300 1615 1338 durus
1644 1314 1720 1339 au·-

982 1365 1062 1396 tem
1087 1359 1261 1410 Ulysses,
1291 1364 1338 1396 ut
1364 1373 1509 1397 saemcs
1534 1358 1600 1407 ΙΙΙ,
1635 1362 1719 1401 273

984 1415 1143 1471 (melius
1162 1416 1201 1455 h.
1225 1417 1251 1455 l.
1280 1431 1423 1468 quam,
1459 1417 1491 1454 si
1519 1415 1715 1471 patiens).

981 1477 1097 1513 miles
1143 1476 1277 1524 Ulixi,
1317 1474 1358 1514 h.
1391 1488 1424 1514 e.
1449 1475 1719 1513 Ithacensium

983 1534 1137 1585 aliqujs.
1196 1531 1295 1587 (Sed
1325 1534 1603 1585 compluribus
1633 1533 1719 1571 aliis

981 1593 1141 1644 Ulysses
1159 1598 1321 1644 praeter
1333 1592 1560 1630 Ithacenses
1582 1606 1718 1644 popu-

981 1651 1030 1689 lis
1060 1650 1297 1703 imperabat.
1357 1651 1407 1689 cf.
1446 1650 1638 1689 H01n.11.
1678 1651 1716 1703 β,

984 1708 1215 1751 631—35.
1248 1707 1401 1761 chlz.)
1463 1709 1613 1747 Mirum
1644 1715 1716 1758 est,

982 1766 1092 1818 quod
1121 1767 1171 1805 de
1200 1766 1471 1805 Achemenide
1511 1766 1622 1821 (vide
1649 1767 1717 1805 lib.

980 1826 1047 1874 ΙΙΙ,
1081 1824 1182 1878 614)
1214 1824 1295 1864 hoe
1313 1825 1509 1878 accepisse
1535 1825 1717 1864 Asinium

980 1883 1201 1922 Pollionem
1228 1890 1458 1922 memorant
1481 1883 1645 1923 Servius
1677 1890 1718 1921 et

979 1942 1236 1994 Pomponius,
1296 1943 1481 1981 Imitatus
1518 1940 1559 1981 h.
1589 1942 1615 1980 1.
1650 1942 1715 1980 Si-

978 2002 1055 2040 lius
1076 2001 1121 2050 11,
1154 2003 1237 2043 650
1259 2014 1344 2053 sqq.

1038 2119 1077 2158 8.
1098 2119 1137 2159 9.
1168 2116 1261 2155 Nox
1279 2115 1486 2155 deseendit
1514 2116 1555 2153 in
1585 2115 1716 2153 Ocea—

980 2190 1101 2224 num,
1142 2176 1256 2227 quasi
1286 2189 1409 2214 cursu
1438 2187 1511 2226 per
1536 2174 1715 2212 medium

980 2234 1138 2272 coelum
1171 2235 1221 2272 ab
1259 2233 1468 2272 occidente
1496 2232 1547 2270 ad
1579 2232 1716 2271 orien-

979 2299 1062 2331 tem
1089 2293 1223 2342 facto3
1266 2290 1394 2345 (recte
1419 2303 1584 2330 monere
1615 2290 1715 2328 mihi

979 2351 1146 2390 videtur
1183 2350 1339 2390 Wakes.
1384 2350 1437 2388 ad
1471 2349 1630 2387 Lucret.
1669 2349 1714 2398 V,

981 2412 1098 2451 623:
1144 2409 1226 2459 „In
1263 2408 1413 2461 Heynii
1445 2407 1714 2457 enarratione,

979 2467 1011 2505 si
1046 2480 1166 2505 voces
1193 2466 1461 2516 converteris,
1506 2472 1545 2503 et
1571 2468 1715 2503 oriente

979 2538 1107 2577 ponas
1144 2539 1219 2576 pro
1255 2526 1477 2573 occidente,
1515 2523 1713 2563 vicissim-

980 2596 1058 2634 que
1106 2584 1348 2620 occidentem
1389 2596 1464 2634 pro
1507 2584 1710 2630 orientem,

981 2640 1115 2678 omnia
1149 2654 1189 2678 se
1220 2640 1438 2678 rectissime
1466 2639 1714 2677 l1abebu11t.“

986 2697 1114 2751 ῙΦΓν.)
1165 2697 1259 2736 inde
1298 2704 1338 2735 et
1370 2698 1501 2736 sidera
1543 2698 1710 2745 cadunt,

984 2756 1187 2794 occidunt.
1248 2756 1339 2795 Vid.
1357 2756 1525 2795 Excurs.
1548 2755 1601 2794 ad
1627 2755 1667 2793 h.
1688 2756 1713 2793 l.

984 2815 1033 2852 cs.
1053 2815 1117 2864 IV,
1164 2815 1260 2856 351.
1291 2815 1387 2856 352.
1450 2815 1630 2853 Suaclent
1655 2816 1714 2850 si-

982 2873 1080 2910 dera
1119 2873 1308 2910 cadentia
1337 2887 1525 2911 somnum
1555 2872 1714 2923 elegan-

985 2931 1075 2980 tius,
1096 2944 1229 2982 quam,
1255 2931 1434 2971 invitant
1451 2931 1502 2970 ad
1517 2944 1713 2970 somnum.
