1779 3420
41 177 146 224 202
376 163 822 216 P.V1RG1L11
861 160 1238 211 MAROMS

40 294 370 361 Pallamque,
412 302 465 343 et
486 293 691 359 pictum
713 306 908 340 croceo
933 288 1180 338 velamen
1203 285 1445 335 acantho.

40 365 336 431 Praecipue
360 363 557 425 infelix,
597 363 732 429 pesti
761 361 954 410 devota
975 358 1202 415 futurae,

39 436 253 503 Expleri
272 444 517 485 mentem
540 434 746 500 nequit,
781 430 1117 495 ardescitque
1144 427 1352 477 tuendo

40 507 360 568 Phoenissa,
395 515 447 555 et
473 505 671 571 pariter
700 519 871 569 puero
900 500 1169 565 donisque
1190 506 1455 547 movetur.

41 578 164 642 Ille,
203 577 296 627 ubi
322 576 588 642 conplexu
611 577 826 624 Aeneae
855 569 1107 636 colloque
1132 568 1410 634 pependit,
1475 570 1579 616 715

39 653 108 700 Et
125 663 386 713 magnum
410 644 523 694 falsi
546 643 769 711 inplevit
788 641 1044 706 genitoris
1070 655 1331 700 amorem,

46 719 310 784 Reginam
331 717 478 783 petit.
528 718 673 764 Haec
701 712 893 775 oculis,
932 710 1066 760 haec
1092 718 1313 776 pectore
1342 714 1458 755 toto

41 794 265 851 Haeret3
306 797 360 838 et
385 785 661 836 interdum
686 783 896 849 gremio
917 780 1094 843 fovet3
1129 779 1291 828 inscia
1313 775 1475 839 Dido,

136 933 205 968 711
232 930 452 975 Pallamque
476 946 523 953 —-
550 929 699 961 Versum
716 926 809 958 hunc
834 931 917 969 post
940 922 1159 968 superiorem
1181 922 1306 953 abesse
1329 929 1442 961 aequo
1464 915 1581 949 auimo

43 982 184 1014 serrem.
234 977 367 1021 (Possit
396 976 453 1009 hic
477 987 602 1009 versus
630 987 649 1007 e
674 986 742 1006 vss.
769 972 838 1008 648
865 984 917 1016 sq.
946 971 1118 1004 conflatus
1146 968 1273 1006 videri3
1314 966 1377 998 sed
1403 964 1498 997 solet
1521 964 1582 1004 ita,

44 1040 134 1073 quae
159 1026 266 1059 modo
291 1025 326 1057 in
353 1024 554 1056 universum
579 1020 890 1060 commemoravit,
916 1019 1046 1051 deinde
1071 1030 1136 1063 per
1162 1015 1316 1059 singulas
1342 1018 1462 1058 partes
1495 1023 1581 1056 per—

43 1075 143 1119 sequi
169 1072 352 1118 Virgilius.
402 1071 524 1104 Sentio
551 1077 680 1110 autem,
707 1068 880 1109 ordinem,
906 1077 976 1111 quo
1003 1066 1090 1098 haec
1116 1071 1303 1109 ponuntur,
1332 1059 1479 1092 maxime
1505 1058 1583 1090 dis-

43 1122 210 1168 plicuisse
246 1118 400 1165 HeyniO.
449 1123 496 1152 At
530 1117 629 1158 vide,
666 1128 769 1161 quam
803 1114 890 1148 scite
924 1125 997 1147 rem
1023 1112 1071 1146 ita
1096 1109 1289 1144 instituerit
1313 1115 1439 1153 poeta,
1476 1112 1514 1138 ut
1538 1106 1583 1138 ad

43 1169 250 1215 Cupidinem
274 1166 517 1212 potissimum,
543 1165 676 1210 quippe
702 1163 799 1197 cuius
823 1161 1039 1207 praecipuae
1064 1159 1122 1192 hie
1147 1165 1276 1203 partes,
1302 1154 1496 1188 adtendere
1526 1152 1582 1185 le-

44 1225 161 1250 ctores
188 1215 287 1249 velit.
313 1235 358 1239 —
383 1227 510 1247 croceo
532 1214 672 1259 pictum
696 1210 775 1245 Alb.
817 1210 913 1253 lVr.)
1010 1208 1081 1244 713
1115 1205 1274 1239 videndo
1299 1202 1424 1235 Hamb.
1460 1213 1512 1246 pr.
1540 1213 1582 1232 ex

43 1266 190 1309 interpr.
288 1262 359 1297 714
389 1262 545 1305 Vulgata
574 1266 671 1293 erat:
700 1270 820 1305 puero
851 1257 999 1304 pariter
1023 1255 1213 1298 donisque.
1249 1251 1313 1296 (ita
1338 1249 1448 1282 Palat.
1485 1248 1582 1287 Wr.)

39 1313 187 1359 pariter
203 1323 323 1358 puero
349 1308 503 1342 omnium
526 1308 699 1340 librorum
724 1305 850 1345 Pierii,
878 1304 999 1336 Heius.
1024 1310 1061 1335 et
1086 1303 1200 1333 Burm.
1225 1298 1334 1331 lectio
1362 1303 1437 1336 est,
1481 1307 1584 1339 quam

44 1361 151 1393 etiam
175 1358 327 1391 Carisius
352 1357 376 1390 l.
404 1358 446 1389 ΙΙ.
473 1354 653 1400 agnoseit,
679 1360 718 1386 ut
742 1351 880 1385 mireris
907 1363 981 1384 eam
1007 1361 1077 1383 non
1105 1360 1181 1381 esse
1208 1353 1403 1390 receptam:
1431 1343 1466 1375 id
1489 1342 1584 1387 quod

44 1419 123 1440 cum
146 1405 322 1439 Brunckio
348 1406 393 1439 V.
419 1404 457 1437 C.
492 1415 583 1436 nunc
622 1401 789 1435 fecimus:
824 1399 985 1444 inprimis
1021 1409 1099 1431 cum
1133 1396 1358 1428 observatum
1396 1390 1499 1423 nobis
1525 1390 1585 1430 sit,

42 1455 140 1488 illam
165 1454 261 1486 inter
285 1453 370 1485 duas
396 1464 498 1485 voces
524 1449 710 1494 copulatas
735 1455 795 1481 aut
812 1447 905 1480 iuter
929 1457 1058 1479 nomen
1080 1450 1116 1476 et
1141 1442 1328 1487 epitheton
1351 1439 1585 1483 interponen—

45 1503 111 1535 dae
137 1501 234 1534 vocis
261 1501 435 1534 rationem
462 1511 539 1532 esse
566 1495 804 1542 exquisitioris
830 1495 952 1538 utique
987 1491 1208 1536 elegantiae,
1244 1486 1441 1521 naturalem
1467 1492 1583 1518 autem

44 1550 137 1583 hunc
158 1548 312 1595 positum
336 1548 474 1593 priscae
501 1543 738 1590 simplicitatis
764 1550 801 1576 et
824 1540 1030 1575 maiestatis.
1057 1541 1179 1583 (Recte
1205 1548 1309 1575 νοτυς
1337 1536 1401 1567 Ge.
1429 1535 1454 1574 1,
1480 1533 1572 1567 455.:

46 1597 270 1642 „pariter
295 1603 400 1629 vento
426 1594 661 1637 uimbisque.“
711 1595 796 1625 Aen.
823 1592 865 1632 ΙΙ,
890 1591 989 1625 729.;
1036 1584 1251 1631 „pariter
1277 1581 1467 1625 comitique
1494 1591 1584 1612 one-

45 1645 145 1689 rique
181 1644 398 1676 timentem.“
460 1643 526 1682 IX,
551 1642 651 1677 559.:
687 1638 911 1685 „pariter
943 1647 1044 1670 cursu
1093 1634 1234 1677 teloque
1269 1632 1445 1662 secutus.“
1486 1626 1582 1667 lVr.)

45 1692 233 1737 vulgatam
258 1691 386 1724 Hamb.
412 1702 467 1735 pr.
493 1696 529 1722 et
554 1688 663 1722 Goth.
689 1699 744 1732 pr.
770 1692 932 1725 tuentur,
959 1690 995 1717 et
1030 1683 1122 1715 Ven.
1159 1692 1236 1712 cum
1263 1690 1331 1711 sec.
1358 1677 1487 1708 Moret.
1508 1687 1581 1721 pcc-

47 1742 140 1773 riter
164 1740 273 1772 donis
296 1751 498 1785 pueroque.
525 1738 580 1780 (-—
616 1735 697 1771 715.
724 1736 761 1767 s‘n
790 1734 957 1777 colloque
980 1730 1059 1764 Alb.
1089 1727 1186 1770 lVr.)

46 1788 95 1821 lis
129 1787 240 1820 Goth.
266 1793 347 1820 tert.
397 1794 433 1818 et
464 1793 614 1832 pectore
647 1795 701 1828 pr.
728 1781 853 1814 Hamb.
887 1779 942 1812 ed.
972 1779 1058 1810 lunt.

810 1828 933 1873 (male3
959 1825 1029 1859 vid.
1049 1826 1091 1865 Q.
1116 1823 1160 1856 V.
1180 1821 1338 1859 XXXH,
1361 1820 1392 1853 2.
1415 1824 1501 1849 extr.
1546 1817 1582 1848 In

46 1835 200 1868 malebat
226 1834 338 1867 on-tin
362 1835 514 1877 (Tracts
538 1833 568 1864 ΙΙ
593 1844 628 1876 p.
652 1829 748 1872 465).

1283 1726 1354 1759 716
1383 1726 1465 1756 Huc
1494 1734 1582 1754 ocu-

1156 1775 1226 1809 718
1264 1773 1394 1811 inscia,
1421 1777 1585 1815 quantus

48 1882 205 1916 editione
232 1881 362 1927 Heynii
387 1880 522 1913 minore
548 1879 643 1912 nulla
671 1885 725 1910 est
758 1873 1001 1919 interpunctio
1026 1872 1118 1904 inter
1135 1869 1246 1916 fovet
1281 1874 1314 1900 et
1338 1866 1476 1905 inscia,
1514 1876 1582 1908 quo

49 1930 97 1971 fit,
124 1937 162 1963 ut
187 1930 238 1963 vis
265 1927 440 1977 praeclari
466 1924 753 1972 epiphonematis
775 1929 910 1969 pereat.
941 1920 1036 1963 IVr.)

108 2048 368 2092 712—-714,
400 2049 513 2085 Pessi
540 2047 685 2084 devola
701 2044 786 2096 βι-

49 2119 162 2147 lurae
191 2109 352 2156 δεινῶς,
384 2120 460 2158 pro
485 2105 613 2144 amori
640 2103 788 2141 exitia—

48 2168 119 2206 bili
139 2166 351 2215 destinata,
365 2178 410 2203 eo
431 2177 568 2202 amore
586 2164 667 2201 iam
686 2176 787 2200 con—

48 2232 172 2264 tacta.
234 2226 301 2265 Vis
338 2224 493 2277 poetica
525 2236 622 2260 mox
654 2223 695 2259 in
728 2233 787 2268 eo,

50 2284 162 2336 quod
181 2293 352 2322 mentem
373 2282 501 2331 addit,
525 2288 566 2319 et
587 2280 699 2332 quod
719 2293 789 2316 ar-

51 2345 180 2381 descit
214 2349 254 2380 et
284 2341 394 2392 quod
435 2340 580 2378 tuendo
613 2353 687 2390 pro
718 2338 786 2374 in-

50 2401 219 2440 tuendo.
279 2400 376 2438 Mox
401 2407 582 2437 movetur
602 2411 692 2435 cum
723 2395 788 2433 di·-

50 2460 159 2498 lectu
177 2459 268 2512 plus
296 2472 429 2509 quam,
460 2457 694 2503 delectatur,
728 2462 788 2491 te-

51 2527 178 2557 netur.

111 2579 209 2618 716.
242 2573 492 2612 Desiderium
515 2585 565 2609 ex
597 2569 789 2617 absentia,

52 2650 132 2688 quo
157 2640 273 2688 pater
293 2632 523 2677 tenebatur,
545 2630 652 2668 dixit
672 2642 791 2665 amo-

52 2709 135 2732 rem
160 2706 376 2745 magnum,
411 2702 530 2741 quem
556 2701 656 2740 puer
680 2698 791 2723 nunc

53 2752 245 2805 explevit,
259 2749 433 2796 satiavit,
451 2747 652 2798 amplexu.
676 2744 790 2781 Cous.

53 2813 152 2851 Exc.
179 2811 230 2849 ad
253 2809 294 2847 h.
318 2823 358 2847 v.
378 2811 461 2849 717
484 2820 541 2856 sq.
579 2806 729 2842 Haeret
750 2802 790 2839 in

53 2884 179 2924 puero
199 2891 256 2899 —-—
274 2869 431 2919 gremio
448 2865 576 2914 fovet,
600 2866 724 2909 tenet,
744 2866 791 2898 ut

53 2931 122 2968 ins.
152 2928 217 2979 IV,
251 2926 317 2969 84.
352 2925 418 2968 85.
449 2923 532 2962 noli
566 2935 616 2959 ex
649 2925 790 2958 nostro

847 2040 1013 2080 sedendi
1054 2051 1163 2077 more
1203 2034 1416 2074 aestimare
1456 2030 1584 2082 (quod

847 2101 968 2138 etiam
991 2097 1192 2137 valesium
1222 2093 1360 2132 fefellit
1390 2092 1432 2129 in
1465 2089 1585 2128 Vale—

847 2159 967 2197 sianis
987 2171 1024 2209 p.
1038 2154 1135 2208 63),
1167 2153 1237 2191 sed
1259 2148 1585 2190 accumbentium

847 2218 948 2256 situs
970 2216 1104 2253 animo
1123 2219 1182 2251 est
1201 2206 1584 2264 repraesentandus:

848 2277 917 2327 qui
937 2274 1053 2313 alteri
1075 2272 1260 2325 proxime
1285 2266 1585 2315 aecunibit,ap-

845 2335 967 2387 plicat
1001 2346 1041 2370 se
1079 2332 1163 2369 eius
1202 2328 1307 2367 sinui
1339 2340 1384 2364 ac
1419 2323 1585 2377 gremio.

847 2393 957 2431 Iulus
977 2392 1056 2429 iam
1074 2396 1162 2428 tum
1185 2388 1403 2441 pubescere
1431 2381 1585 2429 debuit,

848 2452 881 2489 si
899 2450 1061 2501 quidem
1083 2454 1176 2486 ante
1196 2452 1345 2497 septem
1366 2455 1491 2480 annos
1511 2453 1585 2492 pa—

847 2509 920 2548 tris
949 2508 1078 2546 ductu
1103 2520 1122 2543 e
1152 2505 1273 2543 Troia
1304 2514 1484 2554 egressus
1515 2504 1585 2535 est.

851 2568 959 2606 [dem
980 2566 1044 2614 IV,
1060 2565 1113 2606 56
1134 2563 1293 2601 exultat
1310 2562 1413 2598 inter
1433 2570 1585 2596 venan-

848 2633 929 2675 tes,
961 2632 1001 2662 et
1027 2624 1095 2661 lib.
1122 2623 1189 2671 lx,
1210 2621 1245 2658 ei
1267 2631 1420 2657 sunnna
1449 2628 1585 2654 rerum

851 2683 1033 2722 creditur
1065 2682 1106 2718 in
1139 2679 1292 2727 castris,
1326 2677 1487 2714 absente
1513 2686 1587 2724 pa-

849 2750 924 2781 tre.
976 2740 1071 2793 (Sed
1100 2740 1256 2790 gremio
1280 2736 1398 2788 simet
1424 2731 1587 2785 proprie

852 2801 1006 2839 dictum
1031 2811 1125 2845 esse,
1158 2796 1307 2848 probat
1328 2793 1498 2832 verbum
1522 2794 1587 2828 ιἠ-

850 2860 1006 2901 sidem,-
1043 2870 1115 2894 nec
1140 2855 1285 2900 video,
1319 2866 1391 2890 cur
1414 2850 1465 2888 ad
1493 2862 1587 2888 sen-

852 2932 941 2956 sum
967 2915 1238 2968 improprium
1262 2912 1587 2961 demi-queamus.
