1731 3420
99 189 129 233 6
492 166 1116 235 DlsonlslTlo
1192 165 1213 211 1

102 319 209 359 tam
236 321 476 371 magnas,
515 318 677 369 quam
704 299 1095 355 hexametrum,
1136 299 1187 340 et
1209 303 1392 337 sensus
1417 302 1611 366 quem-

102 396 208 446 que
236 393 359 427 suus
391 375 574 435 docet,
612 379 665 420 et
700 368 879 418 multis
910 366 1147 415 virorum
1181 359 1469 409 doctorum
1505 355 1613 404 dis-

102 447 462 517 putationibus
493 451 570 492 est
599 439 934 491 declaratum.
1112 502 1122 512 .
1199 501 1208 510 ·
1257 500 1284 510 ..

241 521 326 570 IV.
364 519 407 567 A
429 513 565 564 binis
588 512 731 560 hisce
755 518 1026 572 tamquam
1045 516 1328 569 prlnclpns,
1366 506 1426 546 ut
1450 505 1503 546 et
1526 513 1613 546 res

104 598 340 641 narratae
364 583 768 636 admirationem
801 576 991 627 faciant
1019 582 1071 623 et
1103 573 1211 638 ipsa
1231 568 1464 619 narratio
1503 568 1613 616 ani-

105 676 258 710 mum
292 652 648 706 admirationis
682 648 950 713 voluptate
982 642 1260 694 delinitum
1291 648 1487 702 teneat,
1526 655 1611 688 re-

106 727 338 796 petenda
369 733 490 776 sunt
519 722 719 783 omnia,
767 717 956 784 quibus
999 713 1244 763 carminis
1287 710 1423 777 epici
1456 725 1612 774 argu-

107 808 374 858 mentum,
410 808 671 861 personae
703 790 906 856 epicae,
943 783 1102 845 facta,
1143 784 1364 831 virtutes
1398 798 1455 830 ac
1490 781 1613 830 cha-

108 878 358 928 racteres,
396 862 711 924 sententiae,
749 858 915 908 oratio
938 872 994 905 ac
1019 854 1264 904 dictionis
1289 869 1458 918 genus
1484 868 1615 900 con-

110 939 415 996 stituuntur3
478 933 642 982 verbo
690 931 1020 979 admiratione
1067 929 1294 991 quaesita
1345 927 1617 974 delectatio

109 1013 398 1058 moderatur
427 1009 475 1054 in
501 1008 593 1052 hoc
619 1019 800 1067 genere
828 1002 999 1048 omnia.

246 1081 424 1126 Potest
457 1082 634 1123 autem
664 1069 898 1120 accidere
932 1066 1200 1115 mentibus
1230 1066 1426 1113 nostris
1452 1064 1616 1113 admi-

112 1148 242 1197 ratio
264 1162 443 1195 rerum
470 1143 550 1192 vel
573 1141 853 1191 hominum
877 1137 1043 1187 modo
1072 1154 1194 1186 cum
1219 1136 1470 1184 molliOre
1496 1152 1616 1184 mo-

115 1217 183 1266 do
232 1234 351 1265 cum
395 1214 631 1279 graviore
679 1212 979 1260 animorum
1034 1206 1292 1274 impulsu3
1357 1208 1618 1255 miramur

115 1288 254 1337 enim
275 1285 367 1334 alia
390 1283 618 1333 attonitis
640 1280 848 1343 similes,
890 1279 984 1328 alia
1001 1288 1208 1328 terrore
1234 1277 1480 1343 perculsi,
1523 1277 1618 1325 alia

115 1374 232 1405 cum
254 1357 340 1418 ira,
364 1354 503 1415 odio,
533 1353 628 1402 alia
648 1351 984 1401 miseratione
1009 1349 1296 1407 commoti;
1340 1348 1617 1397 interdurn

114 1442 302 1489 magno
321 1442 439 1474 cum
462 1423 619 1472 animi
642 1431 785 1471 aestu
808 1421 1013 1469 miratio
1038 1429 1115 1469 est
1133 1420 1431 1478 coniuncta,
1461 1420 1620 1468 inter-

118 1496 244 1544 dum
266 1512 384 1544 cum
405 1494 608 1542 leniore
632 1509 686 1542 ac
706 1492 1005 1541 remissiore
1025 1492 1247 1556 impetu,
1267 1499 1319 1539 et
1342 1507 1465 1539 cum
1482 1490 1619 1538 mol-

119 1566 247 1614 liore
278 1573 329 1613 et
351 1564 586 1613 suaviore
617 1563 775 1612 animi
804 1560 1011 1613 affectu.
1068 1565 1190 1624 Quo
1216 1561 1331 1627 ipso
1360 1562 1618 1627 sequitur,

115 1644 174 1684 ut
194 1650 377 1698 magna
392 1634 443 1682 in
464 1633 567 1682 hoc
586 1649 778 1697 genere
797 1649 907 1681 esse
928 1633 1094 1699 possit
1105 1632 1326 1680 varietas
1346 1649 1446 1697 pro
1472 1648 1621 1696 argu-

116 1705 282 1753 menti
299 1713 477 1752 natura
501 1703 714 1766 diversa,
726 1712 887 1769 utque
912 1704 1079 1751 inanis
1093 1703 1411 1751 sitvirorum
1436 1702 1621 1751 docto-

118 1792 237 1822 rum
257 1791 430 1839 opera,
462 1775 549 1839 qui
571 1774 789 1823 Homeri
819 1790 874 1823 ac
891 1773 1089 1838 Virgilii
1114 1773 1369 1839 exemplis
1394 1790 1621 1822 omnem

122 1844 361 1892 carminis
401 1843 529 1908 epici
562 1853 800 1893 naturam
839 1844 1271 1894 circumscribere
1318 1844 1620 1895 voluerunt.

257 1915 385 1961 Eam
417 1913 816 1963 admirationem
844 1932 1049 1978 rerum,
1083 1932 1219 1982 quae
1253 1932 1375 1963 cum
1410 1924 1620 1964 terrore

122 1991 208 2031 aut
233 1999 351 2031 cum
377 1984 710 2032 miseratione
743 1993 794 2033 et
827 1986 1064 2048 graviore
1098 1985 1322 2035 omnino
1355 1987 1516 2035 animi
1543 1984 1621 2035 af-

124 2052 263 2100 fectu
297 2061 535 2102 mentem
568 2053 808 2119 impellit,
846 2056 1083 2122 inprimis
1115 2057 1181 2106 ad
1212 2057 1483 2106 tenendos
1510 2058 1621 2105 ani—

124 2138 239 2169 mos
283 2121 479 2181 valere,
542 2139 893 2191 magnamque
939 2126 1354 2176 delectationem
1402 2128 1622 2188 habere,

124 2191 238 2257 quis
258 2207 368 2239 non
393 2192 565 2240 videat
595 2202 645 2242 et
664 2203 876 2245 naturae
908 2196 1173 2247 humanae
1201 2215 1314 2247 esse
1339 2208 1622 2248 consenta-

124 2277 289 2308 neum
318 2261 603 2325 intelligat?
639 2265 743 2313 Res
766 2281 824 2313 ex
850 2276 995 2331 parte
1028 2268 1390 2318 animadversa
1419 2271 1473 2319 in
1505 2270 1623 2336 opi-

125 2330 342 2404 nionem
373 2331 641 2380 induxerat
662 2336 1093 2386 Marmontelium
1111 2346 1183 2404 *),
1222 2349 1281 2389 ut
1303 2341 1439 2390 intra
1465 2341 1623 2404 tragi-

126 2416 213 2447 cos
236 2399 456 2448 affectus
481 2418 589 2451 non
614 2404 787 2454 minus
818 2407 1026 2471 epicum
1048 2425 1213 2472 genus
1242 2413 1531 2473 contineri,
1572 2420 1625 2460 et

125 2468 268 2517 idem
305 2482 672 2533 argun‘icntum
709 2474 761 2522 in
799 2485 1085 2544 utrumque
1115 2497 1271 2529 usum
1314 2499 1625 2531 accommo-

126 2538 233 2587 dari
258 2556 411 2604 posse
447 2542 769 2595 existimaret.
844 2547 951 2596 Sed
985 2549 1219 2599 dramate
1254 2551 1405 2602 latius
1439 2563 1624 2620 patere

126 2625 338 2657 carmen
375 2611 606 2674 epicum,
646 2611 748 2661 hoc
780 2625 877 2673 est,
914 2620 1270 2670 narrationem
1295 2641 1393 2689 per
1420 2641 1625 2674 caussas

127 2686 177 2726 ‹·t
209 2678 422 2727 consilia
454 2682 761 2746 expositam;
800 2694 851 2733 et
877 2704 1096 2751 magnos
1129 2689 1349 2742 affectus
1383 2713 1493 2745 non
1527 2695 1626 2744 nisi

127 2764 282 2795 unam
311 2766 420 2796 esse
447 2767 503 2798 ex
526 2751 761 2816 pluribus
785 2755 1142 2808 a‹'ln‘1irationis
1163 2766 1464 2817 movendae
1487 2782 1627 2817 caus-

237 2905 269 2953 ⁸)
307 2905 490 2954 l’oetiqzw
525 2906 732 2951 Wuncoise
754 2909 798 2945 Τ.
821 2909 866 2958 ll,
901 2925 935 2961 Ι).
956 2913 1036 2952 234
1060 2927 1141 2963 sqq.
