1811 3388
458 176 868 229 AENEIDOS
908 184 1048 235 LIB.
1089 189 1180 251 VI,
1215 198 1467 248 91—100
1617 212 1713 259 869

197 297 521 364 Externique
542 301 738 351 iterum
758 303 990 359 thalami.

199 366 282 413 Tu
308 381 376 415 ne
399 367 530 417 cede
555 371 731 423 malis:
769 375 865 423 sed
890 388 1071 429 contra
1095 383 1379 435 audentior
1404 390 1491 452 ito,
1643 402 1708 451 95

196 435 369 494 Quam
389 444 477 485 tua
497 447 550 487 te
569 442 804 492 Fortuna
825 446 972 499 sinet.
1046 451 1140 501 Via
1164 454 1335 518 prima
1359 459 1549 524 salutis,

195 504 352 564 Quod
379 507 602 558 minime
622 513 777 576 reriS,
817 517 967 566 Graia
989 521 1256 584 pandetur
1279 525 1342 574 ab
1365 529 1511 581 urbe.

263 573 477 624 Talibus
501 594 561 626 ex
582 580 737 644 adyto
763 582 911 634 dictis
935 589 1167 640 Cumaea
1194 594 1389 658 Sibylla

187 642 497 695 Horrendas
528 651 666 698 canit
693 653 961 720 ambages,
1000 669 1262 728 antroque
1286 670 1528 735 remugit,

188 711 443 763 Obscuris
464 733 585 768 vera
607 720 911 774 involvens:
950 744 1010 778 ea
1028 728 1180 781 frena
1204 731 1402 785 furenti
1606 748 1701 795 100

255 811 334 856 96.
375 809 495 869 QUA

275 933 323 967 94-
354 938 585 983 Extremique
618 942 746 977 Moret.
777 955 846 980 sec.
940 949 986 984 95
1023 952 1130 985 crede
1164 954 1273 989 Goth.
1306 961 1389 991 tert.
1440 967 1476 992 et
1508 971 1528 993 a
1561 974 1614 1006 pr.
1650 976 1693 997 m.

180 978 309 1014 Medic.
359 983 536 1017 audacior
560 986 649 1020 alter
672 990 861 1037 Hamburg.
887 999 922 1026 et
947 995 1019 1028 bini
1044 999 1153 1032 Goth.
1202 1003 1375 1037 audatior
1398 1006 1507 1039 Wall.
1555 1010 1694 1043 arden—

181 1026 254 1057 tior
278 1027 377 1062 Leid.
409 1036 445 1062 et
468 1031 603 1075 Hagen.
629 1047 648 1067 a
673 1048 716 1069 m.
744 1050 797 1081 pr.
891 1042 938 1075 96
962 1044 1149 1088 Vulgatum
1177 1055 1269 1082 erat:
1306 1053 1419 1092 Quam
1451 1061 1518 1086 tua
1543 1063 1578 1087 te
1601 1055 1692 1100 for—

181 1078 274 1104 tuna
299 1075 404 1107 sinet.
455 1079 504 1110 Ut
528 1079 605 1122 plus
632 1083 781 1127 audeat,
817 1098 918 1129 quam
942 1089 1015 1122 fata
1040 1093 1266 1136 permittant,
1302 1097 1356 1128 vix
1390 1099 1527 1132 videtur
1563 1102 1690 1136 bonum

179 1119 361 1153 consilium
388 1134 483 1164 esse;
518 1126 626 1159 multo
652 1129 763 1163 minus
789 1136 928 1166 Aeneae
953 1136 1092 1179 datum,
1126 1140 1220 1173 cuius
1245 1143 1359 1176 omnia
1385 1146 1529 1180 consilia
1554 1148 1598 1180 ad
1633 1150 1690 1182 sa—

178 1170 294 1198 torum
320 1168 477 1203 ordinem
503 1184 521 1204 a
547 1181 656 1215 poeta
683 1183 913 1222 attemperata
947 1190 1035 1216 sunt.
1087 1188 1200 1227 Quam
1233 1201 1297 1232 pro
1335 1201 1508 1234 quantum
1544 1201 1581 1226 ut
1614 1208 1688 1229 cum

176 1211 321 1246 Heinsio
349 1222 381 1246 et
405 1217 598 1252 Burmanno
624 1223 794 1266 accipias,
821 1227 941 1259 durum
968 1241 1044 1262 esse
1069 1238 1177 1275 puto,
1211 1242 1246 1266 et
1272 1248 1353 1269 vero
1380 1238 1482 1271 etiam
1515 1240 1686 1275 ieiunum:

174 1258 277 1291 Malis
303 1260 438 1295 obviam
464 1265 512 1297 ito
528 1292 536 1305 ‚
561 1276 723 1310 quantum
749 1278 863 1315 potes.
912 1275 1168 1319 Significantius
1195 1288 1269 1314 est:
1301 1295 1502 1330 quacunque
1525 1288 1581 1320 via
1604 1288 1687 1324 licet

175 1304 212 1336 id
236 1306 363 1341 facere.
412 1312 550 1344 Accedo
579 1313 687 1358 igitur
711 1316 794 1351 viris
820 1320 956 1364 doctis,
990 1329 1028 1355 ut
1051 1324 1236 1368 legendum
1263 1329 1470 1374 existimem,
1507 1337 1605 1376 Qua,
1645 1348 1685 1370 ea

172 1350 247 1393 via,
283 1365 370 1398 qua3
396 1363 431 1389 ut
464 1369 540 1402 sup.
564 1361 607 1402 11,
631 1363 717 1398 387:
754 1368 782 1396 O
814 1368 923 1409 socii,
948 1380 1020 1414 qua
1041 1373 1180 1416 prima,
1205 1376 1323 1419 inquit
1339 1402 1347 1417 ,
1365 1377 1526 1422 fortuna
1551 1382 1684 1416 salutis

171 1399 361 1433 Monstrat
386 1404 480 1445 iter,
513 1418 656 1451 quaque
683 1412 843 1445 ostendit
868 1425 906 1445 Se
930 1416 1081 1457 dextra,
1118 1431 1322 1463 sequamur.
1370 1424 1483 1457 Afflne
1521 1434 1575 1459 est
1606 1441 1681 1472 sup.

170 1445 195 1484 Ι,
220 1446 299 1480 418.
328 1450 542 1495 Corripuere
570 1455 686 1496 viam,
720 1470 791 1502 qua
823 1462 951 1494 semita
984 1472 1175 1499 monstrat.
1209 1479 1273 1501 nec
1307 1476 1421 1503 tamen
1455 1472 1542 1505 adeo
1575 1474 1680 1518 longe

167 1490 202 1522 in
231 1493 329 1526 malis
354 1497 600 1540 propulsandis
625 1504 792 1546 progredi
816 1506 888 1538 sata
913 1513 949 1539 te
974 1509 1111 1552 sinent,
1146 1513 1207 1545 sed
1234 1523 1390 1558 paratum
1417 1525 1469 1550 est
1493 1520 1679 1554 auxilium:

173 1539 242 1570 Via
264 1542 382 1584 prima
415 1555 443 1575 s.
490 1548 604 1589 Atque
638 1549 705 1580 fuit
738 1550 825 1584 haec
860 1552 965 1586 lectio
1001 1556 1105 1589 etiam
1140 1558 1175 1590 in
1208 1560 1307 1593 libris
1342 1563 1516 1608 plerisque
1549 1567 1677 1606 Pierii;

165 1584 259 1617 forte
285 1589 496 1623 recentibus.
524 1592 644 1636 (immo
669 1595 780 1636 libris,
806 1605 903 1642 puto,
928 1600 1117 1645 impressis.
1150 1607 1244 1650 lVr.)
1294 1610 1383 1641 Nam
1399 1618 1535 1644 veteres
1557 1624 1676 1647 omnes

165 1630 200 1662 in
225 1645 332 1676 quam
356 1637 569 1679 conspirant.
617 1642 714 1674 Inter
735 1643 850 1678 editos
873 1647 1038 1692 princeps
1064 1650 1143 1683 Ald.
1176 1665 1249 1696 qua
1274 1656 1432 1698 exhibet,
1463 1666 1630 1692 mutatum
1656 1674 1675 1694 a

162 1678 341 1722 Naugerio
366 1681 402 1713 in
425 1683 543 1718 altera.
592 1688 629 1719 In
654 1687 709 1721 his
738 1696 854 1724 tamen
888 1694 1088 1737 particulis,
1119 1697 1276 1741 inprimis
1311 1714 1386 1734 curn
1422 1706 1674 1750 comparativus

158 1817 243 1851 Crit.
269 1832 350 1864 pag.
377 1823 441 1857 171
468 1827 593 1870 Lego,
628 1836 669 1860 ut
691 1830 779 1862 milti
809 1833 951 1876 quidem
979 1836 1141 1878 uidetur,
1180 1841 1395 1874 certissime:
1430 1846 1508 1884 Ouo
1540 1851 1600 1878 tua
1633 1853 1669 1879 te

158 1864 295 1899 fortuna
312 1866 426 1912 feret.
474 1872 550 1905 Hoc
577 1881 651 1916 est,
678 1884 805 1918 poetae
831 1879 1020 1913 dictionem
1045 1895 1108 1926 per
1131 1884 1242 1918 lusum
1267 1888 1422 1930 variare,
1455 1902 1548 1931 non,
1585 1904 1668 1925 cor-

156 1918 259 1955 rupta
284 1915 479 1950 emendare.
529 1921 625 1962 (Non
651 1922 804 1956 debebat
828 1927 969 1970 egregia
1002 1928 1108 1961 lectio
1142 1931 1270 1964 elumbi
1303 1934 1375 1967 sive
1408 1936 1588 1979 varietati,
1623 1959 1665 1964 —

156 1958 238 1989 satis
265 1960 355 1992 enim
380 1961 513 1997 incerta
540 1972 593 1998 est
620 1967 707 2000 fides
726 1988 769 1994 —
791 1971 863 2003 sive
899 1974 1120 2008 coniecturae
1152 1978 1296 2021 cedere,
1332 1982 1436 2014 modo
1472 1982 1532 2016 illa
1567 1992 1665 2018 recte

155 2004 360 2045 explicetur.
409 2012 590 2044 Sententia
626 2013 751 2047 horum
784 2018 969 2051 verborum
1002 2032 1073 2053 non
1111 2030 1164 2055 est
1196 2036 1256 2064 ea,
1288 2038 1391 2070 quam
1426 2029 1581 2072 Heynius
1619 2032 1662 2064 iis

153 2050 297 2094 tribuit,
322 2054 385 2086 sed
409 2055 513 2090 haec:
549 2060 626 2098 Quo
651 2062 760 2104 magis
785 2063 1014 2099 reluctabitur
1044 2068 1111 2101 tibi
1137 2071 1308 2113 Fortuna,
1344 2085 1384 2106 eo
1411 2076 1597 2109 audentior
1629 2078 1661 2110 ei

153 2097 304 2138 obsiste3
333 2100 427 2134 sive:
462 2115 504 2136 eo
529 2106 714 2139 audentior
739 2116 859 2142 contra
884 2111 954 2152 ito,
988 2125 1056 2157 quo
1082 2115 1192 2149 minus
1217 2117 1282 2151 ista
1306 2126 1342 2151 te
1376 2121 1485 2162 mala,
1519 2135 1545 2155 s.
1581 2124 1660 2156 sor-

150 2149 235 2176 tuna
261 2151 340 2183 tua,
377 2147 490 2181 sinere
514 2151 731 2186 videbuntur.
780 2154 868 2188 Illud
898 2161 995 2199 Qua
1021 2169 1086 2193 tua
1112 2170 1148 2194 te
1162 2162 1324 2207 fortuna
1349 2168 1480 2200 sinet
1503 2181 1575 2201 rem
1600 2170 1658 2202 ni-

148 2189 212 2222 mis
238 2198 402 2226 extenuat
425 2196 561 2241 vimque
587 2200 754 2232 orationis
779 2203 999 2245 gravissimae
1023 2207 1126 2251 plane
1151 2208 1326 2254 infringit,
1359 2212 1541 2247 dicendum
1567 2216 1656 2249 fuis-

148 2244 220 2268 set:
260 2241 337 2279 Quo
380 2249 446 2274 tua
488 2252 523 2275 te
550 2243 710 2289 fortuna
742 2258 858 2282 vocat.
897 2252 991 2293 lVr.)
1040 2256 1138 2287 sinat
1171 2257 1314 2291 Oudart.
1417 2262 1462 2294 98
1497 2265 1655 2296 Cumana

147 2283 315 2327 Dorvill.,
339 2287 402 2320 sed
425 2289 572 2323 alterum
597 2291 751 2326 doctius:
777 2307 808 2327 v.
832 2297 875 2329 ad
900 2298 1020 2331 Silium
1044 2302 1109 2343 IX,
1132 2303 1189 2338 57.
1215 2304 1360 2347 (Cymea
1379 2306 1506 2342 Medic.
1530 2309 1626 2351 Wr.)

141 2414 384 2464 periculosis,
443 2418 532 2456 Noli
555 2433 645 2458 cum
668 2422 806 2461 Servio
827 2430 867 2462 et
925 2442 993 2478 μιν
1011 2424 1146 2483 ὄνειαρ
1167 2426 1357 2481 ἀδευκέος
1374 2433 1415 2483 ἔξ
1435 2432 1531 2484 ἇλὸς
1548 2433 1649 2478 εἶσιν

145 2471 230 2508 aliis
261 2472 309 2510 de
339 2473 442 2513 fame
474 2477 660 2528 accipere.
720 2483 866 2518 coniux
911 2481 1126 2537 ’Ἁῤῥητον.

138 2527 324 2580 Lavinia,
368 2537 414 2569 ut
441 2534 534 2572 olim
566 2535 727 2574 Helena.
796 2541 863 2580 96.
982 2545 1074 2584 100.
1116 2544 1268 2582 Eventa
1298 2559 1433 2585 rerum
1469 2549 1644 2589 obscuris

139 2601 221 2636 qua
246 2589 308 2626 via
341 2595 380 2626 et
411 2592 589 2641 ratione,
632 2607 710 2644 quo
740 2596 860 2634 modo
919 2600 1052 2637 verbis
1080 2601 1226 2652 prodit.
1294 2604 1476 2644 Imitatur
1511 2607 1642 2646 locum

137 2655 177 2679 se
226 2657 290 2682 res
342 2646 509 2688 dabunt.
560 2645 601 2705 ᾗ.
657 2651 861 2703 (revocavi
918 2655 1102 2695 Lucanus
1132 2659 1160 2706 I,
1197 2673 1234 2698 v.
1275 2664 1369 2703 637.
1402 2666 1483 2705 638
1520 2668 1639 2714 stara

136 2714 274 2750 quam.
335 2705 452 2759 Wr.)
523 2719 562 2746 v.
611 2707 703 2747 Var.
753 2711 859 2749 Lect.
918 2715 974 2751 sic
1023 2717 1157 2753 omina
1216 2719 1366 2756 'Fuscus
1432 2722 1637 2757 Involvens

138 2758 268 2795 Graia
292 2760 340 2796 aL
362 2763 451 2800 urbe
467 2794 475 2809 ‚
501 2764 700 2804 Pallanteo
724 2768 860 2806 Euan-
917 2774 1122 2824 multaque
1151 2782 1284 2824 tegem-
1311 2776 1483 2826 ambage
1513 2793 1633 2814 cane—

132 2813 208 2851 dri.
280 2817 397 2855 Color
441 2820 578 2858 similis
637 2830 695 2861 est
751 2827 859 2877 apud
916 2828 996 2868 bat.
1059 2831 1246 2882 Pompon.
1270 2833 1358 2869 sab.
1380 2846 1510 2881 „vera‚
1530 2850 1632 2884 quae

131 2872 313 2923 ΑΡΟΠΟΠ-
350 2874 393 2923 Π,
429 2879 512 2918 390
545 2878 646 2919 ἔνθα
680 2879 753 2935 γάρ
784 2881 858 2934 ‘iiu-
916 2900 1036 2933 „vera
1082 2887 1231 2936 sutura
1275 2899 1396 2926 erant.
1481 2891 1630 2927 Probus
