1811 3388
365 263 776 315 AENEIDOS
813 269 954 321 LIB.
993 273 1083 338 ΙΙΙ,
1123 279 1419 336 519—534

1566 296 1664 344 521

140 386 297 433 Ferte
323 386 463 435 viam
490 399 652 439 vento
676 390 914 457 facilem,
957 407 1009 447 et
1031 402 1224 466 spirate
1250 411 1488 463 secundi.

141 454 500 505 Crebrescunt
523 469 734 525 optatae
765 481 947 527 aurae,
987 481 1284 540 portusque
1309 483 1531 543 patescit
1563 490 1664 540 530

136 524 251 571 Iam
299 527 525 592 propior
544 569 556 591 ‚

616 533 996 603 templumque
1037 541 1256 608 adparet
1306 549 1360 597 in
1405 568 1524 603 arce
1563 559 1664 607 Mi-

931 624 1140 661 nervae.

135 661 264 712 Vela
290 663 475 728 legunt
503 669 657 733 socii,
695 681 746 721 et
766 691 951 739 proras
982 680 1047 728 ad
1069 681 1224 733 litora
1250 694 1520 755 torquent.

133 733 325 781 Portus
353 735 416 783 ab
438 737 621 788 Euroo
646 739 814 792 fluctu
835 758 1077 799 curvatus
1100 753 1152 800 in
1180 771 1389 819 arcum3

135 801 393 854 Obiectae
416 806 545 856 salsa
566 823 819 875 spumant
844 816 1155 885 adspargine
1186 836 1388 879 cautes:

223 942 292 978 529
328 947 430 978 venti
454 946 626 983 Montalb.
657 952 699 984 ab
730 953 998 1000 interpolatore.
1051 975 1080 995 ν.
1107 964 1161 996 vel
1193 966 1298 1000 nobis
1327 969 1459 1003 Zulich.

131 997 245 1022 vento
263 991 411 1026 Dorvill.
461 1003 496 1026 ec
521 997 711 1042 adspirate
729 1003 839 1037 Wall.
889 1009 1048 1040 secunde
1078 1010 1168 1044 alter
1200 1015 1366 1049 Rottend.

130 1033 282 1069 hese-unt
303 1039 402 1071 multi
423 1047 457 1072 et
480 1041 536 1074 hic
559 1045 660 1078 male.
687 1048 730 1080 cf.
754 1050 799 1081 ad
822 1052 951 1096 Georg.
971 1056 996 1094 Ι,
1018 1056 1099 1090 359.

561 1093 703 1136 prioris
722 1097 827 1130 Goth.
852 1111 921 1131 sec.
941 1113 959 1133 a
982 1114 1024 1135 m.
1046 1116 1099 1147 pr.

129 1081 198 1117 532
225 1092 259 1115 οι
284 1084 384 1118 deest
407 1088 517 1121 Wall.

126 1128 197 1163 533
222 1131 339 1175 Vulgo
360 1136 450 1167 Eoo.
487 1136 552 1179 (sic
579 1138 691 1173 I'alat.
731 1144 824 1187 lVr.)

126 1176 253 1210 Medic.
276 1185 311 1210 et
342 1182 452 1213 ceteri
479 1185 689 1219 vetustiores
721 1191 841 1224 Heius.

1502 972 1655 1018 facilem

1464 1019 1533 1054 530
1567 1024 1656 1054 Cre—

1195 1061 1260 1095 531
1290 1075 1359 1107 quc·
1386 1065 1485 1098 abest
1514 1079 1533 1099 a
1554 1068 1654 1103 Leid.

1150 1107 1199 1139 ad
1221 1108 1244 1140 l.
1274 1118 1424 1143 vertunt
1444 1119 1515 1146 tres
1538 1116 1653 1149 Burm.

874 1149 919 1178 At
949 1151 1074 1182 Euroo
1104 1163 1224 1186 omnes
1254 1167 1365 1198 paene
1401 1160 1503 1193 codd.
1534 1162 1653 1204 Pierii,

869 1199 905 1225 et
933 1206 996 1227 sex
1030 1198 1142 1232 Burni.

1196 1202 1311 1243 (Eam
1338 1205 1373 1238 2.
1401 1206 1433 1240 3.
1462 1209 1516 1242 11.
1554 1211 1652 1254 ην.)

127 1223 228 1256 Nova
248 1231 364 1258 tamen
387 1240 427 1260 ea
449 1229 563 1263 forma
588 1233 630 1264 ab
653 1238 798 1278 Eurus,
834 1240 900 1271 etsi
922 1242 1117 1286 analogiam
1141 1246 1248 1280 habet
1285 1249 1320 1281 in
1355 1254 1536 1295 Arctous,
1573 1259 1651 1289 Le-

124 1322 195 1348 tum
216 1329 291 1351 esse
315 1323 396 1353 Euo
418 1334 483 1366 pro
504 1327 602 1366 Eoo,
630 1334 667 1359 ut
686 1332 740 1363 Eo
765 1339 818 1363 est
840 1333 874 1364 in
896 1347 949 1378 pr.
972 1337 1097 1371 Hamb.
1123 1347 1157 1372 et
1184 1342 1219 1373 in
1246 1343 1363 1377 multis
1394 1349 1507 1381 Euro.
1557 1351 1649 1384 Vide

123 1363 243 1397 Heius.
266 1366 309 1398 ad
335 1367 369 1399 h.
391 1368 426 1409 l.‚
454 1370 511 1413 qni
532 1374 628 1414 Eoo,
663 1378 757 1419 quod
783 1379 946 1423 vulgatae
980 1383 1058 1416 edd.
1082 1386 1282 1430 habebant,
1311 1403 1385 1424 cum
1413 1394 1529 1428 Pit-rio
1558 1399 1649 1430 reti-

122 1409 217 1449 nuit;
244 1424 312 1445 non
335 1421 469 1457 tamen,
495 1417 560 1450 nisi
581 1420 616 1451 in
639 1423 748 1456 tribus
771 1434 984 1471 quatuorve,
1010 1431 1122 1476 iisque
1140 1436 1397 1471 recentioribus
1418 1440 1538 1482 libris,
1560 1444 1648 1478 illud

121 1466 326 1501 repererat5
354 1462 444 1494 adde
466 1464 534 1497 duo
557 1467 665 1502 Goth.
688 1477 723 1502 at
747 1472 837 1504 alter
871 1487 967 1508 eroo.
1020 1481 1145 1513 Euroo
1167 1488 1283 1515 tamen
1304 1485 1408 1518 etiam
1430 1489 1568 1523 Servius
1589 1493 1647 1524 in-

120 1509 352 1549 terpretatum
381 1515 416 1540 et
437 1521 515 1543 usus

543 1520 596 1545 est
628 1527 667 1548 ea
690 1529 776 1550 voce
798 1520 962 1555 Priscian.
984 1523 1019 1556 in
1042 1526 1234 1571 Periegesi.
1256 1543 1287 1563 v.
1309 1533 1389 1567 871.
1430 1537 1533 1579 statu
1562 1540 1644 1573 Exc.

119 1550 213 1584 Cort.
234 1565 273 1584 ex
292 1555 416 1588 Hamb.
439 1569 519 1598 sec„
544 1559 649 1604 idque
673 1564 856 1599 videbatur
881 1568 916 1600 in
936 1570 1096 1605 Parthus.
1116 1574 1223 1608 fuisse
1238 1603 1246 1617 ,
1272 1578 1306 1610 in
1330 1592 1397 1623 quo
1431 1582 1534 1615 etiam
1567 1589 1645 1620 Eoo

118 1598 313 1642 repositum
351 1609 436 1635 erat.
486 1617 668 1641 curvatur
696 1611 831 1657 aliquot
862 1615 982 1650 Heius.
1016 1625 1051 1650 et
1087 1621 1199 1656 Burni.
1233 1636 1308 1656 cum
1338 1622 1419 1660 edd.
1444 1629 1522 1664 Ald.
1553 1634 1643 1667 lunt.

119 1644 313 1687 (curvatur
331 1650 453 1696 pauci,
488 1651 523 1684 in
554 1653 607 1686 his
636 1656 747 1691 Palat.
790 1662 886 1712 (Vr.)

939 1665 1114 1698 sinuatur
1141 1682 1210 1702 sec.
1246 1680 1264 1701 J
1314 1684 1320 1689 ¹
1362 1698 1370 1706 .

116 1695 311 1738 spargine,
337 1696 477 1740 antiqua
500 1699 632 1742 forma,
660 1714 816 1748 repost1.t
836 1709 976 1751 Heins.‚
1010 1713 1136 1748 Medic.
1161 1723 1196 1748 et
1228 1718 1389 1752 Gudiano
1405 1748 1413 1761 ‚
1453 1724 1640 1760 Gramma-

114 1738 263 1783 ticisque
285 1742 387 1775 Velio
409 1744 531 1789 Longo
564 1755 599 1779 et
620 1750 738 1784 Nonio
764 1757 977 1790 auctoribus.
1028 1761 1144 1804 Vulgo
1172 1768 1378 1810 aspergine.
1414 1770 1477 1812 (sic
1505 1773 1639 1815 Palam

114 1784 184 1818 vid.
208 1788 247 1819 V.
267 1789 306 1820 L.
327 1790 370 1822 ad
391 1791 454 1823 Ge.
476 1794 533 1834 ΙΙΙ,
554 1797 633 1829 419.
666 1801 762 1840 lVr.)
814 1802 865 1834 De
883 1816 967 1837 voce
990 1807 1102 1840 Burm.
1124 1809 1243 1843 laudat
1263 1813 1382 1847 Barth.
1418 1817 1461 1849 ad
1492 1821 1578 1853 Stat.
1610 1824 1640 1854 ΙΙ

113 1832 228 1865 Theb.
249 1836 328 1870 675.
376 1838 483 1872 Goth.
512 1853 581 1874 sec.
610 1847 814 1892 vertigine,
841 1852 934 1894 quod
953 1853 1114 1888 absolute
1136 1856 1183 1890 ita
1214 1857 1345 1893 dietum
1376 1865 1537 1907 equidem
1568 1880 1639 1903 non

111 1880 264 1915 memini.

111 1998 304 2039 collocata
325 2011 432 2055 erat,
462 2005 501 2046 h.
526 2021 558 2047 e.
587 2010 742 2063 signum
765 2029 845 2052 nu-

109 2056 247 2106 minis,
280 2061 392 2100 cuius
428 2067 579 2104 tutelae
616 2071 728 2108 navis
758 2080 844 2111 erat

110 2115 285 2166 credita3
310 2133 388 2157 una
408 2135 497 2161 cuin
517 2126 650 2166 foculo
674 2136 745 2167 aut
763 2145 840 2169 ara.

108 2171 173 2209 Ad
201 2172 306 2212 hane
338 2177 458 2229 igitur
490 2182 628 2222 libatio
666 2193 706 2224 et
745 2202 840 2239 pre-

109 2242 170 2266 ces
200 2231 316 2271 fiunt.

163 2288 258 2329 529.
291 2291 449 2343 Ass'erte‚
482 2296 587 2347 (late,
621 2303 733 2339 viam
758 2317 836 2340 na—

106 2343 346 2395 vigationem
378 2353 549 2392 faustam
583 2368 695 2396 rento
730 2360 769 2399 h.
803 2375 835 2400 e.

104 2410 227 2441 vento
250 2410 425 2447 secundo
457 2412 652 2465 innnisso3
685 2425 723 2455 et
757 2420 835 2456 ad-

103 2461 265 2511 spirate,
297 2466 440 2516 favete,
469 2473 641 2523 propitii.
704 2476 835 2514 Verba

102 2518 255 2570 singula
287 2537 377 2563 cum
407 2526 569 2568 dilectu.
629 2532 724 2571 Mox
752 2536 836 2578 530

93 2587 237 2626 ponus
270 2587 479 2633 pales-cil,
535 2588 585 2625 ad
625 2592 835 2631 oculorum

100 2647 271 2675 sensum.
302 2654 338 2678 v.
362 2656 446 2694 sup.
462 2644 567 2685 ad41
584 2651 618 2687 1.
680 2651 774 2692 531.
796 2655 832 2692 ‘2-

100 2691 164 2728 Ad
182 2708 288 2745 seqq.
311 2699 358 2736 cf.
384 2700 543 2753 Dionys.
565 2705 691 2745 Halic.
714 2708 743 2755 Ι,
764 2712 831 2757 51,

99 2750 241 2789 Strabo
265 2754 326 2803 VI,
346 2772 382 2807 p.
405 2761 484 2800 281
518 2761 561 2799 Β.
594 2772 633 2802 et
664 2766 830 2805 Excurs.

100 2808 148 2842 de
185 2810 317 2848 Error.
358 2817 460 2855 Aen.
507 2821 579 2856 sul)
623 2823 648 2860 f.
714 2825 829 2861 Adde

99 2863 257 2903 Cluver.
279 2868 372 2909 Ant.
398 2873 483 2912 Ital.
502 2890 591 2928 pag.
620 2881 727 2922 1240
755 2889 828 2920 etc.

97 2923 247 2960 Portus
271 2933 328 2963 est
348 2932 497 2969 Portus
524 2937 547 2972 l
557 2938 703 2975 'elzeri-5.
739 2942 827 2977 Arx

95 2992 168 3030 pro
189 2990 324 3021 monte
350 2984 413 3037 (ut
431 3003 516 3042 sup.
546 2995 640 3035 336.
671 3009 708 3034 v.
739 3010 825 3049 sup.

905 2018 956 2056 ad
987 2020 1110 2073 521),
1144 2023 1186 2061 in
1217 2039 1296 2076 quo
1331 2031 1525 2081 templum
1555 2034 1636 2072 Mi-

903 2090 1050 2115 nervae
1088 2089 1195 2129 erat,
1254 2087 1363 2134 quod
1398 2089 1635 2130 Idomeneus

902 2136 1127 2175 condidisse
1174 2141 1377 2181 serebatur
1423 2145 1633 2200 (Pompon.

900 2193 989 2231 Sab.
1020 2195 1071 2232 ad
1103 2210 1141 2234 v.
1168 2198 1251 2239 530
1293 2204 1443 2240 Porlus
1471 2208 1628 2245 Aetnei.

897 2250 968 2301 leg.
993 2253 1227 2308 Idomenei).
1297 2258 1392 2299 532.
1425 2261 1487 2300 Α(1
1508 2266 1632 2303 verba

899 2321 1104 2360 compares
1124 2326 1210 2364 sup.
1234 2328 1271 2352 v.
1296 2318 1393 2358 207.
1433 2322 1538 2360 Vela
1557 2338 1631 2361 cu-

897 2366 996 2403 dunt
1007 2397 1018 2416 ‚
1052 2372 1169 2407 remis
1190 2374 1451 2424 insurgimus.

955 2482 1100 2523 533-
1120 2485 1215 2527 536.
1255 2490 1425 2530 Porlum
1460 2495 1627 2534 Veneris

897 2538 1085 2579 describit
1115 2544 1210 2581 satis
1241 2555 1402 2587 ornate:
1442 2552 1539 2590 situs
1571 2560 1627 2592 est

895 2610 1034 2636 versus
1063 2600 1279 2642 Orientem.
1341 2607 1524 2648 Efficitur
1560 2612 1625 2650 ille

893 2655 1052 2694 sinuoso
1086 2659 1231 2698 littoris
1268 2663 1399 2713 flexu,
1452 2670 1624 2720 scopulis

891 2714 1081 2764 utrinque
1102 2723 1434 2768 procurrentibus
1453 2727 1489 2763 in
1514 2741 1637 2766 mare·

891 2777 928 2807 et
946 2772 1254 2815 incurvantibus
1275 2792 1335 2828 se,
1368 2788 1414 2819 ut
1433 2784 1622 2836 utrinque

888 2842 962 2879 pro
996 2832 1098 2869 mole
1129 2834 1208 2872 sint
1238 2839 1372 2886 portui
1399 2849 1619 2893 praetenta,

889 2886 939 2923 ad
984 2902 1103 2937 quain
1146 2894 1266 2930 maris
1304 2908 1354 2932 ex
1397 2899 1478 2937 alto
1521 2902 1619 2939 allisi

888 2944 1033 2983 ssuctus
1083 2956 1313 2989 extrorsum
1364 2955 1617 3006 franguntur.

888 3003 1020 3040 Euroo
1047 3006 1185 3055 fluctu
1205 3009 1251 3046 ab
1275 3010 1404 3061 Euro,
1437 3021 1503 3063 ut,
1536 3014 1617 3054 Ar-
