1827 3436
327 219 728 272 AENEIDOS
766 219 902 266 Llss.
937 218 1001 277 11,
1045 221 1327 268 123-137
1473 223 1567 268 287

85 352 245 401 Unius
270 350 319 397 in
340 345 515 395 miseri
543 343 754 391 exitium
781 358 1031 391 conversa
1053 341 1236 392 tulere.

81 424 295 483 lamque
322 415 433 463 dies
457 411 669 462 infanda
691 410 891 461 aderat:
930 410 1060 459 mihi
1082 426 1222 459 sacra
1246 409 1428 475 parari,

84 492 148 538 Et
169 486 326 536 salsae
351 482 550 545 fruges,
591 489 643 529 et
670 481 865 529 circum
890 488 1134 544 tempora
1155 479 1325 528 vittae.

79 555 282 620 Eripui,
321 550 513 610 fateor,
551 550 658 597 leto
683 566 797 610 me,
837 557 887 597 et
911 547 1113 596 vincula
1138 548 1285 612 rupi;

79 626 400 687 Limosoque
433 620 546 669 lacu
572 635 669 684 per
689 626 903 667 noctem
929 616 1184 666 obscurus
1205 617 1256 664 in
1276 614 1394 664 ulva

78 692 296 752 Delitui,
335 689 466 739 dum
493 687 606 736 vela
631 686 833 749 darent,
869 687 909 734 si
932 684 1071 736 forte
1098 684 1380 734 dedissent.

78 766 186 811 Nec
223 759 353 808 mihi
380 759 482 806 iam
512 757 734 823 patriam
766 756 1035 821 antiquam
1064 770 1182 820 spes
1210 753 1314 803 ulla
1343 749 1575 812 videndi,

152 847 259 892 136.
298 853 455 899 VELA,
490 851 696 885 DARENT
722 851 766 884 s1
791 851 988 898 ron'rE,
1017 850 1063 885 Ι).

1479 617 1575 666 185

175 968 238 1002 132
265 970 364 1012 Ergo
384 966 461 998 dies
477 978 531 1008 ap.
555 963 704 996 Nonium
721 963 754 995 in
777 963 875 1003 dies,
909 963 971 995 sed
1004 974 1036 994 v.
1067 959 1186 992 Heius.
1214 959 1256 992 ad
1283 958 1383 992 Ovid.
1413 959 1459 990 111
1491 959 1576 990 Met.

79 1016 157 1049 519.
182 1014 261 1046 dies
278 1013 415 1058 infesta
435 1011 542 1044 Goth.
563 1017 647 1042 tert.
668 1018 854 1055 parantur
877 1009 984 1042 Goth.
1012 1019 1064 1053 pr.
1160 1006 1228 1041 134
1253 1006 1325 1038 leto
1347 1004 1477 1058 fateor
1503 1011 1576 1036 tres

80 1075 134 1106 ap.
156 1060 408 1104 Burm.Juteor
430 1070 483 1089 me
503 1058 575 1089 leto
597 1056 664 1088 dno
686 1055 770 1088 ibid.
867 1057 931 1092 135
957 1056 1060 1088 lacus
1087 1052 1196 1085 Goth.
1223 1064 1275 1097 pr.
1323 1055 1378 1084 Sic
1407 1051 1486 1082 deb,
1513 1050 1577 1083 Li...

80 1118 241 1150 musaque
262 1106 416 1137 lucus—
432 1105 539 1143 ulva,
564 1102 657 1147 quod
678 1103 871 1135 imitatione
892 1112 1089 1146 expressum
1111 1106 1233 1143 putare
1255 1098 1369 1142 possis
1393 1110 1412 1130 a
1438 1098 1576 1129 Lucano

81 1154 112 1185 in
136 1160 219 1185 uoto
238 1152 316 1183 illo:
342 1150 461 1183 Exsul
477 1150 603 1181 limosa
624 1150 768 1181 Marius
788 1157 897 1194 caput
916 1147 1054 1180 abdidit
1078 1146 1164 1178 ulva
1178 1172 1186 1185 ,
1212 1146 1252 1184 11,
1275 1145 1332 1178 70.
1428 1144 1494 1177 136
1518 1143 1576 1175 di-

81 1201 166 1232 licui
187 1200 322 1241 Menag.
342 1197 401 1229 alt.
429 1197 533 1228 daret
555 1196 675 1237 fragm.
698 1196 822 1227 Moret.
850 1197 882 1228 si
897 1194 1003 1240 sorte
1023 1193 1166 1225 tulisset
1189 1191 1279 1223 alter
1304 1190 1446 1229 Hamb.,
1472 1188 1576 1221 solita

81 1245 271 1278 variatione
293 1244 326 1276 in
345 1243 411 1275 hoc
427 1245 552 1279 verbo3
577 1241 641 1272 nisi
663 1249 784 1285 putes.-
809 1243 842 1273 si
858 1240 947 1286 sata
966 1239 1150 1272 tulissent.
1198 1240 1341 1270 Sensum
1361 1235 1577 1268 commodum

81 1291 193 1324 versui
215 1289 345 1323 subieci
363 1287 639 1331 interpunctione
660 1295 811 1319 mutata:
846 1294 882 1318 ut
900 1286 964 1326 sit,
989 1286 1073 1318 dum
1089 1283 1171 1316 vela
1194 1283 1398 1322 dedissent,
1424 1282 1457 1314 si
1472 1280 1578 1326 force

81 1339 223 1370 darent.
272 1335 386 1379 Vulgo
411 1334 594 1378 legebatur
611 1333 723 1366 ieiune
749 1340 783 1365 et
802 1332 1037 1371 incommode3
1063 1331 1147 1362 dum
1170 1330 1252 1362 vela
1263 1329 1407 1367 darent,
1432 1326 1578 1373 siforte

81 1384 277 1416 dedissent.
327 1381 435 1413 Multa
456 1387 658 1423 argutantur
676 1380 812 1412 Servius
832 1386 866 1410 et
888 1380 1061 1415 Donatus3
1095 1376 1200 1416 nihil,
1236 1374 1329 1419 qnod
1357 1374 1400 1406 ad
1424 1385 1497 1406 rem
1519 1374 1576 1405 sa—

81 1430 157 1462 ciat.
209 1431 327 1472 ltaque
349 1427 515 1459 malebam
537 1426 725 1470 suspicari,
748 1438 883 1458 versum
904 1424 1165 1468 imperfectum:
1199 1422 1358 1461 Delicui,
1389 1420 1473 1452 ‹lum
1498 1419 1578 1452 vela

83 1477 234 1511 durent,
259 1475 300 1507 ab
327 1474 438 1505 aliena
457 1484 557 1504 manu
577 1472 666 1504 male
686 1484 760 1504 esse
778 1471 988 1515 suppletum.
1037 1470 1182 1514 (Mutata
1210 1467 1253 1499 ab
1285 1465 1421 1510 Heynio
1451 1466 1577 1498 distin-

82 1522 198 1555 ctione
221 1521 255 1552 id
280 1520 447 1559 eflicitur,
486 1526 522 1550 ut
545 1530 702 1550 numeros
731 1519 918 1551 habeamus
943 1528 1012 1549 nou
1040 1515 1124 1548 satis
1156 1513 1344 1557 elegantes.
1392 1512 1460 1544 Sed
1490 1512 1578 1543 bene

83 1568 186 1600 habet
208 1566 353 1612 pristina
376 1565 631 1608 interpunctio,
664 1565 768 1596 modo
789 1563 1062 1603 meminerimus,
1096 1559 1347 1593 coniunctivum
1373 1558 1577 1602 plusquam-

83 1613 229 1659 perfecti
247 1625 314 1645 non
338 1612 370 1644 in
391 1611 504 1643 vincta
526 1611 634 1642 solum
649 1637 656 1649 ‚
684 1612 745 1642 sed
765 1610 868 1643 etiam
894 1609 1005 1642 soluta
1039 1607 1196 1640 oratione
1237 1616 1301 1648 pro
1330 1605 1445 1636 futuro
1481 1604 1577 1648 peri-

83 1659 258 1705 phrastico
283 1659 383 1704 poni,
410 1664 444 1689 et
464 1659 496 1690 si
506 1656 612 1702 sorte
635 1657 821 1689 dedissent
839 1668 914 1688 esse
933 1656 955 1688 i.
978 1667 1010 1699 q.
1029 1654 1068 1687 si
1086 1654 1128 1685 fo
1143 1660 1210 1684 rte
1232 1651 1386 1684 daturi
1409 1657 1577 1682 essent.

81 1707 137 1739 Sic
155 1718 257 1750 supra
283 1717 331 1737 vs,
349 1706 425 1740 94.:
452 1711 517 1744 „et
539 1715 592 1735 me
606 1729 615 1744 ,
639 1704 712 1735 fors
733 1703 761 1735 si
784 1715 849 1747 qna
876 1701 1094 1740 tulisset,
1119 1697 1263 1731 Promisi
1279 1697 1478 1736 ultorem;“
1505 1697 1526 1729 i.
1548 1709 1578 1730 e.

83 1753 198 1795 siqua
219 1752 290 1783 sors
310 1751 409 1783 latu
425 1762 469 1782 ra
497 1756 634 1781 esset.
660 1750 716 1791 111,
736 1750 832 1785 652:
868 1747 979 1791 „huic
1004 1758 1079 1788 me,
1111 1755 1346 1790 quaecumque
1376 1743 1578 1783 fuisset,

82 1797 258 1835 A‹ldixi;“
284 1798 305 1829 i.
324 1808 352 1828 e.
378 1797 509 1828 foret.
531 1797 594 1835 IX,
617 1794 694 1829 [kl-t
720 1795 932 1836 „discedens
954 1798 1255 1838 praeceperat—:
1289 1790 1317 1822 si
1348 1801 1414 1834 qua
1442 1789 1578 1822 interea

84 1846 223 1877 fortuna
253 1843 397 1875 fuisse
411 1849 444 1881 t,
486 1842 538 1873 Ne
576 1848 710 1873 struere
738 1842 906 1873 auderent
932 1841 1038 1872 aciem
1052 1842 1091 1878 ;“
1129 1838 1151 1870 ἱ.
1181 1849 1210 1870 e.
1242 1837 1287 1869 su
1302 1844 1342 1868 tu
1357 1848 1401 1868 ra
1439 1848 1483 1867 es
1497 1842 1577 1868 set.

83 1891 180 1924 Adde
205 1891 264 1931 vl,
289 1891 366 1924 880.
394 1889 455 1927 lx,
480 1886 559 1922 704.
584 1887 657 1920 Liv.
680 1889 866 1927 XXXHH,
892 1888 944 1921 6.:
982 1885 1064 1927 „Cui
1089 1896 1157 1917 non
1177 1889 1342 1928 apparet,
1372 1882 1524 1926 inopiam
1543 1888 1579 1913 et

83 1936 251 1970 miseriam
273 1935 475 1968 civitatis—
490 1953 532 1959 -——
546 1934 642 1966 istam
661 1934 773 1977 legem
792 1933 990 1977 scripsisse,
1024 1930 1154 1964 tamdiu
1178 1940 1389 1967 mansuram,
1419 1928 1579 1972 quamdiu

85 1995 184 2015 causa
220 1981 422 2014 scribendae
457 1980 543 2023 legis
585 1980 754 2012 mansis
768 1980 860 2013 set'?
875 1983 896 1998 “
953 1981 1028 2011 Nec
1069 1977 1213 2009 alterum
1252 1975 1505 2008 hemistichium
1536 1975 1578 2006 ab

84 2029 194 2061 aliena
215 2040 314 2059 manu
334 2035 502 2065 assutum3
527 2038 602 2058 nam
624 2027 765 2071 placatis
781 2027 914 2058 demum
927 2025 1076 2057 humano
1099 2022 1262 2066 sanguine
1283 2021 1348 2053 diis
1371 2021 1445 2053 vela
1464 2020 1579 2053 daturi

86 2082 180 2109 erant
202 2073 342 2111 Graeci3
370 2073 519 2105 dubitari
540 2072 644 2117 igitur
661 2080 822 2118 poterat,
848 2078 1032 2117 postquam
1051 2070 1156 2102 Sinon
1176 2070 1256 2112 suga
1282 2080 1318 2100 se
1349 2068 1579 2106 subtraxerat,

86 2122 167 2166 quid
191 2120 241 2152 illi
263 2119 386 2152 facturi
408 2126 540 2158 essent;
566 2119 647 2151 hinc
666 2118 811 2165 siforte
828 2120 902 2151 sere
923 2117 946 2150 i.
965 2130 997 2162 q.
1019 2118 1049 2149 si
1068 2116 1181 2149 nihilo
1195 2123 1311 2147 tamen
1331 2116 1458 2146 minus.
1484 2115 1578 2155 lVr.)

862 2237 898 2261 v.
936 2223 1037 2260 infra
1063 2221 1154 2261 156.
1215 2218 1315 2256 Ante
1342 2231 1449 2256 aram
1483 2231 1578 2255 vero

860 2280 984 2317 soluta
1007 2278 1138 2315 stabat
1162 2275 1301 2312 hostia.
1355 2275 1479 2313 Multa
1498 2274 1536 2312 h.
1552 2275 1579 2315 l.

146 2228 238 2266 131.
269 2225 460 2262 Conversa
482 2224 601 2260 tulere
616 2239 627 2266 ‚·
661 2224 805 2273 exqui-

85 2284 155 2320 site
169 2296 240 2333 pro
261 2289 538 2318 converterunt.
596 2282 686 2320 133.
710 2281 805 2317 Sal-

85 2355 153 2376 me
165 2340 309 2389 fruges
324 2368 332 2382 ,
368 2337 468 2373 mola
491 2336 608 2383 salsa,
634 2336 671 2373 h.
692 2349 722 2373 e.
745 2338 805 2374 sar

86 2402 234 2434 tostum
260 2400 469 2432 contusum
496 2393 573 2429 sale
605 2393 804 2444 adsperso,

88 2452 327 2505 (Romanuin
345 2464 493 2489 morem
516 2449 579 2487 hic
608 2449 659 2487 ad
680 2452 804 2488 Grae-

88 2523 172 2546 cam
194 2508 471 2547 caerimoniam
486 2507 691 2545 transferri
706 2507 805 2546 vidit

89 2567 196 2604 Voss.
231 2566 279 2602 ad
318 2565 396 2602 licl.
435 2563 542 2610 VIII,
584 2567 649 2605 82.
685 2563 801 2615 ll'r.)

89 2619 276 2670 Σπονόάς
313 2617 343 2660 τ’
379 2617 599 2670 οὐλοχύτας
634 2635 673 2660 τε
715 2618 803 2672 μάλ’

88 2679 314 2730 ἐσσυμένως
363 2674 570 2724 ὑπαλύξας
629 2678 804 2724 Quintus

88 2736 170 2776 Cal.
193 2736 280 2784 ΧΠ,
301 2734 393 2777 375.
456 2734 533 2774 134
551 2746 607 2783 sq.
628 2732 803 2772 Vincula

88 2807 168 2831 non
211 2798 306 2831 aunt
343 2790 489 2837 vittae,
534 2790 622 2838 aed,
661 2792 804 2840 quibus

88 2850 229 2900 ligatus
250 2846 508 2893 servabatur,
546 2852 586 2885 et
615 2846 665 2886 ad
696 2862 804 2886 aram

86 2906 378 2951 adducebatur,
416 2903 490 2941 otei
515 2903 591 2941 iam
621 2904 804 2946 vittatus.

862 2341 1097 2386 argutantur
1119 2335 1230 2371 Serv.
1255 2338 1293 2368 et
1314 2332 1452 2369 Cerda.

921 2396 1011 2434 137.
1043 2389 1253 2441 Sequentia
1271 2390 1417 2440 egregie
1439 2388 1488 2426 ad
1504 2390 1579 2426 mi-

861 2450 1095 2487 serationem
1117 2447 1220 2484 ficta.
1279 2446 1322 2483 In
1346 2446 1489 2496 quibus
1515 2459 1579 2484 re-

860 2508 1031 2558 spexisse
1069 2504 1195 2544 videri
1235 2509 1364 2554 potest
1404 2503 1510 2540 iliad.
1550 2518 1580 2549 ε,

861 2563 956 2604 408.
999 2563 1094 2603 409.
1142 2562 1321 2611 patriam
1356 2563 1580 2611 antiquam,

861 2621 1079 2671 pristinam.
1103 2617 1200 2656 nihil
1220 2617 1399 2668 amplius
1438 2617 1580 2654 Omni-

861 2678 934 2716 bus
967 2676 1137 2723 colonis,
1180 2674 1402 2721 exsulibus,
1448 2680 1580 2711 trans-

862 2734 959 2785 fugis
973 2735 1082 2785 prior
1101 2731 1226 2783 patria
1240 2738 1297 2768 est
1315 2733 1481 2781 antiqua
1498 2745 1582 2780 pa-

862 2794 950 2830 tria.
971 2792 1018 2829 cs,
1037 2789 1176 2827 Cerda.
1243 2787 1301 2825 Ob
1321 2796 1453 2824 nostra
1475 2787 1580 2839 effit-

860 2850 934 2897 gz'a
950 2878 959 2896 ,
982 2847 1135 2899 plenius
1155 2858 1274 2896 quam
1294 2844 1414 2881 exile:
1445 2844 1495 2881 ob
1517 2845 1581 2881 su-

862 2918 949 2955 gam
971 2918 1096 2943 meam
1111 2925 1159 2933 -
1166 2901 1340 2953 piabunt
1355 2930 1365 2949 ,
1398 2900 1438 2939 h.
1456 2913 1487 2938 e.
1507 2913 1581 2938 ex-
