1811 3388
499 219 622 265 AD
695 219 1127 270 LIBRUM
1196 225 1278 273 IV
1540 237 1639 281 719

139 352 245 384 stum
282 345 477 396 respicere
515 345 615 384 vult.
691 344 813 392 Quod
855 345 1046 393 Quinctil.
1088 349 1196 398 vm,
1229 354 1275 399 3,
1308 355 1360 393 73
1397 352 1497 392 circa
1538 356 1642 397 hanc

138 402 473 454 comparationem
521 408 679 450 monet,
722 415 743 438 a
785 404 962 453 poeticae
1000 405 1161 444 visionis
1201 409 1315 458 genio
1360 410 1531 451 alienum
1570 422 1639 454 est.

137 459 263 496 ,Debet
300 461 403 496 enim
418 489 428 506 ,
483 460 591 509 quod
626 459 890 497 illustrandae
927 463 1092 500 allerias·
1128 466 1187 501 rei
1220 468 1362 516 gralia
1402 474 1635 521 assumitur,

134 519 267 566 ipsum
296 530 377 552 esse
406 516 556 553 clarius
584 531 652 564 eo,
686 517 794 567 quod
821 518 1037 557 illuminat.
1108 521 1239 570 Quare
1269 538 1365 560 sane
1387 529 1519 574 poetis
1546 531 1639 580 qui-

132 574 221 609 dem
244 575 526 623 permutamus
556 574 791 611 huiusmodi
819 578 1035 626 exempla:
1086 577 1227 625 Qualis
1257 580 1325 618 ubi
1359 580 1566 623 hibernam
1597 587 1637 625 L.

135 631 233 666 Non
279 631 385 667 istem
433 630 582 668 decebit
629 639 844 679 oratorem,
899 642 942 669 ul
982 636 1145 672 oct-ullis
1197 646 1338 687 aperta
1387 640 1633 681 demonstret.

131 687 369 735 Enimvero,
421 688 471 725 ad
512 689 709 738 poeticam
757 689 976 739 rationem,
1028 690 1262 742 phantasma
1302 695 1401 733 illud
1444 697 1637 749 Apollinis

134 744 269 781 Delum
311 744 493 783 adeuntis
534 752 592 782 est
630 746 735 783 inter
766 747 944 795 notiora,
985 754 1021 785 et
1052 763 1165 801 saepe
1207 752 1246 788 in
1279 751 1439 803 hymnis
1474 757 1636 807 aliisque

131 802 370 839 carminibus
407 803 673 852 frequentata.
749 804 846 840 Tela
888 814 1031 842 sonant
1069 807 1242 846 summo-As
1284 810 1364 847 vim
1407 812 1635 853 adiunctam

131 872 210 896 non
243 858 402 908 habent,
433 873 532 910 quae
563 867 648 898 erat
679 860 719 896 in
751 860 859 898 lliad.
892 878 927 910 α,
961 862 1027 911 46,
1058 866 1257 914 pertinere
1291 873 1418 906 tamen
1451 871 1502 908 ad
1533 886 1633 910 con-

131 916 294 954 citatum
339 922 378 954 et
417 917 580 955 cele1em
619 918 840 968 ingressum
884 919 1077 958 videntur
1114 931 1280 975 propter
1322 939 1359 962 v.
1405 926 1483 968 149
1521 929 1636 967 haud

129 974 198 1010 illo
228 976 388 1023 segnior
416 974 499 1011 ibat
527 975 699 1011 Aeneas.
763 975 828 1012 Sic
859 975 907 1012 de
949 977 1167 1027 pyrrhicha
1199 982 1444 1020 Amazonum
1477 985 1628 1028 Callim.

128 1031 168 1068 in
199 1030 312 1068 Dian.
346 1030 428 1072 247
460 1028 689 1083 ἐπεψόφεον
721 1031 765 1072 δὲ
795 1030 1002 1086 φάρετραι.

499 1331 1080 1392 EXCURSUS
1142 1339 1241 1394 III

396 1433 504 1476 De
591 1434 1357 1495 Famaespeole.

239 1537 302 1586 IV,
334 1541 411 1580 173
444 1552 525 1589 sqq.
558 1541 692 1576 I'ama
732 1541 911 1588 malum,
954 1557 1032 1592 qno
1071 1558 1147 1580 non
1186 1546 1306 1583 αἰιίιιί
1340 1549 1513 1587 velocius
1555 1553 1622 1588 ul-

123 1595 206 1631 lam
236 1600 309 1633 etc.
368 1596 495 1633 Etiam
527 1596 742 1647 episodium
774 1596 852 1634 hcc
882 1597 930 1635 de
960 1599 1100 1648 Fama,
1142 1613 1239 1650 nec,
1288 1604 1318 1640 si
1350 1605 1473 1654 absit,
1516 1607 1621 1645 desi-

123 1651 273 1700 derari,
315 1658 353 1690 et
397 1653 481 1690 aliis
519 1653 615 1690 locis
647 1667 767 1703 aeque
806 1667 904 1705 pene
940 1656 1139 1708 interponi
1178 1673 1292 1709 posse
1332 1664 1531 1702 statuebat
1562 1665 1620 1703 lll.

121 1708 299 1746 Homius.
343 1709 527 1754 ,Videtur
567 1716 699 1748 tamen
731 1711 873 1748 Famae
903 1711 941 1749 h.
973 1713 998 1751 l.
1029 1716 1281 1753 memorabile
1320 1731 1400 1756 esse
1439 1734 1619 1759 momen-

120 1771 207 1803 tum
242 1766 292 1804 ad
321 1779 455 1804 rerum
486 1774 672 1806 eventum
694 1768 988 1808 luctuosiorem.
1051 1772 1257 1811 Excitatus
1288 1776 1391 1813 enirn
1417 1790 1460 1814 ea
1488 1779 1619 1817 [arbas

120 1822 254 1860 lovem
283 1824 465 1875 precibus
487 1832 640 1873 movet,
672 1831 716 1862 ut
747 1826 916 1862 Aeneam
940 1827 1002 1864 ille
1027 1829 1263 1881 Carthagine
1285 1840 1434 1871 evocet.
1479 1836 1618 1875 Paullo

119 1879 292 1931 longius,
323 1895 441 1931 quam
470 1896 543 1933 par
573 1888 671 1932 erat,
708 1889 866 1933 poetam
897 1882 991 1921 huic
1023 1886 1108 1923 loco
1141 1900 1221 1925 esse
1249 1888 1516 1941 immoratum,
1552 1894 1616 1931 iu-

120 1936 278 1975 dicabat
308 1938 535 1976 Addisonus
574 1953 663 1977 cum
696 1940 792 1978 aliis.
858 1941 902 1977 In
946 1940 1005 1978 his
1050 1949 1179 1981 tamen
1210 1946 1386 1984 taedium
1419 1949 1488 1986 vix
1519 1951 1616 1988 sub-

120 1994 270 2042 oritur,
311 1996 385 2033 nisi
424 1996 567 2034 talibus
609 1996 936 2048 descriptionibus
968 1999 1081 2037 nimis
1110 2015 1246 2053 saepe,
1288 2010 1327 2041 et
1357 2005 1481 2043 alieno
1513 2008 1614 2057 loco,

117 2051 335 2090 inculcatis.
395 2053 511 2090 Poeta
550 2067 644 2090 vero
678 2068 756 2090 non
797 2054 839 2090 in
869 2055 994 2105 specie
1024 2057 1166 2095 Famae
1197 2060 1434 2098 declaranda
1474 2064 1524 2101 ad
1555 2065 1614 2101 sa-

118 2108 279 2145 sudium
310 2122 433 2158 usque
464 2110 660 2158 substitit,
703 2111 771 2147 scd
812 2117 850 2148 et
880 2114 983 2149 sacta
1015 2114 1095 2151 eius
1127 2122 1166 2152 et
1195 2130 1323 2154 mores
1354 2125 1393 2156 et
1423 2120 1611 2170 originem

119 2166 319 2203 narrando
367 2166 640 2217 descriptionis
683 2168 856 2205 taedium
897 2172 1144 2220 temperavit,
1204 2174 1425 2212 Fatendum
1465 2182 1611 2227 tamen,

118 2234 197 2258 esse
227 2222 321 2270 alia,
371 2236 469 2272 quae
499 2224 695 2261 subtiliori
725 2225 871 2262 iudicio
903 2227 970 2263 vix
1003 2228 1097 2264 satis
1138 2242 1176 2265 se
1217 2231 1409 2281 probent,
1456 2248 1476 2269 a
1515 2235 1611 2273 viris

118 2278 243 2316 doctis
274 2293 355 2317 non
396 2281 681 2319 animadversa.
741 2282 871 2319 Primo
912 2297 948 2320 v.
985 2287 1061 2326 176
1101 2286 1200 2322 male
1232 2287 1510 2339 interpositum
1552 2299 1610 2331 est

115 2344 244 2384 melu,
295 2339 402 2386 quod
435 2351 454 2373 a
486 2338 605 2375 Fama
648 2338 688 2375 iu
723 2338 836 2376 deam
867 2346 1018 2376 mutata
1060 2356 1131 2378 nos
1170 2352 1332 2383 revocat
1372 2348 1422 2384 ad
1453 2349 1609 2387 abstra-

116 2399 243 2441 ctum,
284 2394 391 2443 quod
434 2395 620 2443 dicimus,
661 2396 711 2432 ad
750 2396 878 2447 ipsum
909 2411 1128 2447 rumorem5
1167 2400 1335 2440 debebat
1373 2417 1453 2441 esse
1484 2420 1608 2456 parva

115 2450 240 2500 primo
273 2458 406 2500 motu,
437 2466 578 2500 cursu,
611 2454 759 2490 volatu.
820 2454 897 2490 Nec
929 2455 1143 2493 verborum
1174 2459 1323 2508 positus
1345 2461 1530 2511 admittit,
1564 2470 1608 2502 ut

113 2515 218 2544 melu
248 2508 298 2545 sit
329 2508 379 2546 ad
410 2516 580 2558 metum,
611 2516 656 2547 ut
688 2517 837 2547 metum
868 2511 1026 2549 injiciat.
1086 2513 1130 2550 Iu
1164 2528 1201 2552 v.
1237 2518 1314 2557 180
1338 2519 1508 2567 pedibus
1540 2536 1606 2558 ce—

113 2564 230 2600 lerem
260 2574 294 2601 et
322 2567 544 2614 pernicibus·
576 2568 652 2604 alis
684 2568 807 2604 otiose
851 2569 1026 2619 apposita
1058 2576 1171 2619 sunt,
1220 2572 1286 2610 illo
1316 2575 1474 2624 quidem
1506 2578 1605 2626 loco,

114 2627 153 2657 et
181 2623 348 2659 resecari
379 2623 587 2661 debebant.
647 2625 820 2662 Tandem
855 2626 903 2662 ad
928 2627 1105 2677 speciem,
1142 2642 1258 2677 quam
1291 2638 1419 2669 mente
1450 2634 1605 2672 animo—

113 2690 188 2726 que
221 2679 291 2716 tibi
321 2680 487 2718 reddere
519 2687 556 2718 et
587 2681 771 2719 exhibere
802 2683 945 2733 possis,
986 2684 1047 2720 illa
1080 2686 1238 2733 quidem
1270 2695 1362 2725 sunt
1391 2692 1603 2740 praeclara,

113 2746 192 2771 esse
223 2743 444 2775 monstrum
483 2738 624 2789 plumis
665 2740 864 2789 oculisque
905 2741 1121 2789 consitum3
1159 2749 1198 2779 at
1238 2745 1412 2794 linguis,
1456 2748 1599 2797 oribus,

111 2790 371 2842 auribusque,
415 2801 498 2832 toto
531 2809 697 2846 corpore
730 2799 934 2833 inductum
965 2799 1165 2846 quomodo
1197 2800 1295 2838 illud
1336 2815 1415 2840 esse
1457 2806 1600 2855 possit:

110 2855 164 2883 lot
193 2848 378 2897 linguae,
409 2853 569 2888 tolidem,
599 2867 666 2888 ονα
699 2862 838 2889 sonant
854 2883 862 2899 ,
898 2862 951 2889 loc
979 2854 1146 2903 κιών-ιρι]
1176 2872 1315 2894 aures:
1350 2859 1425 2897 hoc
1446 2862 1514 2898 vix
1537 2876 1600 2898 as-

110 2906 295 2954 sequaris.
355 2906 468 2954 Quae
512 2909 552 2945 iu
591 2910 778 2946 extremis
816 2910 940 2960 posita
983 2918 1094 2948 sunt:
1144 2915 1245 2950 'l'mn
1270 2915 1368 2960 steti
1403 2921 1601 2970 pravique
