1779 3420
103 231 207 282 974
426 228 480 276 Ρ.
520 223 884 277 VIRGILII
921 220 1301 273 MARONIS

102 356 384 406 Proximus
409 352 496 403 ille
520 355 740 414 ProcaS‚
780 350 1044 400 Troianae
1066 348 1232 414 gloria
1255 347 1443 413 geum,

102 428 171 477 Et
198 427 392 492 CapyS‚
433 433 485 473 et
507 423 784 483 Numitor,
825 430 878 470 et
909 421 998 486 qui
1023 429 1076 469 te
1102 419 1326 468 nomine
1352 415 1549 467 reddet

108 495 299 546 Silvius
319 500 554 556 Aeneas,
589 492 790 559 pariter
812 492 1010 557 pietate
1030 490 1117 539 vel
1144 489 1303 538 armis

104 566 362 632 Egregius
386 605 399 629 ,
439 565 480 613 si
531 579 792 629 umquam
841 559 1176 624 regnandam
1231 557 1505 625 adceperit
1552 554 1644 605 Al-

901 630 1042 680 bam.
1540 631 1644 678 770

109 705 216 768 Qui
238 705 480 754 iuvenes!
517 710 739 769 quantas
760 708 1059 759 ostentant,
1095 697 1337 765 adspice,
1383 698 1546 749 vires!

108 780 285 842 Atque
308 774 558 824 umbrata
581 780 777 837 gerunt
807 770 941 820 civili
962 779 1212 836 tempora
1237 785 1469 836 quercu:

181 874 301 920 771.
340 881 565 917 IUVENES
591 881 676 925 QU.
786 871 902 918 772.
935 867 1036 926 AT,
1075 879 1168 922 QUI
1278 876 1506 925 omnmo,

202 1010 273 1045 767
299 1010 446 1042 Procax
470 1007 607 1053 aliquot
644 1007 738 1052 apud
764 1008 964 1048 Burmann„
1001 1004 1157 1038 indocte.
1213 1004 1329 1038 Etiam
1355 1005 1476 1037 Proca
1509 1002 1649 1048 legitur.

110 1058 178 1093 768
205 1056 339 1090 reddat
364 1057 465 1089 Rom.
492 1067 547 1100 pr.
573 1057 702 1089 Moret.
729 1061 765 1087 et
790 1066 843 1099 pr.
872 1053 996 1086 Hamb.
1092 1053 1162 1087 769
1183 1053 1314 1085 Versus
1341 1050 1376 1084 in
1401 1052 1516 1085 altero
1544 1053 1648 1084 Men-

110 1104 186 1138 telii
211 1117 231 1137 a
255 1116 309 1149 pr.
334 1115 379 1136 m.
405 1103 544 1136 aberat:
585 1110 622 1135 et
659 1114 734 1135 cum
771 1114 875 1147 supra
902 1113 933 1134 v.
960 1100 1032 1134 403
1060 1098 1155 1132 idem
1181 1100 1256 1132 fere
1284 1105 1469 1133 occurrat:
1510 1100 1647 1133 Troius

110 1157 259 1187 Aeneas
284 1152 424 1197 pietate
448 1152 609 1197 insignis
634 1158 669 1183 ec
695 1152 827 1190 armis,
854 1147 1028 1192 suspicari
1054 1146 1208 1192 aliquem
1234 1158 1339 1191 posse
1365 1147 1416 1179 ait
1442 1148 1570 1189 Burm.,
1606 1157 1649 1179 an

111 1200 170 1233 hic
196 1211 317 1232 versus
345 1199 379 1231 h.
406 1198 430 1232 l.
457 1199 499 1231 ab
536 1198 650 1231 aliena
684 1210 784 1230 mann
811 1195 1021 1234 accesserit3
1071 1201 1107 1227 et
1142 1194 1237 1227 salvo
1272 1205 1374 1226 sensu
1409 1206 1487 1227 eum
1523 1195 1649 1227 abesse

111 1258 230 1291 posse.
279 1245 369 1278 Mihi
395 1246 518 1278 abesse
544 1257 614 1278 non
640 1257 746 1290 posse
771 1244 931 1280 videtum
969 1253 1135 1286 quorsum
1171 1242 1263 1274 enim
1288 1243 1477 1287 Egregius
1510 1242 1649 1274 refera-

111 1294 197 1327 tur'?
242 1294 302 1326 vel
325 1293 360 1326 h.
385 1293 409 1326 l.
436 1293 695 1326 coniunctivum
722 1299 795 1333 est,
821 1298 859 1323 ut
885 1297 920 1323 et
946 1289 1046 1329 alibi,
1077 1296 1112 1322 et
1136 1301 1180 1321 ne
1205 1289 1300 1322 fraus
1327 1289 1387 1321 liat
1412 1289 1552 1329 lectori,
1575 1301 1650 1335 pa—

113 1343 207 1374 riter
231 1340 400 1373 additum.
453 1341 664 1384 (Numquam
701 1340 763 1372 vel
797 1346 850 1371 est
887 1337 1168 1377 coniunctivum3
1204 1336 1273 1369 hoc
1301 1336 1386 1369 dicit
1410 1343 1541 1380 poeta:
1577 1336 1651 1369 sive

113 1388 296 1434 pietatem,
322 1387 396 1420 sive
420 1387 667 1420 fortitudinem
693 1393 847 1431 spectas.
882 1384 976 1428 Ilva)
1038 1393 1078 1417 ut
1112 1385 1226 1417 armis
1260 1383 1369 1416 Goth.
1402 1396 1487 1426 sec„
1521 1384 1584 1416 sed
1610 1394 1652 1415 ex

113 1435 176 1469 vel
199 1447 306 1480 saepe
335 1443 375 1467 ιιι
401 1436 542 1468 sactum.
652 1435 721 1469 771
750 1434 896 1467 iuvenis
920 1432 1048 1465 Medic.
1100 1439 1289 1465 ostentent
1313 1432 1402 1465 Ven.
1454 1431 1653 1464 ostendant

113 1482 311 1516 Priscianus
347 1482 372 1516 l.
398 1484 531 1515 XVIII.
559 1489 595 1515 et
620 1481 756 1515 Zulich.
783 1493 801 1514 a
828 1493 872 1513 m.
900 1492 954 1524 pr.
1004 1479 1228 1524 Interpungit
1255 1478 1477 1512 Wakefield:
1504 1480 1575 1521 Qui
1590 1480 1652 1510 iu-

115 1532 252 1564 venes!
284 1538 446 1575 quantas
473 1550 516 1554 —-
544 1532 665 1563 vires!
715 1528 912 1572 (probatur
950 1527 1039 1560 haec
1074 1525 1280 1567 distinctio,
1322 1525 1429 1570 longe
1460 1525 1652 1565 venustior,

118 1578 229 1610 etiam
254 1577 402 1617 Iahnio3
429 1590 467 1610 ac
492 1589 536 1610 ne
562 1576 733 1609 cuncteris
760 1575 807 1608 ita
832 1575 1103 1617 interpungere,
1130 1573 1357 1617 distinguitur
1380 1573 1485 1606 etiam
1511 1573 1547 1606 in
1573 1573 1653 1605 Me-

117 1623 222 1658 diceo
252 1631 337 1669 post
361 1626 519 1657 iuvenis.
550 1626 647 1665 lVr.)
745 1625 816 1658 772
841 1623 1043 1666 Legebatur
1076 1624 1199 1666 Atque
1231 1619 1400 1653 umbrata
1432 1628 1571 1666 gerant
1599 1621 1653 1653 ci-

117 1672 184 1706 vili
209 1681 377 1718 tempora
404 1684 552 1716 querca.
603 1673 656 1704 Hi
679 1670 745 1704 tibi
768 1671 816 1704 JV.
867 1671 917 1702 Ita
943 1669 1013 1702 hoc
1038 1680 1140 1702 versu
1175 1667 1264 1700 nihil
1300 1674 1423 1711 potest
1459 1680 1535 1701 esse
1560 1667 1654 1700 ieiu-

118 1719 210 1752 nius.
259 1720 376 1763 Atqai
399 1718 502 1751 Aldd.
532 1731 599 1764 pin,
632 1725 803 1751 mutatum
839 1717 873 1749 in
899 1716 1004 1749 tertia
1037 1729 1056 1748 a
1082 1715 1262 1760 Naugerio
1296 1715 1331 1747 in
1356 1718 1491 1760 Atque.
1540 1715 1657 1760 Atqui

119 1765 214 1798 inter
239 1766 343 1798 codd.
370 1767 471 1808 Reg.‚
497 1773 531 1798 et
557 1766 607 1798 sic
632 1765 818 1809 legendum
845 1771 963 1796 monet
987 1763 1125 1796 Fabric.
1172 1766 1224 1796 At
1253 1763 1316 1808 qai
1339 1762 1482 1795 divulsis
1508 1761 1654 1807 syllabis

119 1819 207 1846 vett.
234 1812 327 1854 edd„
353 1824 438 1857 quas
465 1812 556 1846 Pier.
581 1819 617 1845 et
642 1813 755 1845 Cerda
780 1818 972 1856 sequuntur
997 1823 1074 1844 cum
1098 1811 1141 1843 D.
1168 1810 1303 1853 Heius„
1331 1816 1369 1842 ut
1394 1809 1558 1854 iungatur
1572 1821 1654 1842 ver-

178 1922 328 1962 767—
342 1921 439 1962 772.
477 1919 558 1957 Nec
579 1932 716 1958 omnes
734 1918 861 1957 Alba-

121 1991 270 2017 norum
312 1990 450 2030 reges,
494 1991 568 2016 nec
607 1978 750 2016 ordine
787 1991 860 2015 suo

121 2037 295 2086 recitat.;
327 2050 365 2076 v.
385 2037 522 2075 Auctt.
545 2037 707 2086 laudd.;
725 2036 862 2089 plures

121 2101 286 2144 tamen,
319 2108 439 2145 quam
468 2101 577 2133 recte
613 2095 700 2133 fieri
731 2101 862 2147 puteS‚

123 2154 272 2206 quippe
306 2154 500 2192 obscurae
542 2154 753 2206 plerosque
794 2158 864 2190 aut

124 2212 277 2251 nullius
318 2213 475 2261 samae3
522 2226 613 2250 cum
644 2224 863 2265 properare

126 2271 290 2309 deberet
313 2270 363 2308 ad
386 2271 515 2308 claros
533 2271 644 2309 viros
663 2271 863 2309 seriorum

125 2329 368 2381 reipublicae
390 2335 634 2380 temporum.
695 2330 750 2367 At
770 2328 864 2367 vide

126 2394 269 2440 poetae
298 2387 515 2437 iudicium,
546 2387 612 2438 qui
638 2387 721 2439 ipsa
752 2387 863 2425 anti-

127 2446 282 2496 quitate
307 2447 516 2483 nominum
535 2459 575 2483 se
599 2447 766 2484 carmini
797 2445 862 2483 di-

128 2504 321 2554 gnitatem
367 2510 407 2541 et
444 2504 686 2555 gravitatem
719 2517 863 2556 parare

127 2562 229 2599 bene
255 2561 521 2613 intelligebat3
553 2562 671 2601 altius
699 2563 740 2600 in
775 2562 865 2600 ani-

129 2633 242 2658 mum
284 2619 534 2658 descendunt
578 2627 618 2658 et
658 2621 867 2673 potentius

130 2683 299 2716 movent
351 2691 426 2727 ea,
486 2692 589 2728 quae
638 2679 868 2730 antiquiora

131 2741 242 2775 sunt.
304 2735 368 2773 Ad
403 2737 601 2787 poeticam
636 2737 719 2775 vim
748 2737 871 2788 magis

133 2800 415 2847 opportunum
442 2807 589 2831 nomen
616 2801 676 2831 est
712 2794 753 2832 in
794 2808 871 2832 no-

132 2854 224 2891 stris
255 2852 501 2891 carminibus
527 2852 719 2901 Arminii,
750 2866 871 2902 quam

132 2911 254 2950 ullius
273 2911 388 2949 fortis
409 2910 488 2950 viri
516 2910 748 2961 sequiorum
767 2916 871 2947 tem-

133 2983 281 3021 porum
293 2984 304 3020 3
335 2969 411 3008 nisi
428 2969 539 3021 quod
561 2969 666 3008 inter
685 2968 871 3021 sequiora

917 1917 1191 1956 recentissima
1212 1929 1392 1968 quaeque
1411 1917 1563 1956 animos
1579 1930 1655 1955 va-

919 1977 1109 2015 lidissime
1131 1976 1296 2014 feriunt.
1351 1978 1563 2027 proximus
1589 1988 1657 2014 er-

919 2050 981 2087 go,
1003 2036 1072 2086 qui
1093 2034 1240 2073 adstat.
1287 2033 1469 2072 Meminit
1485 2034 1654 2087 Capy08‚

921 2094 1031 2145 quod
1059 2095 1190 2146 Capys
1222 2091 1406 2130 Assaraci
1442 2093 1468 2131 s.
1500 2092 1657 2131 Aeneae

922 2153 1058 2191 fuerat
1101 2166 1213 2190 avus.
1284 2151 1424 2202 Itaque
1463 2150 1656 2189 Anchises

922 2212 1085 2250 refricat
1103 2211 1146 2249 in
1163 2209 1242 2249 hoc
1260 2216 1417 2261 gratam
1450 2210 1574 2262 patris
1595 2209 1657 2248 sui

923 2269 1171 2308 memoriam.
1251 2270 1411 2307 Procas
1454 2271 1657 2307 Troianae

919 2329 1057 2378 gloria
1075 2342 1121 2378 g.
1144 2358 1154 2376 ‚
1188 2332 1237 2365 ut
1254 2326 1432 2365 Homero
1459 2326 1560 2380 μέγα
1586 2329 1658 2366 κῦ-

923 2389 993 2435 δος
1012 2384 1199 2439 Ἀχαιῶν.
1259 2387 1356 2427 770.
1387 2388 1424 2424 si
1444 2399 1654 2437 amquam.

922 2445 1109 2483 Servavit
1126 2443 1437 2482 illustrationem
1468 2456 1519 2481 ex
1553 2443 1659 2481 anti—

924 2503 1132 2554 quioribus
1160 2503 1343 2541 Servius:
1382 2503 1553 2553 Recepit
1578 2516 1660 2539 aa·-

925 2571 1004 2599 lem
1035 2577 1062 2600 a
1097 2569 1246 2609 tutore,
1292 2562 1364 2612 qai
1393 2563 1478 2598 eius
1508 2561 1661 2597 invasit

926 2623 1143 2671 imperium
1166 2635 1177 2656 :
1221 2619 1332 2670 qaod
1369 2620 1407 2655 ei
1448 2620 1517 2655 vix
1553 2630 1660 2654 anno

929 2678 1268 2730 quinquagesimo
1315 2677 1427 2713 tertio
1473 2677 1656 2712 restituit.

930 2738 985 2773 Ec
1024 2750 1106 2773 rem
1151 2736 1322 2785 plenam.
1362 2734 1553 2771 historiae
1589 2747 1664 2784 per

929 2796 1144 2830 transitum
1174 2793 1320 2841 tetigit.
1395 2795 1492 2834 771.
1532 2800 1661 2829 osten-

929 2859 1016 2888 tant
1039 2853 1141 2888 vires
1154 2881 1164 2899 ‚
1188 2855 1284 2888 sunt
1310 2850 1388 2889 viri
1408 2850 1550 2899 fortes,
1569 2848 1665 2887 forti

930 2916 970 2947 et
987 2909 1122 2948 valido
1141 2922 1310 2961 corpore
1330 2908 1454 2947 animi
1470 2908 1666 2947 virtutem

929 2967 1162 3021 prodentes.
1222 2970 1319 3010 772.
1348 2967 1431 3016 Qui
1454 2964 1667 3005 memorati
