1779 3420
167 217 273 264 222
458 210 1066 271 EXCURSUS
1139 210 1380 260 111.1v

575 394 1153 455 EXCURSUS
1211 395 1308 454 IV

289 510 449 554 Arae
491 512 548 556 in
585 511 742 555 mari
779 526 842 554 ex
873 509 1135 553 adverso
1167 507 1581 566 Carthaginis.

289 627 319 677 1,
354 630 436 671 108
451 649 499 656 -
516 630 612 669 112.
650 628 737 667 Tris
766 627 903 664 [Vetas
922 626 1111 677 abreptas
1139 628 1182 664 in
1205 640 1310 664 saxa
1330 626 1500 665 latentia
1519 633 1697 678 torquet:

171 687 290 724 Saxa
312 694 457 724 roc-ant
478 686 604 733 Itali,
639 685 782 722 mediis
810 698 916 736 quae
938 686 981 721 in
992 683 1190 734 fluetibus
1205 714 1217 734 7
1249 698 1347 721 aras·
1362 700 1374 721 .·
1407 685 1589 722 Dorsum
1617 686 1698 722 im·-

171 759 294 782 mane
320 746 429 782 mari
458 757 629 780 summo,
700 743 789 780 Tris
822 743 957 779 Eurus
983 740 1038 779 ab
1063 742 1148 779 alto
1172 742 1224 779 In
1253 741 1389 779 brevia
1423 749 1461 779 et
1487 742 1603 792 syrtis
1629 755 1699 779 ur·-

169 810 298 855 guet‚
333 800 559 839 miserabile
582 802 688 838 visa.
753 798 838 837 Aut
865 800 989 847 Itali,
1024 799 1218 849 Romani,
1250 799 1416 837 omnino
1436 811 1702 850 quaecunque

171 873 294 910 saxa,
327 871 464 898 omnes
489 858 698 910 scopulos,
729 857 860 896 medio
890 857 933 895 in
958 858 1061 896 mari
1087 872 1184 895 aras
1217 864 1386 906 vocant,
1436 856 1701 908 quemadmo-

174 919 275 958 dum
307 932 383 955 τινα
415 929 575 955 omnem
599 915 844 968 crepidinem
878 922 918 954 et
940 916 1196 954 eminentiam
1224 916 1351 954 veteri
1378 927 1560 953 sermone
1596 914 1702 952 desi-

173 976 337 1030 gnabat.
377 975 507 1013 Notus
534 974 647 1012 locus
677 974 816 1025 Scalig.
837 973 988 1015 Auson.
1020 974 1126 1012 Lect.
1156 973 1204 1023 Il,
1241 976 1308 1015 22.
1361 971 1416 1011 At
1438 972 1493 1010 sic
1524 972 1702 1024 frigidis-

174 1036 275 1073 sima
307 1039 410 1072 esset
443 1033 586 1071 oratio.
647 1031 730 1070 Aut
763 1032 814 1070 de
842 1038 954 1070 certo
990 1032 1122 1083 aliquo
1151 1031 1239 1070 loco
1270 1031 1412 1083 agitur.
1473 1032 1597 1069 Erant
1626 1045 1703 1069 au—

174 1100 258 1132 tem
281 1106 334 1131 ex
356 1091 526 1129 adverso
547 1090 818 1142 Carthaginis,
850 1090 1035 1128 CCXXX
1056 1090 1106 1128 ab
1130 1090 1230 1128 urbe
1252 1090 1410 1136 stadiis,
1441 1089 1548 1127 inter
1575 1088 1702 1141 Apol-

174 1151 269 1189 linis
287 1157 326 1189 et
345 1149 533 1188 Mercurii
552 1149 830 1201 promontoria
851 1147 916 1201 (cs.
937 1149 1006 1188 inf.
1024 1149 1120 1187 Exc.
1139 1148 1191 1187 VI
1206 1147 1256 1185 ad
1274 1161 1311 1186 v.
1337 1145 1436 1200 159)
1458 1147 1613 1198 aliquae
1635 1147 1703 1185 in-

177 1209 289 1248 sulae
330 1221 401 1246 seu
426 1208 562 1246 verius
592 1207 767 1259 scopuli,
816 1207 972 1259 saepius
1010 1221 1084 1258 pro
1128 1219 1210 1244 una
1238 1205 1368 1244 insula
1397 1204 1545 1254 habiti,
1595 1218 1704 1243 nunc

179 1267 291 1306 Afris
323 1268 652 1315 Ζοινα-νηοονε,
690 1265 732 1303 in
760 1264 1032 1316 geographicis
1071 1263 1220 1303 tabulis
1255 1263 1441 1313 Zimlmz,
1493 1263 1635 1302 vitiose
1663 1263 1703 1300 in

180 1325 346 1364 Gallicis
372 1324 505 1372 libris,
537 1324 593 1361 les
617 1325 718 1361 Jsles
738 1325 806 1360 cles
830 1323 985 1371 lmbes,
1021 1323 1153 1372 dicta,
1191 1320 1259 1375 (de
1280 1335 1357 1372 qua
1382 1335 1421 1360 v.
1444 1321 1571 1359 Slzaw
1598 1323 1705 1359 Tra-

178 1385 265 1423 vels
297 1397 336 1436 p.
370 1380 469 1435 146)
503 1381 598 1419 olim
625 1383 870 1432 Aegimorus
898 1381 961 1420 vel
992 1381 1241 1432 Aegimams
1278 1379 1420 1418 insula.
1473 1379 1572 1417 Plin.
1601 1379 1648 1427 V,
1679 1381 1705 1420 7

184 1443 333 1480 Contra
369 1439 632 1490 Carllzaginis
662 1442 797 1477 sinum
823 1440 929 1477 duae
960 1440 1173 1490 Aegimori
1201 1439 1314 1476 Arae
1330 1467 1340 1486 ,
1382 1438 1538 1489 scopuli
1573 1438 1706 1474 verius

180 1515 310 1553 quam
345 1499 525 1545 insulae,
578 1499 681 1535 inter
707 1499 892 1535 Siciliam
920 1501 1097 1535 maxime
1128 1507 1165 1534 et
1203 1496 1450 1534 Sardiniam.
1493 1494 1707 1547 (Compara

180 1559 269 1598 Liv.
287 1557 422 1605 XXX,
454 1554 541 1609 24.)
601 1560 795 1594 Auctores
819 1563 934 1603 svnt,
969 1564 1005 1592 ee
1030 1555 1108 1593 llas
1139 1554 1344 1607 quondam
1372 1553 1582 1591 habitatas
1612 1551 1707 1590 sub—

181 1615 331 1654 sedisse
343 1630 358 1663 5
394 1620 442 1653 ut
468 1613 568 1651 adeo
592 1614 666 1652 sub
689 1614 790 1651 mari
811 1614 982 1651 laterent
1012 1611 1134 1666 (saxa
1153 1614 1350 1663 malignis
1368 1611 1571 1649 submersa
1589 1611 1707 1649 vadis

181 1674 342 1712 Statius
373 1673 525 1711 diceret
544 1672 561 1709 1
580 1671 705 1710 Theb.
735 1674 850 1722 373).
910 1671 1039 1710 Varro
1070 1670 1181 1722 apud
1201 1672 1313 1708 Serv.
1335 1668 1385 1707 ad
1411 1669 1453 1707 h.
1473 1669 1499 1707 l.
1529 1676 1711 1707 verentur

183 1735 227 1770 in
258 1733 415 1784 pelago
448 1731 636 1768 latentem
673 1731 874 1777 insulam,
935 1743 1054 1782 quem
1092 1730 1225 1766 locum
1258 1735 1403 1765 vocant
1444 1727 1568 1764 Aras.
1633 1726 1707 1763 Eas

184 1791 423 1842 *Neptunias
452 1788 571 1826 fuisse
598 1793 762 1826 vocatas
788 1787 894 1825 idem
917 1787 1081 1825 Servius
1100 1800 1120 1824 e
1140 1785 1307 1824 Claudio
1337 1784 1604 1837 Quadrigario
1631 1783 1708 1822 do-

183 1854 270 1898 cet,
304 1853 346 1885 at
375 1847 543 1884 Sisenna
567 1848 768 1897 propitias
796 1846 1076 1897 appellaverat.
1134 1845 1216 1883 Iam
1242 1845 1351 1882 Arae
1379 1849 1551 1896 possunt
1577 1842 1709 1880 dietae

183 1905 346 1952 videri,
377 1904 470 1956 quia
505 1904 658 1956 scopuli
693 1910 789 1942 sunt
817 1917 938 1956 super
969 1917 1112 1953 aquam
1146 1902 1375 1940 eminentes.
1436 1900 1492 1940 At
1523 1900 1707 1939 Servius:

187 1963 370 2017 quodibi
389 1963 487 2014 Asri
515 1970 551 1999 ei
582 1963 765 2000 Romani
781 1962 934 2012 foedus
966 1963 1138 1999 inierunt
1158 1969 1194 1998 et
1213 1959 1325 2008 fines
1358 1961 1519 2010 imperii
1535 1961 1601 1996 sui
1620 1959 1709 1996 illic

186 2037 271 2060 esse
305 2021 528 2059 voluerant.
591 2019 777 2058 Inducias
809 2019 971 2070 quidem
1004 2019 1046 2056 in
1074 2032 1119 2056 ea
1150 2018 1281 2056 insula
1317 2023 1460 2069 ruptas
1489 2016 1562 2054 sub
1589 2015 1709 2054 finem

187 2080 283 2120 belli
312 2079 453 2117 Punici
483 2078 650 2116 secundi
679 2077 815 2116 Livius
842 2077 867 2116 l.
898 2078 923 2116 l.
951 2082 1171 2127 memorat3
1202 2089 1285 2114 non
1312 2088 1450 2127 pacem
1473 2074 1529 2112 ibi
1549 2075 1709 2113 saetam.

189 2139 242 2178 Et
265 2137 365 2176 fines
397 2135 551 2188 imperii
579 2137 621 2174 in
657 2136 764 2188 pacis
802 2135 1104 2174 conditionibus
1136 2133 1246 2187 apud
1277 2133 1414 2186 Polyb.
1444 2133 1510 2182 HI,
1541 2135 1596 2174 22
1626 2146 1709 2182 sqq.

189 2197 309 2235 aliter
341 2195 660 2233 constituuntur.
719 2193 821 2241 Sed,
863 2194 933 2244 qui
966 2194 1086 2232 istum
1114 2192 1315 2231 Servianis
1356 2191 1491 2229 adsuit
1520 2203 1710 2242 pannum,

194 2256 371 2305 Aegates
399 2253 570 2299 insulas,
607 2252 795 2304 Lilybaeo
827 2252 979 2290 Siciliae
1015 2251 1240 2303 opposita5‚
1278 2249 1330 2287 ad
1360 2263 1459 2300 quas
1493 2248 1591 2288 victi
1617 2261 1639 2284 a
1669 2248 1711 2285 C.

191 2311 352 2351 Lutatio
369 2311 510 2349 Catulo
536 2310 656 2347 Poeni
678 2310 780 2348 bello
807 2310 958 2348 Punico
977 2310 1109 2362 primo
1129 2309 1249 2347 finem
1270 2308 1464 2356 fecerunt,
1483 2320 1575 2344 cum
1594 2305 1712 2356 Aegi-

193 2384 311 2408 muro
331 2369 527 2409 consudit.
587 2368 710 2416 Quod
732 2376 771 2405 et
795 2382 816 2405 a
834 2367 1054 2419 Pomponio
1078 2367 1226 2405 Sabino
1258 2367 1408 2404 sactum
1436 2364 1566 2403 video.
1624 2363 1712 2401 Alia

194 2428 336 2466 lacinia
364 2427 406 2464 in
436 2427 638 2464 Servianis
665 2426 805 2474 docet,
841 2426 881 2463 in
913 2425 975 2463 his
1002 2426 1133 2473 saxis,
1174 2437 1275 2475 quae
1302 2424 1456 2462 insulae
1486 2422 1713 2460 submersae

193 2487 290 2525 olim
318 2485 509 2534 reliquiae
543 2490 693 2533 essent,
735 2484 964 2522 Poenorum
994 2482 1223 2521 sacerdotes
1254 2495 1341 2521 rem
1376 2481 1557 2520 divinam
1585 2480 1713 2518 facere

194 2543 346 2583 solitos.

311 2600 517 2638 Hactenus
538 2597 587 2636 de
617 2599 726 2637 vocis
753 2613 852 2636 arae
873 2597 1218 2650 interpretatione.
1258 2610 1369 2635 nunc
1397 2596 1445 2634 de
1467 2601 1556 2633 toto
1580 2607 1714 2642 versu,

195 2673 315 2711 quem
332 2657 462 2695 solent
480 2656 646 2694 laudare
670 2657 777 2694 docti
804 2657 901 2705 viri,
943 2662 1148 2706 tamquam
1173 2655 1403 2702 doctrinae,
1435 2665 1537 2703 quae
1556 2652 1598 2690 in
1617 2664 1715 2703 poe-

195 2725 238 2757 ta
260 2718 358 2765 fuit,
390 2720 683 2765 argumentum.
744 2715 864 2751 Recte
892 2713 1066 2764 quidem.
1126 2713 1203 2750 Sed
1233 2712 1322 2762 quis
1350 2717 1508 2762 poetam
1537 2710 1640 2748 ferat
1673 2709 1713 2746 in

196 2774 330 2814 medio
360 2786 495 2811 rerum
531 2779 666 2820 aestu,
706 2786 797 2809 Cum
828 2772 960 2809 omnia
991 2777 1226 2822 tempestate
1251 2783 1392 2820 magna
1421 2769 1585 2807 turbata
1608 2772 1715 2814 sunt,

195 2847 291 2872 cum
312 2831 446 2870 omnia
468 2836 639 2867 mortem
660 2830 890 2878 intentant,
929 2829 1231 2880 graunnaticam
1254 2828 1429 2877 aliquam
1453 2825 1716 2864 subtilitatem

197 2890 436 2930 alienissimo
469 2888 557 2926 loco
584 2888 911 2925 interserentem'?
957 2888 1129 2926 Sensisse
1157 2886 1232 2923 hoc
1258 2885 1384 2937 frigus
1403 2885 1482 2922 iam
1513 2884 1612 2921 alios
1637 2895 1717 2920 non

199 2948 367 2998 dubit03
416 2952 456 2985 et
491 2945 665 2984 eundem
692 2958 851 2985 sensum
877 2957 918 2983 se
943 2943 1092 2983 habere
1125 2943 1294 2997 privatis
1327 2942 1543 2994 aliquando
1575 2940 1626 2979 ad
1658 2952 1718 2977 me
