1779 3420
58 250 191 296 1030
403 236 1024 287 EXCURSUS
1097 235 1215 282 XII

55 374 183 412 Aliter
210 383 296 411 rem
315 373 547 409 tractarunt
568 367 646 406 alii.
676 380 716 406 v.
748 364 984 417 Apollodor.
1016 365 1044 412 Ι,
1076 367 1115 413 9,
1148 366 1187 413 7,
1219 363 1289 401 ubi
1305 363 1431 413 pelles
1457 364 1579 399 indu-

55 441 194 479 ratas,
244 426 400 483 βύρσας
431 426 733 481 ἐξηραμμένας,
781 439 873 461 cum
901 423 1090 461 lebetibus·
1122 435 1171 459 ex
1206 435 1327 459 curru
1372 433 1582 472 suspensas

58 504 128 543 per
147 489 277 528 solum
298 492 460 526 tractat.
521 486 691 523 Pontem
716 481 875 519 addidit
903 480 1090 518 Manilius
1118 480 1164 527 V,
1197 482 1252 521 92
1272 479 1506 517 Salmoneus
1527 502 1582 507 --

58 550 129 602 qai
161 547 321 585 caelum
351 547 533 583 imitatas
560 544 603 579 in
633 540 745 589 orbe,
793 538 991 578 Pontibus
1013 539 1237 588 impositis,
1272 540 1481 589 missisque
1506 552 1585 588 per

59 621 156 645 aera
188 605 426 658 quadrigis,
477 601 734 651 Expressisse
762 611 906 635 sonum
933 597 1077 632 mundi
1104 594 1181 632 sibi
1209 596 1345 644 visus,
1388 604 1423 632 ec
1448 598 1583 645 ipsum

59 666 327 704 Admonuisse
347 663 487 700 lovem
510 660 645 707 terris,
680 656 787 693 male
799 655 991 705 fulmina
996 654 1115 703 fingi
1134 653 1264 689 Sensit
1277 682 1287 701 ,
1329 661 1365 690 et
1385 656 1584 690 immissos·

59 726 174 775 ignes
197 736 318 772 super
336 722 423 770 ipse
454 725 644 769 sequutus
675 722 797 751 morte
820 714 960 751 lovem
982 712 1136 751 didicit.
1179 710 1293 748 Facit
1315 711 1357 748 in
1376 709 1438 747 his
1461 724 1583 749 verss.

61 780 303 820 molestiam:
337 779 380 814 in
400 775 501 824 orbe,
533 774 644 825 quod
665 773 820 810 dictum
841 784 923 808 esse
954 770 1073 808 debet
1093 783 1167 820 pro
1187 769 1229 806 in
1252 769 1349 807 orbe
1368 776 1584 817 terrarum,

61 841 102 878 in
119 839 250 878 terris.
310 835 391 874 Nec
420 833 543 884 magis
564 834 718 885 placet,
761 832 804 868 in
838 829 932 866 arbe
959 843 1066 867 nova
1091 828 1313 866 Salmonea.
1374 828 1498 866 Forte
1520 842 1586 864 or—

62 898 149 935 bem
181 895 286 933 dixit
312 893 361 932 de
387 891 574 930 machina
604 902 740 937 aerea,
773 902 894 939 quam
922 887 1121 925 Diodorus
1145 892 1365 932 memorat,
1406 886 1448 923 in
1481 886 1587 923 orbis

62 955 230 993 modum
260 953 380 997 sacta,
413 964 492 1002 qua
512 963 584 1002 per
612 961 773 987 aereum
807 952 972 998 pontem
1002 950 1131 983 tracta
1156 945 1291 996 fragor
1321 945 1417 982 caeli
1438 944 1587 982 redde-

62 1015 194 1052 batur.
254 1011 315 1048 Ita
346 1011 451 1049 sorte
484 1014 588 1046 esset
619 1006 707 1045 orbe
736 1005 928 1057 pontibus
964 1006 1164 1055 impos-ilo.
1237 1003 1360 1040 Faces
1401 1003 1589 1040 ardentes

63 1072 185 1110 etiam
213 1069 361 1121 Hygin.
391 1068 417 1107 l.
447 1081 480 1105 0.
508 1071 717 1112 memorat,
750 1078 853 1116 quas
886 1064 928 1100 in
946 1064 1147 1113 populum
1168 1063 1359 1111 mitteret,
1404 1070 1439 1099 ec
1465 1064 1585 1098 cives.

64 1130 128 1169 An
150 1128 322 1167 excidit:
354 1134 390 1164 et
416 1128 522 1164 cives
543 1124 728 1163 terreret?
772 1121 909 1160 Iacobs
935 1121 976 1158 in
999 1120 1297 1159 Animadversa
1322 1134 1359 1171 p.
1382 1122 1464 1161 203
1488 1120 1589 1158 coni.

66 1192 108 1227 ιή
132 1188 306 1235 caelum,
345 1191 385 1223 et
403 1198 513 1223 nunc
531 1185 575 1222 in
597 1184 822 1221 comment.
843 1180 884 1217 in
907 1179 1122 1229 Antbolog.
1140 1178 1226 1218 Vol.
1252 1178 1298 1216 11.
1319 1179 1359 1216 P.
1375 1178 1419 1216 11.
1441 1181 1589 1229 p.311.

66 1250 109 1285 in
121 1247 289 1297 polum.-
339 1243 391 1281 ad
412 1242 533 1281 Tullii
560 1241 718 1280 Gemini
740 1240 982 1291 epigramma
1009 1238 1049 1275 in
1070 1237 1270 1274 Salmonei
1297 1236 1506 1288 imaginem
1528 1236 1593 1288 pi-

67 1312 173 1343 ctam
206 1303 373 1343 fulmine
415 1315 655 1354 percussam.
725 1297 916 1350 Agnoscis
949 1296 1162 1335 luxurians
1189 1300 1400 1346 poetarum
1438 1301 1593 1333 veteres

68 1363 221 1402 fabulas
251 1361 484 1400 ornantium
522 1359 739 1412 ingenium.
815 1356 940 1393 Aliter
983 1361 1155 1392 ornatur
1184 1354 1319 1391 sabula
1357 1354 1464 1405 apud
1498 1355 1593 1390 Ser-

68 1422 180 1461 vium
200 1421 251 1459 ad
284 1419 325 1458 11.
355 1419 381 1458 l.
443 1418 560 1456 Adde
596 1416 759 1456 Diodor.
783 1414 826 1453 in
844 1415 942 1454 Exc.
963 1413 1064 1452 Virt.
1086 1427 1126 1464 p.
1149 1411 1246 1453 546.
1308 1412 1484 1449 Accessit
1501 1418 1595 1449 tan-

71 1481 161 1519 dem
186 1485 225 1517 et
243 1478 365 1527 illud,
407 1478 551 1516 urbem
575 1476 829 1514 Salinoneam
859 1473 908 1510 ab
938 1485 984 1510 eo
1004 1472 1209 1510 conditam
1240 1470 1407 1508 fulmine
1443 1470 1597 1508 confla-

70 1551 202 1591 grasse
233 1537 343 1589 apud
366 1535 550 1588 Apollod.
582 1536 609 1573 1.
637 1548 670 1572 c.
703 1539 744 1570 et
776 1532 868 1570 Not.
899 1545 938 1583 p,
971 1529 1065 1572 146.
1124 1529 1308 1566 Notabile
1340 1535 1473 1567 tamen
1506 1528 1596 1578 1100,

72 1596 182 1648 quod
200 1595 387 1647 Virgilius
407 1594 548 1632 maluit
569 1593 827 1631 Salmoneum
848 1589 1037 1635 laudare,
1071 1602 1192 1638 quam
1215 1588 1443 1636 Remulum,
1475 1587 1599 1624 Alba-

72 1669 220 1694 norum
242 1667 395 1704 regem,
435 1653 573 1691 similis
604 1649 822 1702 impietatis
850 1662 978 1686 reum.
1010 1660 1049 1685 v.
1086 1646 1225 1684 Victor
1256 1646 1304 1685 Ο.
1333 1646 1380 1685 G.
1410 1647 1458 1684 R.
1482 1648 1532 1687 18
1562 1650 1600 1682 et

73 1714 128 1752 ibi
157 1713 251 1752 Not.
281 1712 444 1763 Dionys.
475 1711 505 1758 Ι,
535 1714 603 1752 71.
663 1708 823 1746 Scilicet
862 1705 1104 1744 obscurioris
1128 1703 1195 1741 hie
1221 1710 1307 1741 erat
1332 1704 1523 1753 nominis,
1561 1710 1601 1741 et

75 1778 193 1823 poeta
220 1770 376 1808 fabulas
417 1769 558 1806 melius
587 1766 730 1805 laudat
760 1779 780 1802 e
809 1766 962 1802 Graeca
993 1763 1257 1813 antiquitate,
1290 1775 1412 1812 quam
1446 1775 1495 1800 ex
1513 1763 1599 1799 Ro-

77 1842 217 1867 mana:
250 1829 397 1879 quippe
424 1839 526 1876 quae
558 1838 632 1864 nec
660 1836 799 1876 parem
828 1822 1114 1862 auctoritatem
1135 1833 1210 1857 neo
1235 1821 1402 1871 gratiam
1426 1826 1497 1858 aut
1527 1833 1600 1859 ve—

77 1892 283 1926 nustatem
301 1885 466 1924 habent.

198 2004 386 2041 Ceterum
407 2000 554 2040 divinis
572 1999 818 2048 honoribus,
851 2011 951 2048 quos
968 1996 1281 2049 imperatoribus
1304 1993 1496 2033 adulandi
1514 1999 1603 2031 stu-

82 2065 194 2103 dium
216 2062 383 2109 detulit,
425 2060 650 2098 obtrectare
677 2057 740 2096 his
759 2057 940 2096 versibus
969 2062 1129 2108 poetam
1162 2057 1245 2092 sine
1269 2053 1388 2091 dubio
1416 2066 1603 2103 pronun-

80 2123 161 2161 tiat
180 2122 252 2159 [os.
278 2120 511 2159 Wartonus.
572 2117 780 2155 Infinitum
801 2122 921 2164 esset,
953 2115 986 2152 si
1007 2114 1152 2152 similes
1180 2113 1453 2164 Interpretum
1483 2124 1604 2161 argu-

80 2181 156 2219 tias
178 2191 414 2217 enumerare
434 2177 578 2216 vellem
600 2188 755 2222 omnes,
784 2173 920 2224 itaque
940 2172 1260 2224 praetermittere
1281 2171 1605 2222 plerumqueaeso-

82 2240 157 2277 leo.
217 2237 317 2285 Sed,
349 2237 382 2274 si
401 2235 520 2273 semel
542 2234 594 2272 ad
613 2234 714 2272 haec
735 2231 976 2271 descendere
999 2231 1097 2269 velis
1114 2260 1124 2279 ,
1158 2243 1239 2267 non
1260 2234 1338 2266 tam
1362 2227 1462 2275 hoc,
1495 2225 1605 2276 quod

85 2312 107 2334 a
125 2295 304 2335 Maronis
337 2300 467 2332 aetate
494 2292 628 2331 adhuc
656 2292 829 2330 alienum
859 2296 968 2338 erat,
1001 2303 1121 2340 quam
1150 2288 1283 2340 potius
1312 2286 1414 2325 illud
1435 2298 1604 2322 monen—

86 2355 189 2393 dum
208 2359 313 2391 erat:
344 2353 408 2391 vel
427 2365 477 2389 ex
502 2351 582 2389 hoc
602 2351 691 2389 loco
725 2349 817 2388 satis
846 2354 1006 2400 patere,
1039 2347 1166 2385 divini
1188 2345 1355 2383 honoris
1375 2342 1607 2381 conferendi

86 2426 239 2451 morem
270 2411 371 2449 nihil
404 2423 616 2448 commune
643 2408 829 2446 habuisse
864 2420 955 2444 cum
983 2405 1238 2457 opinionibus
1270 2404 1320 2441 de
1350 2401 1486 2440 divina
1531 2414 1608 2438 na-

87 2478 201 2519 tura,
235 2469 483 2519 deorumque
505 2469 691 2517 numine,
734 2465 844 2516 quod
868 2465 989 2515 vulgo
1018 2468 1177 2515 putant.
1238 2460 1373 2499 Civilis
1403 2473 1474 2497 seu
1502 2457 1608 2510 poli-

88 2529 167 2566 tica
195 2533 282 2565 erat
313 2526 537 2574 institutio,
584 2539 676 2564 cum
701 2524 865 2562 summis
888 2523 1059 2573 aliquem
1093 2520 1317 2558 honoribus
1341 2518 1499 2555 afficere
1519 2516 1608 2554 vel-

88 2587 194 2634 lent,
225 2584 555 2636 quandoquidem
577 2584 642 2621 ille
669 2596 824 2620 summo
853 2581 960 2618 inter
980 2579 1169 2617 mortales
1191 2584 1278 2615 erat
1311 2577 1399 2615 loco
1430 2575 1607 2623 adeoque

90 2643 212 2692 nihil,
243 2642 353 2693 quod
373 2642 535 2692 quidem
554 2641 778 2679 humanum
801 2645 921 2687 esset,
961 2638 1055 2675 addi
1079 2642 1256 2689 poterat,
1296 2635 1371 2672 nisi
1396 2639 1443 2670 ut
1474 2631 1608 2669 110110-

90 2716 175 2741 rem
198 2700 319 2738 modo
353 2700 401 2736 ab
433 2699 604 2737 heroum
626 2699 768 2737 ordine
794 2697 916 2735 modo
946 2711 968 2733 a
994 2696 1163 2733 deorum
1191 2695 1278 2731 loco
1310 2697 1350 2728 et
1380 2690 1541 2728 nomine
1575 2688 1608 2725 ei

92 2765 298 2813 peterent,
329 2757 429 2796 nihil
452 2757 620 2808 amplius
645 2769 688 2792 ea
716 2770 759 2793 re
781 2754 1017 2805 quaesitum.
1079 2753 1133 2788 De
1152 2751 1271 2788 huius
1290 2748 1412 2799 igitur
1431 2747 1609 2793 honoris,

93 2820 161 2869 qui
182 2818 296 2856 nobis
317 2816 417 2854 adeo
438 2815 613 2853 insolens
640 2813 804 2852 videtur
835 2824 940 2860 esse,
977 2810 1017 2847 vi
1042 2816 1082 2846 et
1103 2808 1328 2859 significatu
1357 2820 1473 2844 nenio
1498 2805 1611 2843 facile

95 2877 279 2915 dubitare
305 2881 375 2913 aut
398 2872 694 2925 philosophicas
722 2877 762 2908 et
780 2868 1022 2919 theologicas
1053 2867 1235 2905 notiones
1267 2879 1359 2903 Cum
1390 2877 1435 2902 eo
1457 2863 1612 2901 honore

95 2934 333 2984 coniungere
364 2932 508 2984 potuit.
567 2930 693 2967 Iidem
724 2929 803 2976 illi,
845 2927 914 2977 qui
941 2926 1116 2964 honores
1146 2924 1305 2962 divinos
1340 2923 1494 2973 magnis
1516 2921 1613 2958 viris

98 2992 158 3031 vel
182 2991 413 3043 potentibus
436 2988 689 3037 deferebant,
722 2990 975 3038 agnoverunt
993 2984 1238 3036 impietatem
1261 2983 1301 3020 in
1320 2994 1387 3028 eo,
1430 2979 1497 3030 qui
1527 2978 1613 3016 Iovi

1772 1292 1779 1351 ξ
