1827 3436
581 252 1311 316 ADLIBRUMI
1609 286 1709 334 257

185 375 229 413 ln
256 388 379 415 versu
405 383 541 417 autem
571 379 654 422 502
693 395 786 421 cum
816 385 995 426 Homero
1031 397 1200 431 certasse
1232 396 1364 436 videri
1393 407 1544 451 potest:
1597 410 1708 449 cuius

182 433 333 487 γέγηθε
366 433 412 475 δέ
440 451 482 476 τε
513 437 646 490 φρένα
671 440 799 493 Λητώ
830 445 1033 485 reddidit:
1074 450 1263 491 Latonae
1297 458 1465 497 tac-ilum
1485 473 1708 512 pertentant

176 492 341 542 gaudia
356 502 529 543 pectus;
573 498 685 548 quod
714 500 819 539 enim
846 503 1047 544 Homerus
1076 506 1118 546 in
1141 511 1273 550 medio
1303 514 1590 570 collocaverat,
1625 525 1706 576 ipse

179 549 223 587 in
255 548 336 587 fine
359 551 542 592 subiecit.
603 556 673 594 Est
705 559 826 598 etiam
850 560 993 603 hocin
1023 566 1195 606 artificio
1218 582 1455 623 magnorum
1485 586 1704 633 poetarum,

177 613 226 645 ut
254 607 297 645 in
322 608 403 647 fine
435 615 751 664 comparationis
782 619 975 660 adiiciant
1003 623 1241 666 adiunctum
1268 631 1332 669 vel
1359 633 1510 673 sactum
1530 637 1703 691 aliquod,

177 665 287 716 quod
316 666 427 705 illam
473 672 702 724 notionem,
761 677 813 715 ad
843 692 964 730 quam
990 681 1273 726 illustrandam
1327 695 1415 728 tota
1462 700 1702 748 comparatio

175 729 262 761 erat
299 724 511 778 instituta,
562 730 746 783 inprimis
786 736 920 776 animo
959 739 1158 781 audientis
1185 745 1326 798 infigit.
1386 748 1570 791 Feliciter
1601 756 1702 796 illud

172 781 382 822 interdum
411 786 460 823 ab
492 788 665 828 aliorum
698 805 816 832 sensu
845 802 885 834 et
912 798 1099 849 opinione
1129 801 1317 855 ducitur,
1350 813 1419 846 aut
1447 823 1469 846 a
1494 812 1553 861 vi,
1583 827 1701 864 quam

171 852 236 878 res
267 841 319 879 ad
351 856 493 883 eorum
522 847 676 887 animos
700 858 740 889 et
759 853 924 893 affectus
946 855 1079 897 habet.
1140 860 1199 898 Ita
1218 861 1258 901 h.
1281 863 1307 902 l.
1328 867 1533 917 praeclara
1553 870 1700 912 Dianae

170 899 321 950 species
348 902 516 942 mirifice
554 905 785 948 declaratur
816 912 993 952 Latonae
1028 918 1169 956 matris
1198 933 1335 971 sensu,
1384 938 1485 976 quae
1515 928 1547 966 si
1575 930 1699 969 mira-

169 957 280 995 tione
314 958 417 997 filiae
447 962 581 1001 defixa
615 966 713 1016 suit,
768 971 865 1019 quid
903 972 951 1010 de
982 974 1153 1014 aliorum
1185 977 1335 1019 iudicio
1370 986 1698 1036 expectabimus?

167 1015 359 1055 Lalonae
397 1024 568 1060 lac-itam
589 1034 821 1074 perlenlant
843 1032 1009 1079 gaudia
1028 1043 1202 1084 pec-las;
1232 1040 1410 1079 exsultat
1435 1044 1558 1083 tacite
1588 1053 1626 1084 et
1653 1048 1695 1086 in

167 1072 260 1112 sinu
288 1077 461 1128 gaudet,
509 1082 789 1123 animadversa
834 1085 911 1126 hac
942 1089 1045 1129 filiae
1076 1106 1170 1131 suae
1213 1095 1350 1136 divina
1385 1100 1535 1140 formae
1569 1106 1694 1144 maie-

165 1137 281 1172 state.
352 1135 486 1187 Atque
519 1138 597 1178 hoc
639 1141 759 1181 decus
790 1144 977 1198 Virgilius
1017 1150 1091 1188 sibi
1133 1154 1328 1194 conflavit
1359 1169 1409 1196 ex
1444 1159 1535 1211 illo,
1583 1165 1692 1214 quod

163 1196 313 1230 temere
340 1193 449 1233 inter
470 1203 602 1236 cetera
625 1200 827 1241 adiectum
849 1214 1077 1257 repererat:
1107 1209 1257 1264 γέγηθε
1279 1212 1325 1254 δέ
1342 1213 1382 1256 τὲ
1402 1217 1534 1271 φρένα
1552 1222 1688 1274 Λητώ.

164 1249 280 1289 Conf.
307 1251 574 1295 imitationem
609 1258 748 1298 Claud.
778 1261 826 1300 R.
849 1263 889 1301 P.
919 1264 967 1313 Π,
1005 1269 1059 1308 69
1085 1281 1141 1318 sq.
1201 1270 1247 1308 In
1275 1271 1372 1311 illis:
1417 1278 1689 1332 gradiemqae

161 1308 260 1345 cleas
285 1316 548 1361 supereminet
580 1330 740 1366 omnes,
775 1321 894 1359 multi
924 1331 1132 1364 certarunt
1166 1340 1257 1366 cum
1278 1329 1453 1382 Virgilio,
1495 1337 1646 1375 Statius
1673 1340 1687 1377 1

160 1366 257 1405 Silv.
288 1370 326 1415 2,
364 1371 445 1412 115
471 1373 648 1423 Latias,
682 1379 838 1427 metire,
879 1381 982 1432 qaid
1001 1384 1107 1422 ultra
1130 1386 1322 1426 Emineat
1348 1400 1518 1442 matres,
1553 1409 1684 1447 quan-

158 1433 245 1462 tum
264 1426 447 1466 Latonia
482 1432 705 1483 Asymplzas
771 1437 869 1487 'irgo
891 1443 1039 1489 premit
1054 1471 1065 1490 ,
1109 1453 1382 1498 quantumque
1408 1462 1562 1500 egomet
1593 1455 1683 1491 N‘e-

155 1483 292 1521 reidas
328 1494 428 1524 exto.
498 1488 701 1530 Incessum
744 1492 902 1533 Aeneae
930 1497 1048 1536 simili
1078 1501 1198 1540 modo
1229 1517 1302 1555 per
1330 1503 1525 1557 Apollinis
1550 1511 1681 1550 inces-

154 1554 244 1579 sum
279 1541 530 1585 declaratum
562 1549 786 1591 videbimus
816 1553 888 1592 inf.
918 1554 982 1604 IV,
1018 1557 1097 1599 142
1120 1573 1204 1610 sqq.
1264 1561 1382 1602 [uvat
1411 1566 1573 1607 tandem
1607 1571 1679 1608 ob-

154 1611 316 1638 servare
346 1608 386 1640 et
416 1601 515 1654 hoc,
556 1613 649 1658 post
679 1609 799 1659 alios,
844 1612 918 1650 nisi
947 1614 1145 1654 fallimur:
1183 1618 1225 1656 in
1252 1620 1381 1659 forma
1410 1622 1576 1664 Didonis
1608 1628 1680 1666 de-

152 1658 365 1696 scribenda
396 1675 476 1700 uno
511 1664 688 1715 epitheto
720 1667 882 1721 defungi
911 1680 1092 1722 poetam:
1128 1678 1375 1725 pulcerrima
1405 1682 1547 1721 Dido.-
1596 1692 1679 1725 tam

150 1729 296 1767 parum
330 1725 449 1769 poeta
503 1722 696 1763 ulteriore
732 1727 1020 1777 pulcritudinis
1070 1733 1338 1786 descriptione
1379 1737 1677 1783 immorandum

149 1774 223 1811 sibi
250 1788 333 1813 esse
369 1779 555 1830 putabat:
597 1795 670 1820 nec
704 1784 818 1823 facile
842 1790 1022 1839 corporis
1054 1791 1219 1830 formosi
1248 1794 1417 1846 speciem
1446 1812 1519 1850 per
1543 1809 1675 1853 partes

150 1831 376 1873 describere
408 1837 513 1876 ullus
536 1847 676 1891 poeta,
709 1843 740 1880 si
762 1845 884 1897 sapit,
916 1847 1127 1888 laborabit.

483 2172 1060 2238 EXCURSUS
1143 2183 1323 2240 XXI

343 2298 436 2343 De
487 2304 791 2361 antiqno
842 2307 1125 2352 Italiae
1170 2313 1462 2355 nomine.

253 2414 281 2464 I,
315 2414 476 2458 530—-
496 2419 592 2461 533.
633 2426 674 2458 et
709 2422 774 2472 HI,
812 2426 964 2466 163—
988 2427 1079 2466 166.
1126 2427 1201 2463 Est
1228 2427 1362 2475 loeus,
1421 2428 1660 2479 Hesperiam

139 2470 261 2510 Graii
279 2478 516 2525 cognomine
545 2477 684 2516 (licant
700 2503 757 2509 —
783 2482 944 2520 Oenotri
966 2484 1117 2520 coluere
1151 2486 1252 2531 1¹iri;
1286 2499 1392 2522 mmc-
1403 2485 1547 2536 sama,
1579 2491 1658 2552 nii-

134 2543 246 2567 nores
280 2533 453 2571 Italiam
482 2536 631 2573 dixisse
656 2537 771 2576 (lucis
799 2540 847 2577 cle
876 2543 1034 2578 nomine
1064 2550 1238 2591 gentem.
1312 2542 1479 2607 Nom-ina
1509 2545 1657 2608 ‘Italiae

134 2588 267 2626 omnia
289 2604 311 2627 a
334 2591 495 2631 Graecis
523 2594 677 2632 venisse
704 2596 916 2647 videntur5
955 2613 1005 2636 an
1032 2599 1140 2636 inter
1169 2599 1319 2637 incolas
1341 2607 1416 2638 toti
1446 2600 1551 2667 huic·
1570 2609 1655 2641 ter-

131 2658 270 2686 rarum
302 2652 456 2689 tractui
484 2666 633 2690 nomen
662 2667 873 2694 commune
903 2657 1153 2708 impertitum
1177 2657 1296 2695 suerit
1324 2672 1369 2696 ac
1386 2659 1514 2709 quale,
1540 2674 1653 2712 igno-

130 2705 235 2756 rari,
268 2714 340 2745 aut
361 2710 520 2759 verius,
556 2712 713 2750 nullum
737 2715 899 2752 omnino
936 2715 984 2752 ab
1014 2714 1128 2752 initio
1152 2715 1291 2764 fuisse,
1333 2722 1536 2781 putamus.
1575 2719 1652 2782 'Ita

130 2763 235 2802 enim
258 2766 340 2804 fert
356 2781 496 2806 rerum
524 2767 817 2823 hominumque
848 2773 952 2811 ratio
983 2787 1028 2810 ac
1060 2786 1165 2820 mOS,
1199 2779 1246 2811 ut
1275 2787 1438 2838 nomina
1465 2789 1545 2812 non
1572 2790 1650 2840 lm-

126 2830 335 2871 ponantur
374 2826 496 2864 rebus
532 2827 608 2865 nisi
639 2828 686 2866 iis
720 2837 791 2868 aut
823 2831 871 2868 ab
907 2831 989 2869 aliis
1021 2836 1091 2868 aut
1130 2829 1236 2868 inter
1276 2844 1316 2868 se
1357 2831 1649 2898 discerne-ndi&

126 2878 306 2932 adeoque
339 2897 414 2922 nec
443 2885 564 2923 terris
592 2900 638 2924 ac
668 2888 896 2939 regionibus
926 2889 1110 2942 imposita
1139 2889 1249 2926 suere
1276 2902 1439 2954 nomina
1471 2905 1544 2928 nlsl
1569 2890 1647 2928 ho—

123 2937 278 2977 minum
306 2943 557 2981 commerciis
588 2945 792 2995 subnatis3
824 2954 869 2985 ut
903 2954 974 2986 aut
999 2947 1248 2985 diversarum
1268 2954 1457 3011 stirpium
1487 2962 1531 2985 ac
1548 2961 1646 3011 gen-⁴

124 2994 225 3035 tium
256 2998 369 3038 sedes
401 3001 725 3053 designarentur,
759 3012 829 3043 aut
860 3012 905 3043 ut
937 3006 1091 3043 accolae
1122 3018 1167 3040 ac
1198 3004 1294 3042 fines
1328 3005 1459 3042 dirum
1491 3020 1535 3042 ac
1565 3019 1643 3055 regi

192 3066 402 3117 VIRGIL.
445 3070 589 3119 ΤΟΜ.
627 3071 690 3119 ΙΙ.
1295 3073 1362 3117 17
