1779 3420
72 248 176 296 214
458 233 1211 299 EXCURSUSH

76 372 271 422 discedit,
314 371 525 409 Iuturnam
553 367 771 415 hortatur,
804 373 850 404 ut
880 364 1016 413 fratri,
1048 374 1290 415 quacunque
1322 358 1448 412 possit
1475 357 1607 396 ratio—

76 446 149 482 ne,
184 435 399 469 succurrat
430 427 537 479 (XII,
563 426 827 475 134—160)
857 426 914 474 *),
955 422 1066 474 quod
1104 422 1174 460 illa
1203 420 1327 459 variis
1357 417 1488 456 modis
1518 417 1610 455 sru-

77 498 162 530 stra
182 491 313 529 facere
324 493 459 526 tentat
480 487 580 536 (468
602 497 687 535 sqq.
709 485 792 524 623
805 495 862 533 sq.
883 479 967 523 784
981 483 1070 532 sq.).
1101 479 1328 518 Novissimo
1352 476 1459 515 enim
1478 481 1612 513 certa-

77 550 185 589 mine
215 546 538 599 congrediuntur
568 543 733 581 Turnus
775 546 814 578 et
844 540 1008 578 Aeneas.
1068 539 1187 577 Nunc
1218 537 1393 590 Iupiter,
1424 541 1472 573 ut
1501 534 1612 573 illam

79 608 284 662 placaret,
316 608 502 643 accurate
534 615 626 640 cum
648 613 694 637 ea
717 598 819 650 agit,
850 598 1014 648 eiusque
1044 596 1231 650 precibus
1249 595 1329 633 hoc
1352 593 1522 642 tribuit,
1553 598 1612 642 ut,

80 665 354 706 Troianorum
390 661 553 701 nomine
593 657 769 705 abolito,
810 655 1050 693 Latinorum
1092 666 1240 692 nomen
1280 652 1486 701 obtineat,
1524 664 1614 689 ser-

81 711 202 764 mone
240 733 402 774 quoque
438 718 584 758 Latino
627 720 811 763 servato,
858 713 1034 752 Troiano
1075 712 1282 762 extincto,
1329 710 1525 749 oriundos
1564 722 1616 747 ex

83 783 211 822 mixta
252 781 331 819 hac
371 784 488 831 gente
532 777 734 814 Romanos
774 773 924 824 pietate
964 770 1005 809 in
1046 771 1171 823 ipsam
1213 771 1407 808 Iunonem
1441 768 1617 820 insignes

83 843 169 881 sore
209 835 508 890 (791—841).
577 833 676 871 Inde
707 831 861 883 Iupiter
902 843 1020 868 omen
1067 829 1259 867 instantis
1293 828 1434 866 Turno
1474 826 1619 865 mortis

84 898 211 939 mittit
258 896 483 935 bubonem:
533 905 615 942 quo
666 890 755 929 viso
790 888 987 938 Iuturna,
1030 887 1243 940 desperata
1293 886 1432 924 fratris
1480 886 1620 933 salute,

87 956 260 997 discedit
291 954 454 1005 (843-
475 951 590 1000 886).
640 948 683 987 Si
712 946 793 985 hoc
822 946 946 984 modo
977 959 1115 985 rerum
1147 951 1350 984 momenta
1382 943 1619 997 ponderan—
1654 986 1657 989 μ

86 1023 172 1055 tur:
204 1013 375 1053 deorum
401 1011 681 1050 interventum
710 1005 823 1044 haud
851 1004 972 1043 dubie
1001 1018 1185 1056 magnam
1214 1004 1295 1043 vim
1328 1009 1369 1041 et
1400 1003 1621 1042 utilitatem

87 1074 140 1113 ad
168 1086 232 1112 res
263 1071 375 1124 epica
405 1082 500 1108 cum
534 1066 735 1119 gravitate
762 1062 1034 1117 expediendas
1063 1063 1214 1101 habere
1250 1067 1429 1115 apparet.
1502 1062 1622 1100 Cete-

86 1146 181 1172 rum
205 1130 389 1170 videmus
414 1128 611 1167 Iunonem
640 1124 749 1162 inter
773 1129 812 1160 et
836 1122 1034 1161 Venerem
1057 1135 1197 1160 omnes
1224 1120 1298 1159 has
1328 1126 1461 1174 partes
1492 1120 1623 1173 epicas

88 1204 171 1230 esse
199 1188 452 1228 distributas.
529 1182 669 1223 Mirari
697 1182 812 1231 licet,
854 1180 1051 1233 Apollinis
1081 1186 1218 1233 partes
1250 1193 1332 1217 esse
1366 1179 1521 1228 nullas,
1553 1177 1622 1230 qui

89 1256 225 1288 tamen
259 1246 445 1286 Troianis
483 1241 593 1296 apud
623 1241 849 1280 Homerum
887 1239 1071 1287 favebat,
1113 1244 1154 1276 et
1193 1237 1367 1276 Aeneam
1405 1251 1456 1275 ex
1490 1250 1624 1289 pugna

90 1322 181 1347 cum
211 1304 400 1344 Diomede
431 1306 669 1341 servaverat
695 1300 739 1350 E,
770 1299 851 1340 431
883 1311 966 1349 sqq.
1028 1297 1179 1336 Verum
1210 1297 1325 1335 Maro
1354 1295 1549 1347 simplicia
1587 1300 1626 1332 et

90 1368 198 1404 inter
227 1378 267 1403 se
296 1376 472 1401 consona
502 1358 719 1413 praetulit,
750 1355 948 1409 Apollinis
976 1369 1139 1408 operam
1168 1354 1371 1394 vaticiniis
1406 1360 1448 1392 et
1477 1368 1626 1392 oracu-

92 1426 138 1463 lis
173 1422 378 1463 variandis
410 1419 586 1471 reliquit.
647 1416 736 1456 Alia
765 1421 963 1466 sequutus
994 1421 1055 1452 est
1082 1414 1299 1463 Horatius,
1333 1412 1402 1464 qui
1430 1412 1628 1465 Apollinis

93 1496 257 1535 operam
296 1481 338 1519 in
371 1480 498 1532 stirpe
535 1475 714 1515 Troiana
753 1473 955 1514 servanda
997 1473 1149 1525 egregie
1183 1479 1224 1511 et
1259 1477 1403 1511 ornate
1440 1470 1629 1524 exposuit

93 1543 225 1580 Carni.
255 1539 321 1589 IV,
343 1542 383 1589 6,
409 1541 460 1580 13
481 1551 537 1589 sq.

422 1808 1127 1871 EXCURsUs
1210 1808 1307 1887 1†

357 1940 437 1984 ad
489 1939 703 1984 verba:
767 1954 872 1997 quo
929 1937 1152 1980 numine
1209 1938 1375 1979 laeso.

217 2061 256 2101 8.
296 2060 429 2097 Musa
444 2089 455 2108 ,
489 2058 595 2096 milui
620 2070 791 2096 caussas
819 2070 1013 2104 memora,
1040 2069 1119 2106 qao
1148 2054 1314 2092 numine
1340 2053 1469 2102 laeso,
1498 2052 1635 2103 Quid-

102 2133 150 2156 ve
173 2118 311 2156 dolens
341 2118 487 2168 regina
516 2117 637 2154 deam
666 2123 722 2153 tot
750 2115 906 2153 volvere
936 2128 1057 2152 casas
1086 2114 1298 2163 Insignem
1310 2113 1465 2163 pietate
1489 2113 1635 2159 virum,

102 2185 159 2215 tot
198 2175 312 2214 adire
352 2175 510 2214 labores
544 2175 783 2226 Impulerit,·
834 2180 1024 2210 tantaene
1065 2172 1216 2209 animis
1254 2170 1490 2208 coelestibus
1519 2171 1603 2207 irae
1620 2169 1634 2205 !

103 2234 313 2273 Sententia
350 2239 412 2272 est
451 2233 662 2285 expedita,
710 2231 925 2269 haeremus
961 2237 1099 2268 tamen
1140 2229 1182 2267 in
1218 2228 1307 2280 ipso
1346 2227 1516 2267 exordio
1550 2233 1636 2266 tam

103 2292 306 2346 splendidi
342 2292 548 2342 carminis,
587 2297 729 2343 poetae
760 2288 1074 2341 castigatissimi,
1114 2288 1155 2325 in
1190 2287 1493 2337 enuntiatione,
1535 2298 1638 2337 quae

104 2365 179 2390 nec
210 2351 306 2390 satis
337 2351 541 2389 elaborata
572 2363 647 2389 nec
682 2347 797 2401 epica
829 2347 1030 2400 gravitate
1065 2345 1162 2384 satis
1192 2346 1312 2398 digna
1342 2358 1425 2383 esse
1458 2344 1637 2384 videtur.

105 2410 273 2448 caussas
302 2409 462 2460 quaerit
491 2415 608 2461 poeta
649 2421 669 2445 e
697 2407 832 2456 Musa,
874 2420 947 2444 cur
983 2405 1137 2443 Aeneas
1172 2411 1238 2443 to=t
1267 2404 1382 2442 malis
1419 2409 1458 2442 et
1486 2401 1639 2441 labori-

104 2468 181 2507 bus
210 2468 391 2506 obiectus
418 2468 555 2506 fuerit.
616 2468 876 2518 Repetuntur
909 2464 1021 2513 illae,
1054 2462 1307 2513 antiquitatis
1330 2462 1515 2501 heroicae
1546 2473 1640 2499 sen-

106 2540 177 2575 su,
220 2540 247 2564 a
278 2526 442 2564 deorum
472 2527 549 2564 ira.
614 2525 696 2564 Iam
726 2528 892 2576 poterat
924 2522 1063 2574 quaeri
1097 2527 1168 2560 aut
1199 2521 1384 2570 omnino,
1415 2522 1532 2559 enias
1562 2534 1640 2557 nu-

107 2586 230 2623 minis
263 2584 323 2622 ira
354 2597 400 2622 ea
433 2584 594 2632 fuisset,
638 2589 731 2632 aut,
781 2582 813 2621 si
846 2581 897 2620 de
940 2580 1105 2620 numine
1145 2579 1380 2628 constabat,
1422 2579 1523 2631 quid
1557 2577 1643 2616 eius

107 2644 210 2682 iram
242 2648 514 2695 provocasset.

227 2702 308 2741 Iam
333 2700 512 2753 primum
542 2699 727 2750 ambigua
757 2705 816 2736 est
843 2698 887 2736 in
922 2703 1042 2749 poeta
1073 2694 1224 2744 oratio,
1257 2701 1345 2733 tum
1368 2692 1555 2732 laborare
1577 2692 1642 2731 vi-

111 2760 235 2799 detur
269 2759 481 2808 iunctura,
513 2771 615 2809 quae
651 2762 709 2794 est
746 2755 969 2794 admodum
999 2753 1168 2793 molesta
1200 2759 1242 2791 et
1276 2753 1443 2804 ingrata.
1515 2751 1644 2798 Musa,

110 2832 315 2865 menwra,
359 2832 438 2869 quo
469 2817 633 2854 numine
664 2816 801 2863 laeso,
835 2828 915 2866 quo
950 2813 1026 2853 deo
1059 2813 1186 2862 laeso,
1219 2811 1391 2850 debebat
1423 2810 1556 2863 sequi:
1585 2811 1648 2847 vir

207 3001 236 3047 ’)
268 3000 323 3035 Ad
349 2998 538 3033 novissima
567 2998 653 3031 haec
679 2997 724 3030 cf.
751 2998 832 3030 Exc.
860 2997 905 3030 ad
932 2999 961 3030 11
987 2997 1029 3031 ad
1060 2996 1137 3029 Lib.
1165 2995 1244 3029 XII.
