1811 3388
506 214 628 262 AD
699 210 1135 261 LIBRUM
1207 211 1299 258 111
1567 213 1666 262 563

156 359 220 395 ea,
254 356 353 396 quae
385 341 575 379 Dodonae
603 338 935 378 monstrabantur
966 335 1234 375 Troianorum
1266 336 1452 387 donaria,
1498 337 1547 376 de
1577 340 1666 390 qui-

156 404 229 442 bus
259 401 394 440 statim
426 412 446 436 e
475 399 665 451 Dionysio
699 395 1031 435 commemorabo.

269 514 428 552 Scilicet
462 512 572 564 quod
610 512 793 563 sequitur
823 511 873 550 de
902 509 1073 561 appulsu
1103 508 1155 546 ad
1185 510 1375 559 Epirum,
1417 509 1459 547 id
1490 523 1512 547 a
1546 516 1666 562 poeta

155 574 314 613 diverso
355 572 471 624 plane
511 571 559 608 ab
594 570 677 608 aliis
720 569 842 608 modo
883 574 943 606 est
979 572 1200 605 tractatum
1233 572 1511 618 ornatumque.
1566 568 1666 606 Nam

155 631 263 684 apud
303 630 465 682 Dionys,
504 628 629 666 Halic.
669 627 707 677 I,
748 630 800 672 51
835 641 884 664 ex
912 624 1134 663 Ambracia
1171 639 1262 662 cum
1302 624 1475 662 navibus
1505 627 1666 677 quidem

154 689 351 728 Anchises
367 701 481 726 oram
506 685 673 737 legendo
690 684 936 723 Buthrotum
960 684 1081 732 Epiri
1091 689 1253 733 portum
1274 681 1390 720 subit.
1434 682 1491 720 At
1507 683 1666 720 Aeneas

155 755 191 785 et
220 761 311 785 eum
342 760 384 783 eo
413 746 619 782 lectissimi
648 744 794 795 quique
823 743 943 780 totius
974 741 1165 777 exercitus
1179 769 1190 787 ,
1224 740 1392 777 duorum
1422 739 1575 777 dierum
1595 742 1665 778 iti-

155 819 243 843 nere
268 818 345 855 per
373 812 519 841 terram
548 801 725 853 consecto
742 830 752 849 ,
803 800 1024 837 Dodonam
1053 799 1314 847 perveniunt,
1356 798 1474 835 (lenm
1504 799 1665 836 eonsul-

155 864 247 900 turi.
308 862 441 913 Atque
480 860 547 897 hie
590 861 633 897 in
682 859 876 896 Troianos
913 870 1004 894 cum
1042 855 1200 892 Heleno
1239 854 1430 895 incidunt.
1491 855 1665 906 Accepto

155 920 295 958 deinde
325 920 373 957 cle
406 919 564 956 colonia
593 916 826 954 deducenda
856 928 1056 965 responso,
1097 914 1168 950 cleo
1199 914 1305 949 dona
1343 914 1519 950 Troiana
1549 914 1663 951 diea-

155 986 270 1025 runt,
306 991 399 1014 cum
428 977 515 1014 alia
546 984 631 1012 tum
660 976 783 1011 etiam
812 980 981 1010 crateres
1011 985 1165 1019 aeneae,
1200 983 1366 1021 quorum
1383 970 1567 1008 nonnulli
1586 970 1663 1008 acl-

155 1035 234 1073 hue
258 1041 469 1085 supersunt
498 1033 636 1070 litteris
666 1031 957 1083 antiquissimis
987 1030 1168 1078 inscripti
1181 1057 1191 1076 ,
1244 1041 1348 1078 quae
1378 1028 1568 1065 donorum
1597 1028 1664 1065 cli-

156 1101 335 1131 eatorum
364 1099 543 1129 auc-tores
573 1097 767 1126 testantur
776 1103 791 1135 ,-
826 1096 862 1125 et
881 1095 1054 1139 quatuor
1069 1086 1203 1136 ferme
1233 1085 1386 1122 dierum
1415 1087 1551 1122 itinere
1567 1099 1663 1122 con-

144 1150 258 1203 secto
291 1150 350 1187 acl
377 1150 546 1187 classem
582 1146 696 1197 apud
724 1145 968 1183 Buthrotum
1005 1144 1216 1181 redierunt.
1279 1141 1397 1179 Vides
1437 1141 1522 1189 hic,
1564 1155 1665 1192 quae

156 1215 275 1261 poeta
305 1221 355 1245 ex
386 1206 569 1259 priorum
604 1210 816 1241 auctorum
847 1201 1077 1239 narratione
1118 1200 1158 1238 in
1196 1212 1313 1237 suum
1343 1212 1461 1237 usum
1492 1212 1664 1238 conver-

156 1266 270 1314 terit,
301 1271 340 1302 et
371 1265 514 1315 quibus
543 1263 626 1314 ipse
656 1274 699 1298 ea
721 1260 950 1298 variaverit.
1010 1257 1150 1296 Heleni
1170 1270 1379 1294 occursum
1406 1257 1568 1308 eiusque
1588 1271 1663 1296 va-

157 1324 337 1362 ticinium
369 1336 407 1360 v.
439 1321 522 1363 374
553 1333 637 1370 sqq.
669 1332 689 1356 a
722 1318 888 1356 Dodona
919 1316 1164 1354 Buthrotum
1199 1313 1393 1362 traduxit,
1425 1315 1664 1365 omninoque

157 1381 224 1419 hie
261 1379 538 1418 suavissimum
583 1376 800 1428 episodiun]
845 1375 893 1412 de
930 1371 1210 1412 Andromache
1248 1372 1432 1410 intexuit.
1492 1372 1663 1410 Donaria

157 1439 295 1490 templi
325 1438 429 1475 dona
468 1435 757 1473 discedentium
795 1439 876 1470 tam
908 1438 1047 1470 ornate
1086 1430 1264 1481 exposita
1296 1429 1490 1480 peperisse
1519 1429 1662 1467 viden-

160 1504 227 1535 tur
247 1511 285 1534 v.
308 1495 390 1536 464
412 1507 493 1544 sqq.
553 1492 779 1540 Quominus
821 1496 954 1528 autem
992 1489 1206 1527 Dodonaeo
1239 1487 1423 1536 oraculo,
1467 1500 1546 1538 quo
1576 1487 1663 1537 quis

160 1569 238 1592 non
281 1567 422 1605 parum
462 1550 668 1588 suavitatis
706 1555 743 1586 et
784 1547 1006 1586 ornamenti
1052 1545 1217 1584 carmini
1259 1544 1446 1582 accedere
1487 1544 1664 1595 potuisse

160 1612 379 1659 existimet,
419 1614 623 1656 uteretur,
665 1606 790 1644 simile
827 1605 875 1643 de
905 1605 1015 1642 Delio
1048 1603 1209 1642 oraculo
1250 1601 1326 1639 iam
1359 1607 1449 1638 ante
1479 1607 1664 1639 accurate

160 1675 376 1708 tractatum
410 1666 629 1719 episodium
668 1677 874 1703 revocasse
915 1663 1077 1701 videtur
1116 1666 1286 1712 poetam.
1350 1661 1540 1697 Troianos
1571 1673 1664 1696 ora-

160 1728 294 1766 culum
334 1726 390 1778 (et
429 1725 588 1775 quidem
625 1723 689 1768 id,
737 1721 846 1772 quod
885 1721 934 1758 ab
975 1719 1162 1770 Harpyiis
1200 1717 1264 1754 edi
1300 1717 1443 1754 maluit
1480 1715 1663 1767 Virgilius

161 1800 200 1826 v.
232 1785 314 1827 255
345 1784 411 1822 lib.
445 1782 497 1820 ΙΙΙ
529 1781 577 1818 de
612 1780 777 1818 ambesis
807 1776 966 1831 mensis)
999 1792 1025 1815 a
1055 1777 1277 1814 Dodonaeo
1295 1776 1391 1812 Jove
1421 1774 1538 1824 apud
1555 1775 1664 1823 Epi-

160 1858 248 1880 rum
277 1843 500 1892 accepis-se,
532 1839 659 1876 Varro
691 1850 849 1887 quoque
886 1840 1122 1873 narraverat
1161 1834 1250 1870 Rer.
1286 1831 1460 1869 Divinar.
1490 1830 1526 1868 ΙΙ
1557 1830 1664 1882 apud

162 1903 274 1938 Serv.
305 1900 356 1937 ad
385 1898 451 1946 ΙΙΙ,
481 1896 578 1938 256.
638 1893 925 1945 Adiungendus
963 1892 1009 1930 iis
1040 1892 1137 1929 alius
1167 1890 1298 1937 loeus,
1341 1889 1409 1939 qui
1446 1901 1495 1925 ex
1526 1887 1663 1925 eodem

161 1959 263 1996 libro
294 1958 327 1995 ΙΙ
357 1957 504 2009 petitus
535 1967 616 1992 esse
647 1954 785 2001 debet,
827 1950 935 2003 apud
966 1952 1077 1987 Serv.
1107 1947 1158 1986 ad
1189 1947 1251 1994 111,
1282 1945 1385 1988 349:
1427 1946 1558 1983 Mala
1578 1960 1664 1995 pu-

162 2024 270 2066 tant,
302 2016 357 2052 ait
377 2014 559 2060 Servius,
598 2012 779 2049 Aeneam
807 2009 930 2047 ‹le-ea
971 2007 1125 2045 venisse
1156 2004 1196 2057 (f.
1239 2017 1320 2041 non
1354 2000 1572 2054 devenisse)
1609 2002 1667 2039 ad

163 2075 359 2124 Epirum,
403 2080 439 2109 et
473 2070 528 2108 ibi
549 2070 650 2107 llaec
678 2069 767 2105 loca
789 2082 865 2117 per
891 2067 1095 2103 licentiam
1127 2064 1328 2112 poeticam
1365 2074 1445 2097 esse
1474 2059 1658 2107 conficta.

170 2133 299 2169 Varro
321 2132 438 2180 Epiri
465 2142 504 2165 se
515 2127 649 2177 sui-sse
680 2127 801 2174 ‹tic-ic,
842 2132 878 2161 et
910 2125 1045 2160 omnia
1075 2122 1165 2158 loca
1189 2118 1343 2156 hisdem
1372 2118 1455 2154 clici
1488 2117 1661 2153 nomini-

164 2188 261 2233 bus,
300 2202 404 2239 qliae
434 2194 557 2235 poeta
592 2189 889 2229 commemorat,
935 2194 975 2217 se
1008 2180 1165 2217 vidisse.
1237 2176 1348 2213 Idem
1380 2175 1501 2211 etiam
1531 2174 1662 2211 Varro

164 2245 322 2283 Troiam
342 2243 448 2295 Epiri
469 2242 520 2280 ab
546 2244 700 2288 Aenea,
734 2243 817 2276 sive
843 2253 868 2275 a
893 2236 1100 2275 comitibus
1128 2237 1211 2271 eius
1228 2263 1238 2281 ,
1271 2232 1484 2283 Biopatora
1505 2244 1662 2267 nuncu-

156 2311 307 2354 patam
335 2302 468 2347 docet,
503 2299 572 2337 ubi
596 2300 772 2336 Troiana
796 2297 937 2333 classis
958 2294 1139 2331 Aeneam
1164 2290 1347 2343 (Dodona
1372 2285 1659 2338 revertentem)

164 2368 410 2411 exspectasse
436 2359 638 2408 sociosque
658 2361 786 2393 castra
815 2356 856 2391 in
873 2353 1036 2390 tumulis
1059 2350 1244 2387 habuisse
1272 2353 1526 2392 memoratur,
1559 2357 1663 2395 quae

165 2432 212 2455 ex
243 2418 313 2454 illo
351 2426 520 2466 tempore
554 2413 726 2452 Troiana
762 2411 1042 2462 appellantur:
1095 2406 1197 2444 uncle
1236 2411 1429 2455 apparet,
1481 2402 1663 2438 (livinum

157 2484 324 2525 poetam
343 2474 461 2511 aliucl
478 2481 662 2523 agentem
685 2483 819 2507 verum
838 2481 991 2517 semper
1009 2466 1217 2514 attingere.
1280 2460 1441 2511 Egregia
1463 2471 1663 2510 gramma-

165 2533 236 2570 tici
261 2531 500 2570 observatio.
574 2530 669 2567 Erat
710 2526 850 2576 utique
894 2523 1002 2576 apud
1042 2521 1287 2559 Buthrotum
1323 2517 1454 2565 collis,
1503 2515 1546 2552 in
1583 2528 1662 2565 quo

167 2588 318 2627 Aeneas
338 2595 466 2627 castra
491 2587 708 2634 habuerat,
746 2584 869 2621 Troia
897 2580 1117 2633 appellatus
1140 2576 1204 2630 (ut
1221 2575 1380 2627 DionyS.
1403 2588 1463 2625 ap.
1479 2571 1661 2610 Hudson.

168 2659 217 2683 ex
235 2647 363 2685 Vatic.
384 2646 552 2684 lectione
568 2641 837 2683 restituendus
856 2653 893 2691 p.
915 2640 982 2681 40.
1003 2638 1028 2675 l.
1051 2634 1136 2689 32),
1168 2641 1208 2672 et
1231 2632 1281 2670 ad
1298 2644 1406 2670 mare
1420 2639 1559 2681 portus
1575 2629 1663 2666 An-

168 2703 302 2741 chisae
323 2705 451 2742 dictus
472 2701 615 2756 (ibid),
645 2700 772 2748 unde,
802 2711 893 2736 cum
920 2695 1115 2747 templum
1141 2690 1287 2730 Veneri
1319 2703 1364 2727 eo
1392 2699 1549 2739 quoque
1574 2686 1662 2723 loco

171 2760 439 2810 dedicassent,
469 2761 623 2799 lonium
646 2770 755 2796 mare
784 2753 1007 2801 traiiciunt,
1037 2751 1228 2790 habentes
1248 2760 1382 2785 secum
1401 2742 1662 2794 navigationis

170 2817 330 2855 comites
357 2832 402 2855 ac
429 2817 549 2856 duces
581 2830 661 2855 non
690 2826 838 2867 paucos
867 2825 917 2849 ex
944 2810 1022 2848 illis
1060 2808 1138 2846 oris
1167 2813 1207 2845 et
1237 2818 1329 2843 cum
1357 2802 1420 2840 his
1452 2802 1661 2839 Patronem

169 2872 366 2912 Thurium
390 2888 481 2913 cum
513 2874 663 2923 amicis,
695 2883 867 2923 quorum
896 2869 1046 2908 Patron
1067 2864 1226 2916 quidem
1253 2862 1304 2900 ad
1331 2858 1539 2898 Aluntium
1562 2855 1661 2894 Sici—

167 2930 241 2968 liae
261 2932 457 2980 consedit,
496 2931 660 2981 reliqui,
710 2926 893 2967 deductis
918 2925 960 2964 in
986 2923 1141 2963 Italiam
1167 2919 1302 2968 sociis,
1340 2917 1503 2956 domum
1528 2912 1661 2953 redie-

1265 2986 1386 3031 36*
