1811 3388
429 173 847 227 AENEIDOS
880 173 1025 222 ΜΒ.
1061 173 1157 235 vl,
1195 178 1487 226 231-242
1603 181 1702 228 887

194 307 451 369 Scrupea,
490 310 600 350 tuta
617 300 733 349 lacu
753 299 905 362 nigro
935 314 1334 363 nemorumque
1357 298 1614 349 tenebris:

194 377 369 436 Quam
398 387 559 436 super
591 368 735 418 haud
765 368 905 417 ullae
940 377 1191 433 poterant
1231 368 1434 432 inpune
1468 367 1703 416 volantes

193 442 445 492 Tendere
470 442 571 489 iter
593 439 809 505 pennis:
846 437 958 486 talis
985 453 1101 486 sese
1122 437 1315 486 halitus
1339 436 1461 484 atris
1603 441 1704 489 240

189 512 451 562 Faucibus
478 508 766 560 effundens
786 524 977 574 supera
999 507 1063 556 ad
1091 523 1320 556 convexa
1339 504 1559 556 ferebat.

262 599 378 647 242.
416 594 606 643 *UNDE
634 605 818 641 Locum
844 592 1004 640 GRAn
1024 604 1287 638 DIXERUNT
1317 602 1523 638 NOMINE
1560 589 1705 637 Aon-

331 668 485 713 Now*

286 781 355 815 238
383 782 544 826 Scropea
568 778 638 811 duo
666 776 801 810 indocti
838 776 974 810 librarii
1011 788 1069 820 ap.
1101 776 1215 808 Burm.
1262 775 1323 808 Est
1352 772 1591 807 Homericum:
1622 783 1707 806 παι-

192 824 396 862 παλόεσσα.
444 837 580 871 magna
616 825 699 857 lacu
732 824 833 857 Leid.
929 824 996 858 239
1030 822 1200 856 volucres
1232 819 1380 854 Dorvill.
1417 827 1451 853 et
1482 820 1591 853 Goth.
1625 824 1708 852 tert.

194 887 237 908 ex
255 874 384 919 glossa.
478 874 545 907 241
569 870 771 916 infundens
788 869 897 904 Goth.
916 876 1000 903 tert.
1049 881 1214 902 connexa
1230 868 1356 902 vitiose
1378 867 1513 901 Nonius
1532 866 1568 899 in
1585 868 1709 900 Aver-

194 934 277 956 nus.
317 919 495 967 serebant
514 918 603 952 Gud.
626 930 646 951 a
662 930 707 951 m.
726 930 779 962 pr.
874 917 945 952 242
971 918 1098 950 Totum
1127 927 1263 949 versum
1291 915 1335 948 ab
1366 914 1432 948 alia
1459 925 1561 947 manu
1591 913 1708 946 inser-

192 976 268 1001 tum
286 967 430 1001 credere
451 967 502 999 fas
526 973 597 1007 est,
630 971 726 997 certe
748 965 791 997 ab
821 965 919 1009 epiea
956 963 1093 996 ratione
1122 962 1293 1002 alienum;
1326 961 1457 994 eiectus
1487 971 1625 1005 quoque
1656 965 1709 991 est

194 1028 214 1049 a
234 1015 308 1048 viro
329 1015 458 1054 docto,
499 1012 558 1057 qui
586 1011 778 1044 editionem
809 1012 1030 1044 Parmensem
1060 1009 1205 1043 curavit.
1253 1012 1283 1043 A
1307 1008 1430 1052 fragm.
1462 1006 1579 1042 Vatic.
1606 1006 1708 1051 plane

194 1063 317 1103 abest,
343 1060 447 1093 etiam
465 1059 508 1092 ab
532 1058 629 1101 aliis,
655 1059 704 1091 sic
731 1071 750 1090 a
781 1058 887 1091 Goth.
914 1065 994 1090 tert.
1042 1058 1079 1088 In
1108 1056 1266 1089 Mediceo
1296 1055 1441 1099 aliisque
1471 1052 1710 1098 praestantio-

193 1108 291 1142 ribus
309 1120 328 1141 a
347 1106 481 1140 recenti
499 1118 601 1138 manu
625 1105 832 1150 adscriptus.
882 1104 1013 1137 Pierius
1031 1110 1147 1136 tamen
1177 1103 1212 1135 iu
1240 1102 1310 1135 suis
1339 1101 1442 1135 codd.
1472 1112 1542 1134 non
1565 1099 1710 1133 deside-

194 1156 285 1189 ravit
304 1167 440 1188 versum
455 1179 464 1194 ‚
488 1164 554 1186 nec
572 1153 607 1184 in
627 1154 783 1185 Romano
805 1152 944 1184 videtur
965 1151 1008 1184 ab
1025 1150 1092 1183 alia
1113 1148 1329 1194 adscriptus,
1355 1149 1417 1181 sed
1445 1160 1464 1181 a
1489 1147 1601 1192 prima
1633 1152 1708 1179 sta-

195 1202 259 1235 tim
283 1213 384 1235 manu
413 1200 602 1245 profectu&
650 1199 740 1232 Satis
769 1205 867 1232 vetus
890 1198 1008 1242 itaque
1037 1197 1109 1230 eius
1141 1196 1354 1236 auctoritas,
1396 1201 1435 1227 ut
1460 1195 1554 1227 forte
1581 1205 1600 1226 e
1629 1191 1710 1225 Pri-

196 1249 315 1282 seiano
355 1247 516 1292 Dionysii
551 1246 752 1290 Periegesin
780 1258 812 1279 v.
843 1244 934 1280 1149
962 1244 1087 1277 iisdem
1118 1244 1233 1277 verbis
1262 1242 1516 1286 interpretante
1545 1240 1709 1273 confictus

195 1296 257 1329 ille
275 1295 387 1328 videri
407 1294 529 1340 possit.
554 1306 585 1327 v.
605 1305 659 1338 ap.
678 1292 797 1326 Heius.
847 1293 991 1336 (Versus
1012 1291 1071 1324 hio
1091 1290 1160 1331 ita,
1185 1296 1224 1322 ut
1249 1289 1385 1330 editur,
1410 1294 1523 1320 exstat
1543 1287 1578 1319 iu
1596 1286 1707 1319 Palat.

196 1347 225 1377 A
244 1342 401 1387 pluribus
431 1341 532 1374 etiam
563 1340 683 1381 libris,
718 1352 817 1384 quam
848 1339 906 1371 hic
932 1337 1077 1370 indicati
1105 1344 1183 1369 sunt
1211 1337 1253 1369 ab
1277 1335 1435 1377 Heynio‚
1468 1335 1591 1367 abesse
1618 1333 1711 1366 huno

195 1402 356 1431 versum,
383 1388 531 1429 certius,
555 1393 661 1432 puto,
686 1392 885 1427 constaret,
913 1385 980 1417 nisi
998 1384 1055 1417 hic
1082 1384 1255 1417 turbatum
1287 1382 1416 1426 aliquid
1447 1389 1539 1414 esset
1565 1381 1599 1413 in
1627 1387 1710 1412 nota

195 1438 405 1474 Heinsiana3
447 1434 541 1479 quod
582 1433 704 1466 melius
739 1432 959 1476 intelligetur
996 1443 1038 1463 ex
1065 1431 1158 1475 ipsa:
1194 1432 1255 1471 „ln
1283 1429 1396 1472 Regio
1425 1429 1565 1468 codice,
1598 1426 1712 1471 inquit

196 1484 373 1523 Heinsius,
391 1480 538 1526 margini
559 1480 754 1525 adscriptus
776 1486 850 1512 erat
869 1479 925 1512 hic
943 1489 1061 1511 versus
1080 1490 1099 1510 a
1119 1476 1281 1510 Mediceo
1302 1483 1335 1508 et
1352 1475 1563 1507 Menteliano
1580 1473 1711 1518 priore,

196 1531 316 1577 priore
337 1530 441 1563 etiam
459 1528 689 1570 Menagiauo,
726 1526 901 1561 Vossiano
932 1525 1065 1565 altero,
1100 1524 1212 1568 primo
1247 1529 1283 1555 et
1311 1522 1463 1555 secundo
1493 1521 1712 1554 Rottendor-

197 1578 312 1623 phiis,
340 1576 452 1621 primo
475 1577 680 1616 Moretano,
705 1574 739 1606 in
769 1572 978 1618 Sprothmo,
1014 1571 1132 1616 priore
1160 1568 1395 1612 Hamburgico
1424 1574 1460 1600 et
1484 1567 1590 1601 tertio
1619 1568 1711 1599 Rot-

197 1624 414 1669 tendorphio
450 1633 554 1654 manu
584 1620 718 1653 recenti
749 1620 943 1664 adscriptus
981 1617 1145 1651 occurrit,
1203 1619 1242 1648 In
1279 1615 1405 1649 ceteris
1431 1618 1616 1647 Avernum
1646 1624 1711 1658 pro

197 1675 350 1707 Aornon
379 1668 542 1713 legitur.“
577 1676 644 1700 cet.
692 1667 824 1709 Vides,
874 1672 957 1710 post
989 1676 1121 1697 versus
1157 1662 1474 1706 interpunctionem
1515 1660 1712 1699 excidisse;

196 1726 271 1751 tum
304 1717 407 1751 facile
447 1715 514 1748 tibi
557 1714 807 1758 persuadebis,
850 1719 933 1756 post
966 1713 1162 1744 Moretano
1194 1708 1427 1742 adiiciendum
1463 1706 1571 1740 fuisse
1600 1706 1711 1739 abest.

197 1765 363 1805 Accedit,
389 1762 483 1808 quod
505 1761 652 1794 omissus
683 1769 735 1793 est
770 1760 826 1792 hic
854 1771 972 1791 versus
1003 1758 1039 1789 in
1069 1756 1276 1801 apographo
1306 1754 1456 1787 Medicei
1484 1753 1713 1797 Fogginiano,

198 1813 321 1846 addito
341 1818 458 1843 tamen
478 1809 570 1841 inter
590 1820 640 1840 vs.
661 1808 742 1842 241.
764 1813 799 1839 et
818 1807 898 1841 243.
918 1805 1034 1849 aliquo
1054 1804 1154 1847 signo
1167 1829 1176 1844 ,
1199 1814 1267 1847 quo
1300 1802 1412 1834 lector
1445 1801 1576 1833 remitti
1610 1800 1712 1833 vide—

197 1866 257 1892 tur
279 1859 323 1892 ad
342 1856 534 1900 marginem
553 1854 777 1894 inferiorem,
804 1853 863 1886 ubi
885 1852 1036 1896 aliquem
1058 1862 1194 1883 versum
1218 1850 1253 1882 in
1271 1849 1348 1882 aliis
1375 1847 1630 1891 exemplaribus
1657 1846 1713 1879 hio

197 1905 445 1951 interpositum
462 1901 630 1943 inveniri,
656 1902 792 1946 punctis
814 1899 1020 1945 quibusdam
1044 1896 1192 1930 indicari
1214 1897 1350 1929 videtur
1374 1895 1466 1927 hunc
1494 1895 1530 1927 in
1553 1894 1710 1927 modum:

541 2035 1363 2051 ···············

199 2091 309 2122 Deest
328 2088 421 2120 idem
440 2088 474 2121 2.
493 2087 526 2121 3.
545 2087 598 2126 8.;
623 2086 723 2118 deest
745 2084 841 2129 apud
860 2083 1033 2124 Nonium,
1059 2093 1100 2115 eo
1126 2081 1265 2126 quidem
1289 2079 1390 2119 loco,
1415 2089 1505 2123 quo,
1530 2077 1559 2110 si
1594 2078 1623 2110 is
1655 2077 1710 2110 le-

201 2137 312 2180 gisset
342 2134 433 2167 hunc
457 2145 614 2173 versum,
649 2131 787 2164 minime
816 2130 1087 2173 praetereundus
1124 2134 1220 2167 erat3
1254 2126 1324 2159 vid.
1354 2126 1496 2165 Heins.;
1528 2136 1592 2157 nec
1618 2124 1711 2168 apud

199 2182 356 2216 Servium
374 2186 486 2212 exstat
505 2179 611 2212 ullum
632 2179 705 2211 eius
725 2177 924 2220 vestigium3
960 2176 1061 2209 facile
1080 2182 1193 2207 autem
1222 2179 1368 2217 apparet
1399 2171 1602 2205 translatum
1634 2183 1711 2203 esso

201 2242 242 2262 ex
278 2226 438 2271 Dionysii
472 2224 650 2269 Periegesi
690 2237 739 2257 vs.
771 2224 889 2258 1151.:
925 2218 1110 2265 „zozivsnoi
1138 2232 1201 2263 μιν
1232 2217 1295 2253 καὶ
1319 2218 1442 2262 φῶτες
1468 2216 1711 2251 ἐπικλείουσιν

191 2272 394 2318 Ἀορνον.“
444 2272 622 2316 Denique,
656 2271 722 2303 nisi
753 2269 893 2313 egregie
926 2270 1052 2309 fallor,
1090 2266 1257 2311 Virgilius
1288 2266 1316 2298 ci
1345 2273 1437 2298 esset
1466 2264 1565 2296 huius
1592 2275 1710 2296 versus

200 2329 342 2362 auctor,
369 2332 410 2352 ex
431 2332 528 2352 more
545 2325 641 2351 certa
663 2317 799 2350 ratione
818 2317 895 2349 niso
914 2315 1129 2359 scripsisset:
1153 2313 1281 2355 „Unde
1311 2312 1413 2344 loco
1435 2311 1531 2344 Graii
1550 2311 1711 2343 dixerunt

200 2380 363 2402 nomen
383 2368 578 2407 Aorn011,“
606 2366 677 2397 sive
701 2366 941 2405 „Aorno;“
968 2363 1011 2395 cf.
1045 2363 1106 2394 Ge.
1132 2362 1157 2400 Ι,
1179 2361 1244 2394 137
1262 2371 1313 2402 sq.
1340 2360 1399 2400 IV,
1425 2359 1506 2392 271·
1540 2361 1624 2390 Aen.
1653 2357 1712 2398 111,

202 2418 258 2452 18.
288 2416 368 2450 693.
418 2413 493 2445 Alia
523 2419 575 2444 est
605 2423 724 2444 eorum
749 2410 907 2442 locorum
938 2409 1048 2448 ratio,
1091 2407 1150 2439 ubi
1178 2407 1212 2438 in
1241 2405 1343 2437 simili
1373 2405 1530 2438 oratione
1556 2405 1710 2445 nomine,

200 2463 257 2495 vel
275 2462 320 2494 (Ie
337 2461 497 2499 nomine,
523 2458 670 2501 legitur:
697 2458 760 2489 Ge.
782 2458 839 2497 ΙΙΙ,
856 2457 936 2490 280.
955 2459 1040 2489 Aen.
1063 2456 1088 2494 Ι,
1107 2455 1187 2488 277.
1205 2454 1285 2488 533.
1305 2453 1363 2493 ΙΙΙ,
1382 2453 1457 2487 166.
1472 2452 1551 2486 210.
1566 2453 1610 2492 V,
1629 2451 1710 2485 718.

201 2511 261 2551 VI,
282 2508 362 2543 441.
382 2507 473 2548 VIII,
491 2507 548 2541 54.
567 2506 630 2546 IX,
646 2505 744 2543 387.;
770 2514 938 2547 nusquam
959 2502 1048 2535 enim
1068 2500 1156 2533 illud
1174 2501 1319 2533 nomine
1342 2499 1392 2531 sic
1423 2498 1551 2530 nudum
1577 2510 1596 2530 a
1624 2497 1710 2532 Vir-

202 2607 363 2642 Averno
384 2600 593 2639 imminens
623 2597 734 2651 (hinc
755 2606 841 2635 tuta
859 2598 926 2635 la-
983 2605 1086 2634 tans,
1147 2594 1202 2632 De
1232 2607 1271 2632 v.
1298 2592 1383 2634 242
1410 2593 1502 2631 var.
1527 2592 1632 2629 Lect.
1661 2590 1709 2628 de

201 2660 266 2714 cu)
302 2667 342 2698 et
375 2660 449 2697 alia
476 2672 596 2709 quam
625 2669 726 2708 quae
744 2669 864 2706 supra
886 2668 925 2693 v.
984 2654 1066 2705 ipsa
1085 2666 1162 2691 rea
1180 2652 1360 2704 pluribus
1378 2657 1531 2688 actum:
1564 2663 1601 2686 v.
1620 2650 1708 2686 lau-

201 2718 257 2759 42
295 2723 515 2755 memorata
559 2720 630 2752 est.
669 2728 708 2752 v.
739 2714 834 2751 Exc.
862 2712 926 2750 ΙΙΙ.
986 2712 1099 2749 datos
1130 2710 1181 2748 ad
1217 2710 1376 2748 Vibium
1408 2711 1523 2758 Sequ.
1555 2721 1591 2757 p.
1612 2705 1707 2746 244.

202 2774 322 2828 (tuta,
345 2774 395 2812 ad
416 2787 534 2824 quam
554 2771 724 2809 difficilis
738 2784 926 2808 accessus.
985 2771 1151 2807 Sacrum
1175 2766 1326 2805 Aeneas
1345 2772 1462 2818 parat
1479 2764 1550 2802 sub
1578 2764 1706 2814 ipsum

207 2831 325 2883 Wr.)
384 2832 584 2878 volantes,
615 2829 810 2868 volucres.
864 2827 929 2865 Sic
985 2827 1198 2879 speluncae
1230 2825 1458 2876 ingressum.
1529 2821 1591 2857 Vs,
1610 2822 1704 2860 239.

201 2890 254 2929 ΙΙΙ
292 2890 434 2940 Georg.
471 2887 551 2930 147
587 2888 792 2925 Plurimus
825 2887 929 2923 νοίί-
986 2884 1276 2923 convenitcum
1294 2878 1705 2933 Apollon.1V,601sq.
