1811 3388
378 169 788 219 AENEIDOS
826 171 966 220 LIB.
1005 173 1065 233 V,
1105 176 1390 226 851--861
1547 188 1644 232 837

139 295 311 361 Vique
372 303 685 360 soporatum
736 295 932 359 Stygia,
998 312 1159 362 super
1213 306 1436 364 utraque
1492 320 1643 368 quas-

922 374 999 413 sat
1544 376 1642 425 855

138 435 434 496 Tempora3
470 433 845 499 cunctantique
875 435 1103 483 natantia
1138 434 1338 485 lumina
1372 437 1538 490 solvit.

133 501 228 550 Vix
248 502 451 566 primos
472 502 688 567 inopina
708 503 857 569 quies
879 503 1134 553 laxaverat
1158 514 1319 556 artus:

132 572 199 619 Et
222 586 383 636 super
402 571 744 635 incumbens,
783 590 904 622 cum
925 575 1119 640 puppis
1139 584 1287 640 parte
1309 575 1527 640 revolsa,

134 642 381 705 Cumque
401 640 750 704 gubernaclo,
790 642 1014 709 liquidas
1038 645 1262 709 proiecit
1289 645 1341 693 in
1363 646 1531 695 undas

131 710 507 776 Praecipitem,
553 727 610 760 ac
645 712 817 761 socios
854 713 1222 780 nequidquam
1255 732 1412 781 saepe
1445 733 1636 766 vocan-

912 791 1038 834 tem.
1536 793 1636 840 860

128 850 250 914 Ipse
281 848 462 897 volans
484 850 660 898 tenuis
681 867 736 900 se
760 852 966 901 sustulit
993 853 1099 902 ales
1122 853 1187 902 ad
1208 871 1368 906 auraS.

126 977 246 998 versus
270 964 409 998 ratione
433 965 504 1000 vid.
529 968 572 1008 Q.
598 968 642 1000 V.
668 968 748 1008 XII,
775 970 828 1004 13.
858 970 954 1012 lVr.)
995 969 1209 1003 admittebat
1236 971 1327 1004 alter
1351 973 1473 1005 Hamb.
1514 972 1580 1005 sub
1598 986 1631 1006 a.

118 1010 271 1057 serebat
303 1012 409 1045 Goth.
447 1025 515 1046 sec.
613 1014 680 1048 855
722 1017 841 1060 thue
881 1018 1027 1049 Roman.
1076 1026 1255 1062 quassant
1289 1019 1413 1051 Medic.
1449 1031 1469 1051 a
1499 1030 1544 1052 m.
1577 1031 1630 1063 pr.

125 1059 194 1093 856
223 1070 288 1103 pro
314 1061 504 1092 cunctanti
526 1061 638 1092 Burm.
665 1061 754 1093 coni.
780 1062 947 1104 luctanti,
976 1064 1037 1096 sed
1063 1063 1182 1108 quidni
1211 1071 1246 1096 et
1276 1064 1363 1098 illud
1389 1066 1477 1098 bene
1502 1064 1631 1098 dietum

125 1104 172 1137 sit
198 1113 231 1138 et
256 1105 453 1150 exquisite?
502 1109 724 1148 Cunctatur,
756 1109 815 1152 qui
852 1109 1004 1150 resistit,
1036 1122 1104 1142 non
1141 1111 1215 1143 vult
1247 1112 1393 1153 cedere,
1429 1111 1628 1152 reluctatur,

123 1164 157 1185 v.
181 1164 210 1184 c.
236 1153 299 1185 Ge.
325 1153 365 1193 ΙΙ,
391 1153 461 1187 236
485 1152 635 1199 Spissus
666 1166 773 1199 ager:
807 1155 933 1201 glebas
966 1164 1166 1189 cunctantes
1201 1170 1396 1202 crassaque
1421 1166 1526 1203 terga
1550 1161 1629 1191 Ex-

122 1207 262 1244 specta.
296 1199 388 1233 conf.
413 1199 475 1232 inf.
500 1201 559 1241 VJ,
585 1202 652 1234 211
683 1201 726 1233 de
752 1213 806 1243 eo,
832 1202 891 1246 qui
916 1203 1041 1235 sensim
1067 1204 1263 1248 sensimque
1294 1204 1501 1245 inflectitur,
1536 1204 1627 1237 invi-

122 1251 180 1277 tus
197 1251 312 1277 tamen
333 1252 368 1278 et
387 1245 578 1278 reluctans:
605 1248 684 1287 XII,
709 1248 789 1282 940.
814 1249 881 1281 Pro
903 1252 1084 1291 natantia,
1110 1251 1289 1283 lactantia
1314 1251 1458 1284 Dorvill.
1507 1251 1627 1284 Debe-

121 1291 182 1324 bat
206 1292 338 1324 saltim:
365 1294 556 1325 cunctanti
583 1293 783 1335 luctantia,
817 1295 872 1327 vel
897 1298 1069 1329 nutantia
1094 1297 1117 1330 l.
1144 1310 1172 1330 s.
1221 1301 1395 1331 nutantia
1419 1297 1526 1331 Goth.
1557 1310 1624 1331 sec.

121 1338 211 1381 (cum
230 1339 296 1372 Ms.
322 1338 429 1371 Cortii
454 1340 498 1371 ad
523 1340 651 1373 Lucan.
678 1342 719 1381 ΙΙ,
746 1342 801 1374 26.
824 1343 921 1385 lVr.)
955 1345 1147 1388 Utrumque
1172 1355 1245 1376 cum
1269 1345 1371 1377 metri
1396 1344 1494 1377 vitio.
1527 1346 1625 1377 Hae-

119 1390 176 1417 ret
199 1384 321 1417 iterum
347 1386 460 1418 Burm.
486 1386 519 1417 iu
546 1387 674 1419 solvit:
699 1386 783 1431 quid
807 1395 880 1429 est,
915 1389 1055 1422 lumina
1079 1390 1244 1423 solvere?
1279 1397 1315 1423 et
1340 1391 1497 1424 coniicit:
1535 1404 1624 1424 con—

119 1431 174 1463 dic
197 1432 253 1464 vel
277 1432 427 1465 claudit.
477 1432 547 1465 Sed
571 1432 745 1476 vigilantis
772 1435 869 1467 oculi
891 1442 971 1467 suut
995 1437 1138 1477 intenti,
1172 1436 1327 1481 inprimis
1353 1437 1386 1470 h.
1412 1438 1435 1471 l.
1460 1437 1623 1479 Palinuri,

118 1477 177 1521 qui
202 1478 236 1510 in
262 1479 394 1511 caelum
420 1479 576 1511 sublatos
603 1480 723 1512 oculos
756 1480 910 1514 habebat
944 1494 974 1515 v.
1004 1483 1081 1517 853.
1131 1482 1240 1526 Igitur
1274 1484 1410 1517 remissi
1433 1484 1502 1523 illi,
1542 1491 1578 1516 et
1602 1497 1621 1517 a

118 1536 241 1557 somno
276 1525 450 1557 allabente
484 1525 632 1558 relaxati
665 1528 762 1559 solvi
795 1528 973 1567 dicuntum
1008 1535 1045 1561 ut
1082 1529 1125 1561 (le
1159 1541 1280 1563 somno
1312 1537 1516 1575 perpetuum
1542 1531 1621 1571 hoc,

116 1571 283 1612 membra,
308 1584 453 1618 corpus,
479 1572 617 1604 lumina
642 1572 686 1605 ab
712 1586 753 1606 eo
778 1575 890 1607 solvi:
915 1575 1004 1607 unde
1034 1575 1138 1608 etiam
1162 1585 1278 1609 morte
1310 1578 1405 1610 solvi
1435 1577 1526 1610 oculi
1552 1577 1621 1609 dici

114 1623 285 1661 potuere:
312 1625 350 1650 ut
374 1618 485 1663 accipi
510 1625 652 1663 poterat
675 1618 763 1652 illud
786 1622 846 1662 IV,
870 1622 939 1655 244
964 1631 997 1654 et
1023 1623 1160 1655 lamina
1185 1632 1299 1656 morte
1326 1625 1501 1669 resignat.
1545 1624 1620 1656 Etsi

114 1663 208 1696 idem
232 1664 402 1712 alio'rem
438 1665 697 1709 contemplandi
729 1667 833 1699 modo
867 1668 1068 1709 devincire,
1103 1669 1278 1714 alligare,
1304 1682 1455 1715 corpus,
1482 1670 1619 1710 oculos,

113 1721 183 1743 non
204 1711 316 1743 minus
345 1718 441 1745 recte
467 1711 605 1744 dicitur.
701 1713 768 1747 857
794 1713 931 1746 Vitiose
958 1726 975 1746 e
1002 1716 1114 1748 Burm.
1152 1717 1205 1748 ed.
1240 1715 1422 1759 legebatur
1446 1723 1482 1748 et
1504 1716 1618 1748 inter-

111 1759 352 1801 pungebatur:
382 1759 623 1791 Vix—artus
646 1761 694 1791 Et
719 1771 830 1805 super
853 1760 1078 1802 incumbens,
1104 1775 1211 1807 quum
1235 1764 1368 1808 puppis
1387 1775 1424 1807 p.
1451 1776 1481 1796 r.
1528 1764 1617 1795 Nam

110 1806 258 1837 Somnus
284 1806 368 1837 deus
392 1804 581 1846 incumbit,
608 1813 728 1848 urget,
754 1807 901 1850 premit,
937 1807 970 1840 h.
996 1807 1019 1841 l.
1115 1809 1182 1843 858
1212 1810 1282 1842 Vix
1307 1810 1500 1841 laxaverat
1517 1828 1555 1832 —
1582 1819 1617 1842 ec

105 1852 262 1895 proiecit
287 1852 445 1895 exemplo
472 1859 505 1883 et
529 1854 738 1884 auctoritate
762 1864 830 1885 non
857 1860 968 1893 caret3
995 1855 1038 1887 cf.
1063 1855 1107 1887 ad
1131 1856 1188 1894 ΠΙ,
1213 1857 1244 1896 9,
1272 1855 1338 1887 ersi
1361 1855 1499 1887 mollius
1521 1863 1614 1889 erat:

115 1898 186 1930 Vix
219 1899 413 1930 laxaverat
452 1906 572 1930 artus:
630 1902 678 1931 Ut
699 1902 926 1945 —proiccit.
969 1901 1052 1944 (vid.
1091 1902 1133 1942 Q.
1170 1903 1212 1936 V.
1252 1902 1422 1942 XXXV,
1455 1903 1487 1936 6.
1520 1902 1613 1946 Wr.)

110 1944 179 1977 860
204 1957 289 1977 voce
316 1953 501 1977 vocantem
527 1944 638 1978 Colot.
663 1946 789 1978 Medic.
817 1953 851 1977 et
876 1948 1000 1979 Moret.
1029 1959 1117 1987 sec.;
1152 1948 1272 1980 eadem
1296 1947 1443 1980 varietas
1470 1947 1554 1980 alibi
1579 1956 1613 1981 et

109 2001 212 2034 supra
236 1991 304 2022 hoc
338 1990 416 2033 ipso
450 1990 552 2023 libro.
603 1993 685 2033 (non
720 1992 858 2024 memini
893 1993 1070 2037 equidem,
1107 2005 1174 2037 quo
1200 1994 1289 2027 loco.
1335 1994 1554 2026 Colotianum
1576 2001 1611 2027 et

108 2036 301 2069 Mediceum
330 2037 427 2069 unius
452 2037 533 2068 libri
558 2036 667 2069 instar
691 2037 871 2070 habendos
897 2052 1001 2084 saepe
1025 2040 1093 2072 iam
1119 2040 1264 2079 ‹lictum;
1291 2047 1325 2072 et
1348 2041 1475 2072 fefellit
1498 2040 1610 2073 libra-

107 2082 196 2114 rium
222 2082 382 2115 similium
407 2084 562 2116 locorum
586 2085 804 2123 recordati03
828 2086 987 2129 frequens
1014 2087 1102 2118 enim
1129 2087 1216 2118 illud
1240 2099 1327 2119 voce
1359 2099 1506 2126 vocare,
1538 2086 1607 2120 vid.

106 2129 167 2170 IV,
192 2130 271 2163 680.
306 2131 364 2170 VI,
388 2130 467 2164 247.
505 2131 584 2165 506.
628 2131 675 2169 X,
701 2132 780 2165 873.
815 2133 894 2172 Xll,
920 2132 998 2167 483.
1018 2134 1118 2171 638.;
1157 2139 1191 2164 et
1228 2133 1289 2165 cfr.
1315 2135 1358 2166 V.
1381 2134 1421 2165 L.
1455 2133 1499 2165 ad
1523 2136 1607 2166 Aen.

106 2176 167 2217 IV,
190 2176 270 2210 471.
315 2176 579 2208 Patrocinantur
603 2176 765 2219 vulgatae
790 2177 953 2218 lectioni,
989 2191 1075 2222 quae
1108 2179 1269 2222 leguntur
1304 2191 1407 2223 supra
1441 2181 1499 2220 IV,
1523 2180 1605 2214 382.

105 2234 199 2265 sqq.:
226 2225 359 2266 „Spero
384 2222 543 2266 equidem
567 2223 690 2256 mediis
716 2243 758 2247 —
784 2225 960 2269 Supplicia
994 2225 1179 2258 hausurum
1202 2225 1375 2269 scopulis,
1411 2233 1445 2258 et
1468 2225 1605 2258 nomine

104 2268 196 2300 Dido
220 2272 367 2312 Saepe
392 2273 702 2302 vocaturum.“
737 2271 829 2313 lVr.)
925 2272 989 2306 861
1023 2272 1072 2304 ad
1095 2284 1209 2305 auras
1232 2272 1351 2305 Heius.
1378 2284 1452 2304 cum
1477 2272 1604 2304 melio-

102 2314 209 2348 ribus.
258 2316 336 2358 (ad
376 2327 527 2356 auras,
561 2317 846 2360 quemadmodum
884 2317 975 2359 avis5
1008 2318 1076 2351 vid.
1112 2320 1153 2360 Q.
1187 2320 1230 2354 V.
1263 2320 1312 2361 X,
1338 2321 1369 2354 1.
1406 2319 1502 2362 Wr.)
1534 2318 1602 2351 Alii

101 2363 140 2395 in
165 2374 199 2395 α.
226 2361 290 2405 (ita
312 2361 421 2395 Palat.
447 2374 521 2395 cum
548 2364 579 2397 1.
604 2364 637 2398 2.
662 2364 693 2398 8.
722 2365 776 2398 11.
806 2365 899 2408 ῙΙ”ι-.)

99 2467 148 2505 ab
184 2481 284 2518 aqua
316 2468 484 2506 lustrali.
543 2468 726 2507 Imitatus
764 2476 823 2508 est
882 2483 1006 2520 aquae
1045 2471 1240 2509 Lethaeae
1267 2473 1496 2520 solvantur,
1538 2472 1600 2509 la-

98 2524 231 2563 locum
251 2526 367 2563 Silius
390 2527 441 2574 X,
464 2527 546 2568 355
558 2540 640 2577 sqq.
662 2533 701 2564 et
721 2534 819 2578 pot—
879 2534 1058 2578 xantur,
1106 2530 1209 2567 oculi
1242 2543 1378 2568 somno
1421 2530 1599 2567 illabenti

99 2588 186 2620 erat
218 2583 257 2620 iu
286 2583 327 2621 id
348 2582 586 2634 phantasma
617 2585 727 2622 facile
753 2585 819 2622 in-
881 2585 1019 2623 obnixi
1042 2593 1081 2624 et
1098 2587 1252 2625 intenti.
1290 2589 1478 2625 cunctari
1497 2601 1596 2638 poe-

98 2639 229 2677 cidere
249 2648 389 2691 poetae
404 2641 616 2692 ingenium,
639 2642 729 2692 quia
745 2656 821 2681 usu
878 2643 928 2680 tis
961 2644 1130 2694 dicitur,
1173 2645 1239 2695 qui
1269 2645 1440 2693 resistit,
1486 2645 1594 2682 relu-

96 2696 286 2746 loquendi
308 2712 445 2736 somno
480 2706 624 2737 natura
653 2699 819 2737 humida
877 2707 1025 2740 ctatur.
1091 2704 1298 2751 natantia,
1356 2709 1450 2740 nota
1487 2715 1595 2739 nunc

95 2753 314 2803 tribuitur,
344 2756 447 2793 sorte
470 2756 518 2793 ab
542 2757 670 2794 noctis
689 2758 817 2795 rosci-
875 2759 1061 2810 elegantia
1097 2759 1144 2796 de
1171 2760 1325 2798 incerto
1348 2769 1471 2797 motu.
1511 2757 1590 2796 vid.

95 2810 147 2848 do
178 2823 265 2847 aere
297 2811 428 2851 ducta.
476 2815 579 2851 conf.
605 2828 690 2865 sup.
715 2815 814 2863 adl,
874 2816 942 2854 Ge.
962 2816 1026 2864 IV,
1057 2815 1153 2858 496.

92 2870 188 2908 691.
208 2868 387 2918 692111,
424 2870 518 2911 511.
578 2870 813 2922 Aspersione
929 2875 1181 2916 857—861.
1217 2874 1300 2911 Vix
1318 2873 1589 2909 laxaverat—
