1811 3388
36 2617 38 2621 ⁷
103 2601 264 2639 stillant.

36 2658 37 2663 ’
105 2656 251 2695 Aeneas
270 2659 311 2696 in
330 2674 454 2698 novae
472 2660 578 2698 urbis
594 2660 821 2713 primordiis

366 232 773 285 AENEIDOS
811 232 949 283 LlB.
985 232 1076 293 111,
1118 237 1339 283 13—23

1501 237 1599 284 445

167 364 320 411 Sacra
343 360 608 410 Dionaeae
630 357 786 406 matri
814 356 1054 422 divisque
1075 354 1321 404 ferebam

96 430 407 497 Auspicibus
445 435 762 493 coeptorum
790 442 1047 492 operum3
1084 441 1392 491 superoque
1426 425 1600 474 niten-

869 504 981 544 tem
1534 501 1601 546 20

98 566 430 619 Coelicolum
455 566 566 630 regi
583 564 881 614 mactabam
903 564 957 613 in
977 563 1132 612 litore
1154 571 1379 615 taurum.

94 641 252 687 Forte
276 634 375 685 fuit
397 637 532 685 iuxta
553 634 815 695 tumulus,
855 649 963 700 quo
993 649 1186 682 cornea
1213 648 1426 681 summo

95 705 352 769 Virgulta‚
388 713 439 755 et
463 704 638 754 densis
662 703 937 753 hastilibus
958 701 1176 751 horrida
1197 710 1414 765 myrtus,

187 801 230 834 19
254 800 306 832 Ab
327 799 362 832 h.
380 810 411 831 v.
433 810 523 831 nova
547 797 711 831 narratio.
760 799 879 842 Itaque
909 795 1122 849 interpunxi.

94 846 177 879 tian.
219 846 461 891 auspiciisque
479 844 623 877 Vratisl.
667 856 908 890 superumque
930 843 1090 876 Parthas.
1111 841 1146 874 iu
1167 841 1333 885 margine.

94 893 250 926 Macrob.
284 893 426 934 111,1o.

1216 797 1263 830 20
1296 796 1472 841 auspzczis
1500 793 1600 829 Wit-

1427 842 1470 876 21
1497 842 1600 886 Apud

457 903 576 924 versus
608 892 774 924 recitatur
802 903 877 924 cum
911 889 1165 922 memoratione
1202 888 1356 932 ignmati
1382 887 1465 920 iuris
1498 888 1598 928 sacri,

94 939 374 984 quandoquidem
396 939 469 970 lovi
488 944 622 970 taurum
653 937 826 970 immolari
853 936 947 969 haud
976 936 1028 968 fas
1060 934 1178 968 fuerit.
1228 935 1370 968 Scilicet
1399 935 1473 968 iure
1503 936 1600 968 Pon-

94 986 202 1019 tihcio
228 985 262 1017 id
281 985 426 1019 vetitum
445 984 534 1025 suit,
560 990 596 1016 et
616 991 748 1017 tantum
767 985 876 1017 boves
894 990 1045 1016 mactare
1073 981 1188 1022 licuit;
1225 993 1296 1014 non
1322 989 1435 1015 autem
1466 981 1600 1026 vulgari

95 1032 278 1075 religione.

95 1127 219 1166 usque
236 1114 369 1165 potuit
384 1112 558 1152 extendi.
601 1113 715 1151 Certe
733 1111 819 1152 Pli-

95 1172 184 1211 nius
207 1172 271 1221 IV,
306 1175 352 1213 11
385 1172 591 1222 Oppidum
607 1172 740 1208 Aenos
764 1171 817 1207 li-

23 1233 25 1236 ⁴
96 1229 228 1267 herum
265 1243 357 1266 eum
407 1231 449 1266 P
446 1228 598 1279 osljclon‘
646 1228 813 1275 tumulo,

99 1287 288 1324 Ciconum
327 1287 530 1337 quondam
566 1288 690 1335 Jegt'o.
762 1284 817 1321 De

96 1345 196 1382 urbe
228 1344 430 1381 Aeneades
466 1357 503 1380 v.
537 1343 628 1380 Exc.
657 1342 684 1380 I.
705 1342 816 1393 fatas·

96 1402 244 1453 iniquis
280 1400 363 1438 sive
394 1406 561 1452 propter
594 1413 658 1448 ea,
715 1412 816 1450 quae

95 1464 339 1509 sequuntur,
388 1458 482 1495 satis
517 1456 692 1504 sinistra,
736 1456 817 1494 sive

96 1515 205 1567 quod
226 1515 386 1553 omnino
406 1514 542 1565 iniqua
559 1515 722 1552 fortuna
744 1513 817 1551 de-

97 1573 237 1611 cedere
275 1573 403 1625 patria
443 1579 483 1609 et
519 1572 654 1609 alienis
700 1571 818 1609 terris

95 1631 225 1668 sedem
249 1642 437 1680 quaerere
468 1635 657 1680 coegerat.
717 1628 817 1666 Am-

96 1688 250 1727 mianus
270 1687 400 1736 XXH,
422 1689 447 1727 8
467 1701 525 1739 pr.
539 1686 713 1738 priorem
723 1699 816 1724 sen—

95 1745 260 1783 tentiam
290 1744 449 1782 firmare
476 1744 660 1794 videtur,
688 1743 817 1796 respi-

97 1803 153 1840 cit
172 1803 273 1840 enim
294 1802 333 1840 h.
346 1803 370 1840 l.
382 1801 444 1839 his
458 1801 610 1840 verbis:
640 1804 816 1851 „Aenuffi

98 1873 176 1911 qua
208 1859 302 1897 diris
324 1859 504 1911 auspiciis
524 1865 676 1911 coepta,
696 1873 816 1897 mox—

97 1930 173 1969 que
193 1917 331 1955 relicta
345 1947 355 1966 ‚
391 1916 442 1953 ad
465 1917 691 1954 Ausoniam
708 1925 815 1955 vete-

30 1997 31 2000 *
97 1989 178 2012 rem
206 1975 325 2012 ductu
356 1976 564 2011 numinum
586 1975 818 2024 properavit

30 2039 32 2043 ’
99 2033 309 2069 Aeneas.“
341 2030 530 2083 (Eamque
543 2031 658 2069 unice
680 2044 816 2069 veram

99 2102 201 2136 esse,
240 2089 365 2125 oratio
398 2094 605 2126 monstrat.
664 2090 820 2139 ingres-

32 2173 33 2176 ,
100 2160 166 2182 sus
185 2151 260 2182 est:
279 2145 473 2195 ingressus
492 2145 722 2195 Thracian13
741 2145 820 2196 sa·-

32 2225 33 2228 =
103 2204 154 2239 tis
185 2204 350 2253 im'qnlS,
381 2202 627 2251 nolentibus,
658 2216 739 2240 non
761 2203 820 2240 sa-

100 2259 297 2297 ventibus.
333 2258 475 2310 l‘Vclz.)

161 2318 211 2357 19
228 2330 283 2366 sq.
319 2317 482 2354 Sacrum
506 2329 649 2368 parans
671 2315 820 2353 Aeneas

34 2385 35 2388 ’
101 2372 194 2421 diis,
247 2373 427 2424 inprimis
466 2373 607 2411 Veneri
644 2379 682 2410 et
721 2373 819 2421 Iovi,

102 2429 195 2467 dum
216 2430 389 2479 frondes,
405 2430 546 2481 quibus
564 2445 673 2468 aram
691 2437 820 2479 ornet,

102 2488 221 2538 petit,
261 2501 348 2525 ecce
381 2488 605 2540 prodigium
633 2488 816 2526 offertur:

103 2544 261 2593 surculi,
284 2559 382 2596 quos
404 2546 486 2583 solo
513 2545 656 2594 evellit,
677 2558 818 2583 cruore

331 2603 450 2641 Parat
487 2609 619 2641 autem
663 2616 819 2640 sacrum

105 2720 145 2751 et
167 2716 362 2766 auspiciis:
402 2731 571 2767 quorum
602 2718 740 2768 religio
770 2717 820 2755 ad

105 2770 322 2821 Apollinem
358 2774 604 2825 potissimum
632 2775 819 2813 refertur.

107 2825 183 2879 (dii
209 2833 390 2878 auspices
418 2845 576 2881 operum
604 2838 718 2880 sunt,
750 2832 818 2882 qui

106 2896 225 2935 opera
272 2884 464 2924 adiuvant
500 2894 539 2926 et
584 2889 816 2927 secundant.

106 2940 161 2977 De
190 2953 279 2981 voc.
306 2955 482 2993 auspex,
528 2944 693 2984 deorum
719 2959 816 2997 pro-

373 1033 419 1066 22
442 1010 608 1064 tumidas
624 1039 730 1064 zuxta
749 1029 920 1064 Montalb.

874 1111 984 1163 prio,
1016 1111 1093 1163 egit
1111 1110 1239 1149 Bentl.
1273 1110 1325 1148 ad
1354 1109 1494 1148 Horat.
1521 1109 1599 1150 Od.

876 1169 904 1217 I,
940 1171 978 1218 7,
1016 1172 1083 1210 27.
1126 1168 1254 1208 Pssclz.
1300 1190 1353 1196 ——-
1399 1169 1595 1219 clivis-qne,

874 1227 900 1264 i.
932 1239 963 1263 e.
1005 1233 1044 1263 et
1079 1226 1273 1264 ceteris
1305 1225 1390 1262 diis.
1449 1226 1598 1262 Notum

876 1289 935 1320 est
953 1284 1149 1321 Graecum
1170 1282 1271 1321 illud
1294 1285 1376 1322 Ζεῦ
1400 1282 1468 1322 καὶ
1489 1284 1596 1321 θεοί.

876 1340 954 1378 Sed
979 1342 1149 1390 mirum,
1184 1340 1292 1391 quod
1321 1339 1463 1390 legitur
1490 1339 1598 1390 apud

875 1397 1061 1456 Xenoph
1076 1399 1220 1449 Cy·.1op
1235 1398 1281 1446 V,
1304 1396 1437 1446 4,14:
1467 1392 1599 1446 »Ἀλλ’

878 1457 908 1495 ὥ
930 1458 1050 1504 Ζεῦ,
1083 1455 1182 1507 ἔφη,
1204 1471 1270 1495 και
1291 1450 1449 1502 τούτοις
1470 1451 1597 1494 πολλιέ

877 1509 1015 1566 ἆγαθα
1041 1514 1151 1553 δοῖεν
1175 1513 1223 1552 οἱ
1253 1511 1374 1552 θεοὶ
1404 1528 1471 1552 και
1490 1515 1596 1551 πλεῖ-

876 1571 984 1610 σται(
1014 1585 1050 1609 κ.
1067 1585 1100 1609 τ.
1121 1574 1154 1609 λ.
1190 1568 1308 1621 lVr.)
1369 1572 1438 1610 20.
1468 1571 1598 1606 niten-

876 1637 953 1665 tem
971 1627 1188 1665 candidum
1211 1627 1343 1678 potius
1365 1639 1482 1677 quam
1506 1626 1599 1678 pin-

873 1698 989 1736 guem
1035 1685 1236 1736 intelligo;
1298 1683 1449 1722 candor
1494 1683 1598 1722 enim

875 1748 1079 1794 spectatur
1128 1743 1168 1780 in
1207 1741 1368 1780 victima
1415 1741 1502 1780 Iovi
1539 1742 1600 1778 fe-

873 1800 1012 1839 renda.
1082 1800 1166 1838 Etsi
1206 1800 1326 1837 etiam
1363 1812 1437 1850 pro
1474 1799 1598 1836 altero

872 1857 1038 1896 laudare
1067 1857 1193 1909 possis
1228 1857 1449 1895 Homerum
1487 1856 1598 1895 Iliad.

873 1916 912 1968 β,
941 1914 1037 1958 403.

933 1972 1128 2015 22—25.
1159 1971 1311 2010 Ornata
1325 1971 1466 2009 oratio.
1498 1972 1598 2009 Sen-

872 2029 946 2078 tis,
987 2029 1019 2067 si
1046 2029 1088 2067 in
1127 2030 1330 2081 vulgarem
1364 2029 1599 2067 transferas:

876 2090 918 2124 in
937 2089 1050 2124 euius
1071 2089 1210 2124 verlice
1227 2101 1368 2124 cornus
1393 2095 1429 2123 et
1452 2094 1600 2136 myrtus

876 2143 1046 2184 stabant.
1110 2145 1209 2182 Cam
1229 2146 1320 2181 inde
1336 2143 1508 2193 frondes
1530 2158 1598 2180 co-

877 2203 1081 2239 ronandae
1106 2216 1202 2238 arae
1223 2210 1411 2251 peterem.
1475 2201 1599 2238 Porro

877 2259 1054 2295 tumulus
1075 2258 1116 2297 h.
1138 2259 1164 2296 l.
1192 2258 1320 2310 simpl.
1347 2258 1478 2307 collis,
1508 2271 1599 2295 nam

876 2315 1096 2366 insepultus
1124 2316 1253 2353 fuerat
1290 2315 1516 2366 proiectus,
1555 2321 1601 2353 ut

878 2385 927 2409 ex
948 2386 985 2411 v.
1006 2375 1059 2413 62
1082 2386 1137 2423 sq.
1167 2379 1351 2424 apparet,
1384 2378 1424 2410 et
1455 2373 1502 2411 cs.
1532 2372 1599 2414 45.

877 2429 944 2470 46.
1014 2429 1145 2467 Arena
1179 2436 1339 2478 autem,
1384 2436 1598 2468 ventorum

875 2487 1152 2537 fluctuumque
1206 2488 1381 2551 impulsu
1433 2494 1600 2539 aggesta,

874 2544 919 2581 in
940 2544 1112 2582 colliculi
1132 2545 1319 2596 speciem,
1349 2558 1494 2597 corpus
1515 2558 1556 2583 e]
1561 2552 1601 2583 at

876 2608 1041 2640 tectum.
1118 2603 1163 2640 In
1214 2616 1323 2640 mare
1378 2603 1600 2654 proiectum

879 2673 1024 2711 corpus
1056 2659 1098 2696 in
1129 2660 1243 2698 littus
1279 2660 1408 2698 fluctu
1447 2661 1600 2698 eiicitur

879 2715 988 2768 apud
1013 2716 1147 2768 Eurip.
1176 2717 1339 2755 Hecuba
1359 2732 1398 2756 v.
1419 2720 1487 2759 26.
1518 2720 1600 2759 697

876 2787 981 2825 sqq.,
1023 2787 1140 2825 quem
1169 2775 1278 2825 sequi
1312 2775 1452 2814 maluit
1483 2774 1600 2813 ovid.

876 2830 970 2869 Met.
994 2832 1098 2880 XIII,
1120 2830 1203 2872 437
1234 2846 1340 2883 sqq.,
1373 2832 1441 2870 ubi
1468 2832 1601 2884 plera-

876 2902 953 2938 que
980 2901 1029 2926 ex
1059 2889 1249 2940 Euripide
1280 2902 1475 2941 expressa.
1536 2892 1601 2929 23.

875 2945 1037 2983 horrida
1095 2946 1177 2984 noli
1238 2947 1353 2985 aliter
1413 2947 1600 2997 accipere,
