1811 3388
419 233 830 283 AENEIDOS
870 236 1010 284 LIB.
1048 236 1137 298 111,
1171 243 1459 290 sss—691
1585 247 1683 294 549

177 358 474 421 Pantagiae,
538 362 890 426 Megarosque.
946 360 1111 421 sinus,
1178 361 1559 431 Thapsumque
1611 368 1680 416 ia-

959 439 1184 481 centem.

244 500 358 545 690.
399 497 570 544 TALIA
625 512 976 547 Mous'rRABAT
1020 515 1285 548 RELEGENS
1335 517 1544 552 ERRATA
1586 520 1678 554 RE-

955 583 1190 618 TRORSUS

244 638 355 684 691.
394 635 603 683 L1TORA
625 637 1015 702 ACHEMENIDES,
1037 654 1207 688 comEs
1228 656 1482 690 [NFELicls
1505 644 1674 693 UL1x1.

393 705 457 744 Vs.
480 709 576 748 690.
596 708 704 760 apud
723 708 922 761 Heynium
947 710 1150 764 legebatur
1168 713 1488 752 RETRORSUM

263 806 332 841 689
357 809 578 854 Pentagiae,
605 811 846 856 Pantagyae,
871 812 953 867 §hoc
973 820 1009 846 et
1026 815 1119 847 Med.
1138 822 1172 846 et
1192 817 1291 848 Rom.
1311 828 1386 849 cum
1406 817 1528 860 fragm.
1548 818 1673 860 Vatia,

168 851 230 883 sed
251 852 489 898 Hoevtocyioc9‚
516 851 537 889 ὁ
561 851 662 900 ἄγων
679 857 714 890 h.
735 869 764 890 e.
785 855 934 902 οἷγνυων
949 858 1074 894 πάντα
1093 862 1206 894 undae
1223 862 1382 907 impetu).
1435 865 1672 909 Tapsumque,

173 899 412 945 Tassumque‚
444 904 671 947 Taxamque,
700 904 971 951 leabsumque‚
1008 911 1247 953 Capsumque,
1285 909 1508 942 librariorum
1534 910 1669 956 lapsus:

172 945 420 991 learsumque
439 950 539 981 Rom.
584 951 643 981 Est
669 948 814 993 Θάψος.
850 953 1053 999 (Thapsum
1073 955 1170 986 multi
1187 967 1262 988 cum
1277 956 1355 1000 ipso
1373 956 1545 989 Mediceo.
1576 958 1670 1000 Wr.)

165 992 236 1025 690
267 993 465 1027 mandabat
502 996 662 1029 Pari-has.
710 1006 897 1032 retrorsus
934 1001 1026 1044 apud
1064 1001 1230 1035 Priscian.
1263 1010 1296 1035 et
1321 1003 1356 1035 in
1386 1004 1486 1036 codd.
1514 1004 1604 1037 Pier.
1637 1012 1670 1037 et

165 1037 286 1071 Heius.
314 1041 429 1084 (quam
445 1041 590 1074 formam
613 1055 630 1075 e
653 1044 830 1086 Mediceo,
858 1047 954 1079 Rom.
978 1047 1123 1091 aliisque
1148 1049 1454 1091 praestantissimis
1488 1050 1590 1083 libris
1609 1063 1668 1084 re-

164 1085 310 1125 vocavi;
334 1086 402 1120 vid.
427 1088 528 1121 etiam
551 1090 593 1122 V.
612 1090 651 1123 L.
675 1091 719 1123 ad
742 1091 812 1124 Ecl.
843 1093 889 1133 X,
918 1095 974 1128 62.
1024 1103 1223 1127 retrorsum
1250 1096 1359 1129 Palat.
1401 1097 1495 1140 lVr.)
1546 1106 1666 1130 retor-

165 1143 243 1163 sum
261 1132 369 1165 Goth.
388 1140 472 1167 tert.
523 1136 615 1179 (Vss.
643 1138 722 1171 690.
754 1150 804 1182 sq.
834 1139 946 1172 simile
974 1141 1154 1174 continent
1184 1142 1455 1175 additamentum
1488 1143 1539 1185 ei,
1575 1145 1667 1188 quod

164 1188 231 1211 vss.
252 1179 321 1214 684
335 1182 469 1216 —686.
492 1189 611 1215 exstat.
661 1185 789 1224 Quaeri
810 1186 898 1218 enim
917 1199 1018 1230 quum
1039 1195 1178 1231 posset,
1204 1189 1293 1221 unde
1313 1190 1378 1222 ista
1398 1189 1503 1222 sciret
1521 1194 1667 1231 Aeneas,

163 1224 413 1259 Grammaticus
435 1228 558 1272 aliquis
577 1227 715 1269 λύσεως
733 1243 835 1264 causa
855 1233 940 1266 haec
962 1233 1109 1275 adiecit,
1135 1246 1223 1278 quae
1246 1241 1281 1266 et
1300 1248 1363 1279 per
1382 1248 1418 1268 se
1440 1236 1555 1281 inepta
1576 1245 1665 1279 sunt,

163 1278 198 1302 et
219 1272 273 1304 vel
296 1274 340 1305 ob
364 1273 431 1306 ista
452 1288 567 1308 comes
587 1277 745 1321 infelicis
772 1279 871 1311 Ulixi
894 1287 1065 1324 suspecta.
1116 1282 1285 1314 Homerus
1316 1283 1476 1326 Ulyssem
1507 1295 1526 1316 a
1555 1284 1665 1316 Lato-

162 1317 354 1361 pliagorum
374 1326 467 1354 terra
489 1323 605 1354 statim
628 1324 671 1356 ad
700 1323 781 1356 litus
798 1325 988 1369 Cyclopum
1019 1327 1169 1359 delatum
1199 1337 1334 1368 narrat;
1369 1330 1411 1362 cf.
1445 1330 1567 1373 Odyss.
1601 1332 1664 1372 IX,

163 1365 241 1399 105.
260 1378 354 1410 sqq.;
381 1379 449 1400 non
470 1377 660 1412 potuerunt
685 1370 790 1414 igitur
822 1384 862 1403 ex
890 1373 1025 1417 Ulyssis
1060 1374 1184 1406 itinere
1216 1375 1302 1407 haec
1328 1376 1404 1408 loca
1434 1377 1662 1410 Achemenidi

161 1412 300 1455 cognita
324 1425 411 1447 esse.
460 1417 536 1448 Nec
557 1416 666 1460 ipsum
686 1417 953 1452 Achemenidem
982 1421 1025 1452 ab
1059 1432 1099 1452 eo
1130 1421 1230 1462 loco,
1262 1421 1321 1453 ubi
1346 1422 1517 1463 latuerat,
1556 1424 1661 1468 longe

159 1458 381 1502 discessisse,
407 1467 442 1493 et
459 1474 526 1494 vss.
545 1464 623 1497 645.
643 1475 717 1508 sqq.
740 1465 910 1507 probant,
936 1478 1018 1507 nec,
1052 1467 1080 1498 si
1111 1467 1351 1509 discessisset,
1387 1469 1575 1503 verisimile
1610 1477 1662 1503 est

160 1517 236 1537 eum
267 1506 302 1538 in
336 1507 413 1540 loca
445 1508 533 1540 adeo
556 1509 716 1542 immania
755 1512 946 1545 rediturum
977 1513 1095 1546 fuisse.
1145 1515 1233 1546 Tum
1268 1514 1329 1547 ilia
1358 1528 1475 1548 comes
1505 1515 1662 1562 infelicis

164 1552 265 1584 Ulixi
280 1554 430 1597 repetita
451 1561 529 1587 sunt
551 1568 568 1588 e
591 1568 639 1589 vs.
658 1558 749 1598 613„
776 1558 834 1590 uhi
859 1559 1111 1592 Achemenides
1140 1572 1255 1593 comes
1289 1561 1439 1594 infelicis
1466 1563 1561 1595 Ulixi
1590 1571 1659 1596 tam

155 1605 236 1641 apte
257 1607 419 1640 vocatur,
445 1613 544 1645 quam
570 1603 603 1635 h.
625 1603 647 1638 l,
667 1603 785 1647 inepte
808 1606 963 1650 morique
985 1606 1180 1650 Virgiliano
1201 1619 1270 1640 non
1297 1620 1469 1652 congrue3
1494 1622 1557 1642 nec
1575 1610 1659 1642 satis

154 1645 321 1689 ponderis
341 1647 470 1679 habent
498 1649 542 1680 ad
568 1649 825 1683 defendendum
854 1651 923 1685 hoc
950 1653 1218 1695 hemistichion,
1255 1666 1344 1698 quae
1376 1655 1531 1698 disputat
1552 1656 1658 1689 Wei-

154 1691 264 1724 chert.
286 1696 339 1725 De
358 1689 468 1727 iser-ss.
489 1696 599 1728 iniur.
624 1709 724 1742 susp.
742 1710 776 1741 p.
799 1699 855 1733 77.
904 1700 1049 1732 Accedit
1068 1700 1154 1733 illud
1174 1696 1276 1742 ἅπαξ
1297 1698 1496 1745 λεγόμενον
1515 1711 1658 1735 retror-

153 1750 236 1778 sus,
263 1739 332 1772 vid.
350 1741 393 1773 V.
413 1741 451 1773 L.
474 1741 517 1773 ad
536 1754 584 1774 vs·
602 1742 702 1785 684„
728 1756 815 1786 vox,
839 1751 878 1778 ut
899 1745 1048 1788 videtur,
1073 1748 1115 1779 ab
1137 1748 1235 1791 epica
1255 1748 1392 1791 quidem
1412 1748 1511 1793 poesi
1531 1749 1656 1783 aliena.

152 1784 268 1824 Quid?
294 1787 387 1830 quod
408 1788 472 1820 hos
491 1800 609 1821 versus
634 1790 712 1823 cod.
730 1791 921 1825 VV'ittianus
946 1805 1015 1825 non
1042 1793 1077 1825 in
1097 1794 1220 1826 ordine
1236 1794 1389 1835 exhibet,
1416 1796 1477 1828 sed
1497 1796 1656 1840 appictos

150 1830 185 1862 in
209 1833 389 1876 margine?
437 1835 511 1867 Nec
537 1847 676 1879 usquam
711 1836 793 1869 alibi
824 1838 976 1880 talibus,
1015 1839 1074 1872 ubi
1106 1852 1215 1884 aeque
1249 1841 1446 1885 exspectari
1478 1849 1655 1886 poterant,

149 1879 355 1912 narrationis
379 1880 475 1924 quasi
494 1881 612 1914 fulcris
643 1883 751 1915 utitur
780 1892 899 1929 poeta.
946 1886 1025 1919 Alio
1053 1887 1157 1920 etiam
1187 1888 1328 1920 eosdem
1361 1896 1564 1932 argumento
1586 1889 1655 1921 im-

148 1937 303 1968 pugnare
323 1927 465 1966 liceret,
492 1928 520 1960 si
548 1930 674 1972 Ulyssi
691 1938 783 1962 esset
806 1931 840 1963 in
863 1932 979 1965 multis
1002 1934 1124 1975 codd.‚
1158 1941 1195 1965 ut
1225 1935 1334 1967 refert
1363 1934 1526 1967 Heinsius
1544 1961 1552 1977 ,
1584 1947 1653 1968 non

154 1973 274 2013 Ulixi,
299 1973 367 2006 vid.
389 1975 431 2006 V.
451 1975 490 2006 L.
509 1975 552 2007 ad
573 1976 643 2008 Ecl.
667 1977 757 2018 VIII,
777 1979 847 2019 70„
871 1979 938 2011 nisi
956 1980 983 2012 is
1006 1980 1049 2012 de
1067 1980 1201 2021 media,
1226 1992 1294 2012 non
1316 1981 1359 2013 de
1377 1988 1549 2023 extrema,
1577 1982 1652 2026 syl-

145 2017 226 2050 laba
243 2027 377 2062 ageret3
404 2020 437 2052 in
458 2021 619 2054 Mediceo
638 2030 732 2055 certe
751 2030 863 2056 exstat
888 2026 1005 2065 Ulixi,
1032 2027 1153 2059 eadem
1175 2034 1227 2059 est
1249 2026 1353 2059 Pierii
1375 2028 1588 2071 negligentia
1608 2030 1650 2061 ad

145 2076 194 2096 VS.
217 2067 296 2100 613.
345 2067 463 2099 Sciens
486 2068 584 2100 omisi
605 2070 790 2113 relegens,
816 2072 910 2114 quod
929 2079 964 2104 et
987 2073 1098 2117 ipsum
1120 2073 1224 2106 semel
1253 2074 1344 2116 apud
1377 2074 1563 2118 Virgilium
1591 2075 1649 2107 in-

145 2111 293 2145 venitur.
338 2114 372 2145 Si
395 2114 468 2157 quis
487 2121 601 2147 autem
620 2122 784 2158 quaeret,
818 2119 909 2151 unde
939 2118 1044 2162 igitur
1068 2122 1207 2153 Aeneae
1234 2119 1322 2152 haec
1348 2120 1461 2153 omnia
1482 2121 1650 2154 innotue-

144 2157 234 2196 rint,
261 2170 336 2190 eum
355 2160 551 2193 meminisse
572 2162 694 2201 velim,
725 2162 897 2205 plurima,
934 2177 1022 2209 quae
1046 2174 1151 2210 poeta
1177 2167 1315 2198 noverit
1331 2192 1339 2206 ,
1377 2179 1454 2199 eum
1488 2179 1552 2211 per
1577 2171 1648 2200 Ae-

143 2215 255 2245 nean,
281 2205 340 2237 illa
366 2207 598 2249 nescientem,
630 2209 775 2242 referre.
823 2213 875 2242 An
902 2223 985 2244 vero
1014 2212 1229 2256 putabimus,
1265 2215 1402 2245 Aeneae
1431 2213 1647 2257 temporibus

143 2249 209 2282 iam
230 2251 394 2295 imposita
414 2253 519 2285 fuisse
540 2254 626 2287 haec
650 2255 789 2288 nomina
808 2256 860 2288 his
883 2257 997 2291 locis?
1031 2260 1093 2291 cfr.
1120 2260 1234 2302 Heyn.
1256 2260 1339 2292 Not.
1361 2259 1402 2291 ad
1422 2272 1469 2292 vs.
1493 2261 1572 2295 700.
1594 2273 1645 2305 sq.

142 2303 177 2328 et
192 2298 234 2329 V.
255 2298 294 2330 L.
313 2299 356 2331 ad
374 2312 421 2331 VS.
443 2299 522 2334 704.
573 2302 616 2332 Et
636 2301 761 2334 multus
784 2314 885 2346 quum
908 2304 953 2336 sit
986 2305 1193 2350 prolepseos
1224 2317 1303 2337 usus
1332 2305 1367 2337 in
1394 2305 1549 2338 locorum
1577 2319 1646 2339 no-

141 2343 288 2376 minibus
311 2347 403 2389 apud
424 2347 618 2390 Virgilium,
647 2348 827 2381 maximam
849 2350 878 2382 is
898 2358 993 2383 certe
1010 2358 1144 2396 partem
1165 2363 1205 2384 eo
1227 2353 1440 2384 excusandus
1462 2360 1526 2394 est,
1548 2355 1645 2397 quod

140 2390 306 2433 Virgilius
330 2393 363 2424 in
390 2393 544 2425 locorum
571 2393 807 2438 descriptione
834 2397 990 2440 sequitur
1020 2410 1079 2439 ea,
1113 2410 1201 2443 quae
1231 2398 1391 2431 omuibus
1420 2406 1503 2432 nota
1535 2408 1643 2442 eraut,

139 2437 278 2470 mininie
296 2445 409 2471 tamen
432 2439 467 2472 id
497 2452 625 2483 agens,
661 2448 697 2472 ut
720 2442 844 2474 iisdem
876 2443 961 2477 locis
989 2457 1110 2476 vanam
1138 2445 1308 2488 quandam
1337 2446 1472 2489 priscae
1499 2446 1643 2490 originis

137 2486 289 2526 speciem
310 2498 348 2518 ae
369 2487 493 2519 famam
516 2487 698 2527 conciliet3
727 2488 793 2521 vid.
817 2491 902 2523 Not.
921 2492 964 2524 ad
986 2493 1047 2532 VI,
1069 2493 1102 2526 2.
1152 2493 1266 2532 Quare
1286 2491 1374 2524 nihil
1395 2492 1547 2536 ineptius
1575 2494 1642 2526 hoc

135 2578 193 2615 lia
213 2593 326 2616 ..s-axo.
390 2582 504 2618 Saxa
524 2591 716 2619 rotantem
745 2586 861 2620 Pan-
920 2598 1035 2635 quem
1057 2585 1105 2622 ab
1134 2586 1296 2623 australi
1330 2594 1442 2638 parte
1472 2588 1638 2625 includit

135 2638 292 2685 taglam.
341 2637 446 2676 dixit
484 2640 688 2677 Claudiam.
721 2640 769 2677 de
810 2642 857 2680 R.
924 2643 1112 2693 Thapsus
1136 2673 1145 2691 ,
1197 2644 1403 2696 peninsula
1448 2645 1487 2682 in
1532 2660 1639 2682 mare

133 2691 173 2728 P.
194 2692 238 2739 ΙΙ,
270 2694 323 2735 57
347 2695 387 2732 in
419 2696 505 2733 loco
534 2697 629 2735 hinc
657 2711 854 2749 expresso.
914 2713 1176 2751 procurrens,
1202 2702 1358 2752 plana,
1390 2717 1520 2753 paene
1543 2705 1637 2751 flu-

134 2750 312 2797 slsegara
351 2759 445 2790 sunt
480 2753 519 2790 h.
561 2755 585 2792 l.
625 2756 854 2806 Hyblensia,
913 2757 1038 2795 esibus
1052 2773 1159 2808 par,
1194 2759 1250 2796 ait
1270 2760 1447 2807 Servius,
1481 2760 1547 2810 qui
1573 2761 1637 2797 in—

132 2805 222 2853 quia
265 2807 357 2845 olim
393 2810 521 2861 Hybla
569 2826 691 2863 parva
731 2813 851 2862 dicta,
912 2816 1037 2852 sulam
1068 2817 1262 2867 appellat,
1303 2817 1410 2854 unde
1444 2820 1636 2854 iacentem

129 2874 210 2898 non
231 2862 342 2914 longe
374 2880 394 2902 a
423 2870 647 2919 Sy1·aeusi5‚
690 2871 729 2908 in
762 2871 850 2908 sinu
911 2872 1015 2909 dixit
1036 2879 1166 2924 poeta,
1199 2873 1239 2911 h.
1262 2887 1292 2911 e.
1318 2873 1522 2920 humilem,
1554 2887 1633 2911 non

128 2918 367 2970 Meguensi,
409 2925 531 2975 Uolso
569 2927 612 2963 (li
641 2928 845 2978 „firguslffi
908 2930 1028 2967 altam
1052 2932 1266 2969 montibus
