1779 3420
79 228 181 274 392
493 216 1201 268 EXCURSUSI

198 350 278 389 Sed
306 349 510 388 excidium
546 350 712 396 Troiae,
759 346 808 384 de
841 358 921 396 quo
961 344 1077 383 nobis
1116 360 1247 395 nunc,
1298 348 1405 385 inter
1453 353 1605 386 ceteras

81 409 276 448 Troianas
293 421 379 457 res,
410 409 663 460 potissimum
683 403 914 456 quaeritur,
943 417 1064 455 quam
1095 405 1265 443 diversis
1293 406 1424 443 modis
1451 412 1607 445 tracta—

80 474 169 507 tum
189 468 283 506 olim
302 480 383 504 esse
404 466 611 514 debuerit,
641 463 707 502 vel
726 462 821 500 inde
840 461 1022 514 colligas,
1046 463 1156 514 quod
1179 464 1357 502 carmina
1376 471 1457 502 tam
1478 466 1607 503 multa

82 526 132 565 ab
152 525 329 577 antiquis
347 531 625 563 memorantur
649 517 764 561 Ἰλίου
791 519 930 574 πέρσις
947 520 988 559 11.
1026 534 1058 559 e.
1090 522 1165 559 lla·
1191 525 1368 561 vastatio
1396 523 1461 561 vel
1496 526 1607 561 exci-

82 586 215 634 dium,
245 583 450 636 inscripta.
510 582 554 620 In
574 579 686 619 lib1is
705 580 786 617 sere
812 578 854 618 ἐν
879 574 996 619 Ἰλίου
1022 580 1186 633 περσίδι
1216 580 1458 630 inflectitur,
1496 581 1607 632 quod

81 649 243 695 praeter
266 641 462 680 rationem
479 639 563 678 fieri
587 637 758 688 Scaliger
779 636 830 674 ad
852 637 994 678 Euseb.
1022 636 1171 676 Chron.
1198 652 1237 690 p.
1269 641 1324 680 72
1357 653 1390 686 a,
1422 639 1607 677 Maussa-

83 714 153 739 cus
178 700 230 738 ad
247 700 488 751 Harpocrat.
513 699 555 735 in
589 709 679 733 voe.
706 692 920 744 καθελών,
953 701 993 732 et
1021 696 1185 733 Salmas.
1218 695 1269 734 ad
1299 697 1421 734 Solin.
1452 711 1490 748 p.
1524 700 1607 739 800

82 764 346 808 monuerant,
378 770 469 795 nam
492 755 535 796 ἐν
561 751 680 794 Ἰλίου
698 753 838 807 πέρσει
860 766 943 791 esse
962 753 1192 793 dicendum.
1255 753 1353 807 (Nec
1379 750 1609 808 Ἰλιόπερσις

82 824 192 856 recte
215 831 235 854 a
258 815 463 854 nonnullis
497 812 619 852 scribi
646 811 835 862 videtur,
873 826 965 849 nam
1000 812 1110 850 flecti
1147 812 1312 850 deberet
1340 809 1607 868 Ἰλιοπερσία.)

82 875 204 914 Fallit
249 881 385 912 tamen
422 873 462 909 in
504 872 584 910 hoc
613 870 718 908 ratio
748 870 1030 921 grammatica,
1070 884 1163 908 nam
1198 884 1289 909 cum
1315 876 1379 909 tot
1411 872 1607 921 locorum,

84 934 206 972 etiam
241 931 480 977 Pausaniae,
527 937 615 968 tum
647 929 803 978 Procli,
846 929 1063 967 auctoritas
1092 928 1225 966 lirmat
1260 929 1468 980 vulgatam
1500 930 1610 968 illam

83 991 337 1052 scriptuffim,
362 988 482 1027 modo
505 988 675 1039 relingas
698 986 868 1040 πέρσιδι,
901 1001 983 1025 non
1002 988 1175 1041 περσίδι.
1233 987 1482 1026 Nobilissima
1502 989 1609 1026 iuter

83 1056 236 1087 ceteras
271 1048 486 1086 Stesichori
516 1043 633 1087 Ἰλίου
667 1044 807 1098 πέρσις
846 1045 1002 1098 saepius
1029 1045 1232 1083 veteribus
1261 1046 1477 1095 laudatur,
1510 1061 1549 1085 v.
1576 1062 1608 1085 c.

83 1109 249 1145 Pausan.
268 1107 319 1155 X,
341 1109 395 1148 26
415 1118 475 1157 pr.
501 1102 587 1157 (ubi
614 1104 721 1142 inter
747 1105 926 1155 captivas
958 1103 1152 1141 Troianas
1189 1103 1389 1156 Clymene.
1452 1104 1610 1156 Κλυμέ-

84 1181 161 1218 νην
197 1162 271 1217 μὲν
300 1158 376 1205 οὖν
412 1164 661 1215 Στησίχορος
700 1161 743 1202 ἐν
771 1158 893 1202 Ἰλίου
927 1161 1086 1213 πέρσιδι
1113 1163 1421 1215 κατηρίθμηκεν
1451 1163 1495 1203 ἐν
1525 1168 1610 1212 τοῖς

83 1220 362 1276 αἰχμαλώτοις.
423 1218 615 1269 ὦςαύτως
634 1218 678 1261 δὲ
698 1218 767 1260 καὶ
790 1215 1083 1274 Ἀριστομάχην
1103 1220 1294 1272 ἐποίησεν
1309 1219 1460 1269 ’Έννος
1481 1226 1608 1274 θυγα-

81 1281 176 1333 τέρα
197 1279 270 1332 μὲν
296 1275 502 1334 Πριάμου.
562 1280 654 1330 Leg„
674 1278 872 1330 ἐποίησαν
894 1278 937 1319 ἐν
960 1275 1163 1332 Νόστοις.)
1195 1279 1290 1316 item
1318 1293 1350 1317 c.
1373 1282 1441 1328 27,
1467 1293 1505 1331 p.
1525 1281 1609 1321 865

82 1339 290 1378 Hecubam
328 1339 371 1377 in
402 1339 565 1390 Lyciam
599 1337 648 1374 ab
679 1337 864 1389 Apolline
892 1336 1012 1374 fuisse
1040 1337 1270 1376 abductam.
1334 1337 1422 1375 Alia
1451 1337 1611 1389 collegit

82 1397 275 1436 Suchsort
299 1402 437 1435 noster
456 1398 499 1436 in
527 1396 649 1434 docta
672 1395 764 1434 diss.
789 1396 837 1432 cle
858 1395 1075 1433 Stesichori
1079 1395 1244 1446 fingm.
1265 1410 1304 1448 p.
1325 1399 1380 1438 32
1404 1409 1489 1447 sqq.
1548 1396 1610 1434 Ab

83 1456 225 1494 eodem
241 1455 437 1494 Pausania
454 1470 493 1508 p.
515 1455 599 1496 864
620 1453 669 1491 de
690 1453 855 1492 Medusa
870 1484 879 1502 ,
911 1467 992 1491 una
1018 1466 1038 1490 e
1057 1454 1204 1491 Priami
1225 1454 1404 1504 filiabus,
1442 1453 1610 1506 Apollo-

83 1515 185 1552 doro
206 1527 366 1565 quoque
386 1519 609 1552 memorata
627 1512 692 1560 Ill,
714 1515 782 1561 12,
801 1512 825 1553 5
846 1512 887 1560 f.,
918 1511 959 1549 in
987 1512 1141 1550 verbis:
1174 1510 1276 1552 κατα
1309 1510 1384 1565 τήν
1414 1511 1611 1565 Ἱμεραίου

85 1569 198 1628 φ’δήν
222 1572 300 1610 hoc
321 1572 431 1610 idem
461 1584 622 1615 carmen
654 1570 910 1621 designatur,
942 1570 1053 1620 quod
1081 1570 1253 1621 lyricum
1279 1571 1398 1609 fuisse
1432 1571 1610 1620 videtur,

84 1631 157 1668 sub
176 1632 389 1668 Himemei
413 1630 592 1679 nomine,
626 1635 713 1666 erat
741 1635 877 1665 autem
904 1627 1120 1666 Stesichori
1149 1628 1281 1679 patria
1316 1629 1480 1667 Himera
1509 1629 1611 1667 Sici-

83 1689 182 1739 liae3
223 1688 403 1739 adeoque
441 1688 545 1727 male
575 1686 669 1724 inde
713 1700 867 1725 novum
895 1692 1102 1724 auctorem
1130 1687 1313 1724 nonnulli
1347 1687 1609 1725 effinxerunt.

84 1747 216 1785 Etiam
248 1747 290 1785 in
321 1746 440 1784 Iliaca
469 1746 622 1784 Tabula
653 1745 759 1783 inter
789 1750 991 1794 auctores,
1040 1758 1060 1781 e
1095 1744 1240 1795 quibus
1271 1745 1416 1783 artifex
1447 1745 1610 1783 Iliadem

86 1805 311 1857 supplevit,
340 1800 457 1845 Ἰλίου
486 1803 625 1855 πέρσις
649 1799 751 1842 κατὰ
778 1803 1030 1854 Στησίχορον
1066 1802 1226 1854 legitur.
1287 1803 1382 1842 Fuit
1412 1802 1490 1841 hoc
1518 1818 1610 1841 car-

85 1877 177 1900 men
198 1864 392 1915 lyricum:
425 1863 541 1914 quale
565 1861 643 1899 fuit
665 1860 775 1898 aliud
799 1860 1072 1911 Bacchylidis:
1103 1861 1340 1899 vaticinium
1371 1861 1418 1899 de
1453 1862 1610 1899 excidio

86 1921 247 1960 Troiae:
295 1920 406 1971 quod
440 1919 679 1973 expressisse
708 1918 875 1957 videtur
910 1919 1054 1957 Horat.
1085 1918 1102 1956 I
1133 1919 1263 1957 Carm.
1296 1920 1358 1961 15.
1420 1920 1545 1968 Quod
1570 1920 1610 1957 in

87 1979 224 2016 eadem
253 1979 406 2017 Tabula
440 1979 486 2016 iis
515 1977 650 2017 verbis
687 1977 918 2015 subiicitur:
956 1974 1155 2030 Τρωϊκός,
1195 1991 1276 2015 non
1311 1978 1393 2016 eius
1424 1978 1612 2016 carminis

88 2051 233 2075 nomen
251 2036 486 2075 habendum
504 2042 612 2086 erat,
644 2035 713 2073 sed
732 2035 1044 2086 subintelligitur
1076 2032 1226 2083 κύκλος
1255 2034 1456 2088 Τρωϊκδς,
1499 2051 1612 2074 com-

86 2096 264 2149 plectens
291 2109 355 2145 ea,
389 2108 491 2145 quae
512 2099 756 2145 sequuntur:
795 2093 1039 2132 adscribitur
1057 2093 1161 2131 enim
1183 2094 1318 2145 paullo
1352 2101 1462 2146 post:
1497 2091 1613 2143 Ἰλιοῖς

86 2151 189 2194 κατα
211 2150 413 2207 ’Όμηρον
474 2151 674 2200 Αἰθιοπὶς
694 2149 797 2192 κατοῖ
824 2148 1035 2203 Ἀρκτῖνον
1055 2148 1126 2192 τόν
1152 2149 1377 2202 Μιλήσιον,
1437 2149 1553 2202 Ἰλιοές
1584 2151 1614 2205 ἦ

89 2208 211 2265 μικρὰ
258 2209 452 2265 λεγομένη
490 2207 592 2251 metti
638 2209 801 2262 Λέσχην
846 2210 1073 2262 Πυρραῖον.
1136 2208 1224 2247 Alia
1245 2207 1365 2250 Ἰλίου
1398 2211 1558 2263 πέρσις,
1591 2224 1613 2247 a

90 2269 304 2307 Stesichori
328 2269 503 2307 carmine
524 2269 702 2317 diversa,
736 2268 968 2306 aPausania
995 2268 1046 2315 X,
1079 2268 1147 2310 25.
1175 2272 1229 2311 26
1260 2277 1533 2319 memoratur,
1573 2275 1614 2306 et

89 2327 252 2377 quidem
285 2326 447 2364 Lcscliei
478 2327 660 2373 nomine3
699 2327 775 2364 iam
804 2340 893 2364 cum
923 2326 1031 2377 apud
1059 2325 1226 2364 Aristot.
1259 2327 1367 2365 Poet.
1404 2342 1436 2367 c,
1464 2331 1517 2368 23
1552 2325 1614 2379 (ut

89 2386 225 2436 paullo
244 2391 334 2422 ante
352 2383 544 2438 vidimus)
571 2381 689 2425 Ἰλίου
717 2383 857 2437 πέρσις
884 2384 988 2421 inter
1019 2390 1155 2435 partes
1186 2384 1318 2422 lliadis
1347 2399 1494 2436 parvae
1527 2398 1613 2421 me-

90 2449 293 2490 moretur,
337 2442 512 2480 dubitari
547 2443 619 2480 vix
650 2448 803 2493 potest,
845 2441 951 2479 hanc
979 2456 998 2478 a
1030 2441 1222 2479 Pausania
1253 2443 1458 2480 laudatam
1488 2438 1613 2482 Ἰλίου

91 2499 233 2549 πέρσιυ
252 2499 413 2536 Leschei
433 2500 585 2537 nullam
606 2500 721 2536 aliam
741 2500 860 2537 fuisse
891 2514 1011 2550 quani
1038 2506 1194 2551 partem
1222 2500 1356 2537 iliadis
1381 2514 1532 2552 parvae
1567 2514 1612 2538 co

91 2558 253 2595 nomine
276 2557 524 2609 inscriptam.
585 2557 783 2595 Memorat
803 2570 852 2595 ex
881 2571 924 2594 ea
948 2557 1163 2595 Pausanias
1194 2557 1387 2609 Megetem
1417 2559 1612 2596 vulnera-

91 2695 210 2728 docet.
258 2692 386 2728 Naevii
410 2699 532 2725 contra
556 2693 623 2725 suit
647 2705 785 2726 carmen
811 2694 855 2725 (le
882 2693 976 2725 bello
1008 2694 1157 2726 Punico:
1197 2706 1257 2725 cur
1291 2706 1360 2727 non
1398 2694 1491 2727 idem
1527 2695 1612 2728 Ilia-

93 2743 173 2774 dem
208 2741 371 2786 Cypriam
404 2739 559 2771 scribere
592 2741 768 2784 potuerit,
812 2752 912 2784 quain
951 2741 1123 2785 expressis
1162 2742 1277 2773 verbis
1314 2749 1508 2775 memorant
1541 2743 1612 2775 duo

92 2788 329 2832 grammatici,
355 2785 514 2830 squidem
540 2798 608 2818 nou
635 2800 814 2831 assequor.
864 2786 898 2819 Si
930 2787 1055 2819 Ennius
1082 2799 1154 2820 cam
1182 2788 1249 2820 sibi
1275 2789 1413 2821 laudem
1447 2789 1613 2829 vindicat,

93 2848 131 2868 se
157 2836 305 2879 primum
332 2845 452 2866 versus
478 2833 640 2866 heroicos
666 2835 868 2877 scripsisse,
894 2834 997 2866 alium
1024 2847 1160 2866 sonsum
1186 2848 1250 2867 nec
1283 2837 1407 2875 habet,
1441 2848 1506 2870 nec
1545 2837 1613 2869 ha-

93 2884 178 2915 bere
222 2889 362 2927 potest,
414 2892 516 2923 quami
549 2892 624 2912 cum
660 2881 804 2923 primum
842 2882 996 2913 severius
1031 2882 1075 2913 ad
1112 2889 1226 2915 certas
1260 2883 1357 2926 leges
1391 2884 1614 2917 hexametros

93 2928 345 2974 composuisse.
394 2926 505 2959 Simili
524 2927 630 2960 modo
657 2928 701 2961 dc
734 2941 771 2961 sc
798 2928 1001 2973 praedicant
1026 2929 1230 2971 Lucretius,
1268 2930 1455 2973 Horatius,
1489 2930 1613 2975 Virgi-

93 2977 159 3010 lius
174 3003 183 3019 ‚
205 2975 347 3009 Ovidius
362 3001 370 3017 ,
397 2972 569 3006 Manilius.
