1811 3388
446 179 853 229 AENEmos
893 183 1030 233 LIB.
1069 187 1155 249 Vl,
1194 192 1485 247 327—346

1612 209 1708 252 901

272 304 408 351 Ecce
433 304 761 366 gubernator
782 322 897 356 sese
920 309 1198 360 Palinurus
1223 314 1432 377 agebat:

197 372 298 432 Qui
323 372 518 435 Libyco
543 390 718 439 nuper
750 392 929 441 cursu,

970 378 1099 428 dum
1128 381 1299 432 sidera
1326 397 1510 452 servat,

194 440 472 489 Exciderat
495 444 664 509 puppi
691 446 883 495 mediis
909 446 1111 499 effusus
1132 451 1184 500 in
1208 452 1378 505 undis,

192 512 346 558 Hunc
392 510 485 559 ubi
544 513 623 560 vix
669 515 837 565 multa
882 528 1146 569 maestum
1194 525 1441 588 cognovit
1485 527 1537 575 in
1586 545 1705 578 um-

973 589 1066 638 bra
1081 612 1093 649 3
1602 604 1703 652 340

190 647 276 696 Sic
306 649 455 713 prior
486 650 817 719 adloquitur:
866 658 994 718 Quis
1028 668 1105 724 te,
1154 661 1423 728 Palinure,
1473 664 1702 718 deorum

185 718 393 783 Eripuit
414 721 568 769 nobis
583 762 594 784 ,
633 724 925 790 medioque
948 728 1045 777 5111)
1068 747 1303 797 aequore
1325 735 1545 787 mersit?

183 788 280 835 Dic
308 804 415 852 age.
487 794 732 858 Namque
753 795 909 859 mihi,
947 796 1098 848 fallax
1129 799 1272 850 haud
1299 813 1419 852 ante
1439 817 1698 874 repertus,

183 858 299 905 Hoc
321 875 432 907 uno
461 877 723 927 responso
753 865 989 915 animum
1018 868 1210 919 delusit
1236 872 1456 938 Apollo:

184 927 286 988 Qui
344 926 462 979 fore
514 939 567 980 te
612 942 783 998 ponto
842 936 1194 1004 incolumem,
1263 941 1494 1010 finisque
1539 961 1696 996 cane-

967 1007 1057 1057 bat
1592 1020 1695 1069 345

180 1068 481 1117 Venturum
502 1072 778 1124 Ausonios,
815 1076 896 1124 En
919 1075 1051 1127 haec
1072 1081 1331 1145 promissa
1352 1081 1489 1133 fides
1515 1092 1623 1137 est?

270 1184 339 1219 338
359 1197 514 1219 servans
531 1186 621 1221 alter
637 1190 825 1235 Hamburg.

176 1233 362 1275 cognoscit
388 1233 511 1266 Hamb.
542 1247 594 1279 pr.

897 1194 966 1229 339
983 1207 1109 1242 puppe
1127 1196 1231 1230 idem.

690 1238 755 1272 341
788 1246 824 1271 te
851 1252 870 1272 0
900 1243 941 1274 P.
968 1243 1136 1277 Montalb.

1303 1199 1373 1233 340
1391 1209 1565 1235 maestum
1577 1204 1692 1237 multa

1241 1244 1311 1280 342
1343 1249 1542 1293 Excipiunt
1568 1252 1689 1284 Franc.

176 1287 251 1308 cum
274 1278 387 1310 altero
410 1280 443 1310 in
467 1292 574 1325 marg.
625 1282 788 1325 (—343.
814 1288 902 1319 Dice
929 1288 1069 1322 Wakef.
1095 1291 1316 1325 scribendum
1340 1300 1460 1337 putat3
1496 1295 1565 1328 vid.
1585 1299 1627 1331 V.
1648 1299 1688 1331 L.

175 1323 219 1354 ad
236 1335 285 1356 vs.
309 1325 389 1359 318.
421 1328 520 1370 lVr.)

174 1371 256 1402 risit
279 1371 346 1404 duo
366 1373 485 1405 Heius.

615 1329 685 1364 344
706 1332 785 1364 Hoc
801 1333 888 1365 mihi
909 1335 989 1367 Exc.
1011 1337 1123 1370 Burin.
1174 1339 1304 1371 dilasit
1326 1352 1378 1383 pr.
1404 1342 1572 1375 Rottend.
1623 1345 1689 1377 (Ze-

574 1374 644 1410 345
672 1377 857 1423 Quisbrte
871 1393 909 1426 p.
930 1382 1028 1415 Rom.

1124 1384 1194 1418 316
1211 1389 1398 1419 Ausonias
1416 1388 1484 1420 dno
1507 1391 1688 1425 Burmann.

171 1428 219 1448 an
250 1417 340 1450 haec
378 1419 446 1452 duo
475 1420 546 1452 alii.
587 1423 760 1468 fidesque
788 1426 923 1471 aliquot
947 1428 1036 1462 Pier.
1067 1437 1100 1463 et
1132 1443 1186 1476 pr.
1221 1433 1344 1466 Hamb.
1376 1446 1450 1467 cum
1472 1436 1579 1470 Goth.
1604 1444 1685 1472 tert.

161 1464 334 1508 Jl'desque
352 1475 406 1498 esc
429 1469 529 1509 Ven„
554 1469 617 1501 sed
639 1482 669 1503 v.
688 1472 801 1504 Burin.

158 1566 338 1608 putans,
379 1561 482 1599 miro
513 1565 694 1602 acumine
715 1568 896 1607 Servius:

166 1615 298 1663 „Bene
325 1619 478 1668 animo,
510 1622 622 1670 quasi
651 1623 711 1661 rei
732 1639 894 1676 praesa-

164 1686 233 1722 3ορ
263 1674 344 1725 ipse
363 1679 476 1729 'enim
500 1678 649 1717 Aeneas
671 1681 894 1733 insepultus

164 1730 330 1781 iacebit,
389 1741 436 1772 ut
464 1735 539 1785 IV,
572 1740 654 1780 620
680 1743 893 1792 mediaque

162 1789 397 1828 inhumatus
417 1798 591 1832 arena.“
653 1799 891 1841 333—336.

161 1845 216 1883 De
245 1846 308 1885 his
341 1862 378 1887 v.
409 1864 494 1902 sup.
518 1851 547 1899 I,
585 1855 662 1894 113
682 1869 766 1906 sqq.
815 1856 889 1909 (De

160 1917 218 1942 VS.
240 1907 337 1947 335.
358 1907 438 1945 vid.
469 1909 512 1947 V.
533 1910 574 1947 L.
603 1911 714 1965 lVr.)

217 1965 298 2004 337
324 1977 407 2014 sqq.
444 1966 656 2005 Palinurus
679 1971 886 2009 manifeste

159 2031 207 2055 ex
249 2020 462 2060 Homerico
508 2025 700 2075 Elpenore
739 2028 885 2066 adum-

157 2076 296 2114 bratus
319 2078 460 2130 OdySS.
484 2084 516 2129 λ,
549 2083 599 2123 51
625 2097 708 2134 sqq.
730 2086 882 2136 Lilzico

156 2148 287 2182 cursu,
322 2138 576 2188 navigatione
604 2140 652 2177 de
672 2142 882 2194 Carthagi-

155 2204 217 2237 ne,
248 2200 339 2242 post
360 2194 574 2233 discessum
600 2204 733 2236 tamen
751 2213 799 2237 ex
819 2202 882 2238 Si-

154 2249 260 2298 611185
280 2249 389 2289 haud
411 2254 524 2304 longe
544 2268 563 2290 a
586 2256 798 2294 Sirenussis
817 2259 881 2295 in-

153 2306 260 2344 sulis.
302 2322 340 2347 v.
370 2324 456 2362 sup.
490 2312 544 2360 V,
584 2313 670 2351 sub.
698 2315 723 2351 s.
766 2314 880 2367 (dum

151 2374 348 2414 servat,
418 2371 734 2420 Exciderat,
796 2374 878 2412 vid.

150 2421 241 2459 Not.
272 2422 321 2459 ad
351 2424 432 2463 Ecl.
454 2425 537 2473 VH,
569 2431 605 2468 6.
629 2434 668 2465 et
696 2429 739 2466 V.
764 2430 802 2467 L.
827 2431 878 2468 ad

150 2481 218 2516 Ge.
248 2480 311 2529 IV,
345 2483 439 2524 559.
501 2485 686 2523 Ceterum
712 2486 878 2525 Arusia—

147 2550 223 2573 nus
248 2551 334 2589 pag.
360 2540 457 2580 240.
479 2542 571 2579 edit.
594 2543 876 2584 Lindemann.:

146 2594 448 2645 „Diligentiores
470 2600 631 2649 quidam
663 2602 874 2640 Gramma*

955 1570 1049 1613 340.
1087 1575 1129 1610 in
1167 1576 1335 1625 umbra,
1383 1578 1493 1627 quod
1521 1592 1558 1616 V.
1600 1579 1682 1621 452

954 1633 1200 1683 agnovitque
1219 1648 1294 1684 per
1312 1635 1495 1672 umbram
1525 1636 1680 1674 Obscu-

952 1701 1053 1727 ram.
1115 1688 1210 1731 344.
1255 1687 1461 1732 Ἀπόλλων
1493 1689 1681 1746 α’ψευδής

951 1741 995 1783 τὸ
1029 1745 1127 1798 πρὶν
1169 1759 1220 1784 ex
1262 1749 1460 1801 Aeschylo
1501 1751 1677 1790 laudant.

951 1804 1047 1843 346.
1078 1803 1188 1842 Iliad.
1219 1822 1266 1855 μ,
1302 1807 1394 1848 164.
1431 1812 1511 1848 Ζεῦ
1539 1806 1676 1861 πάτερ,

951 1853 979 1910 ἦ
1001 1856 1053 1911 ῥά
1079 1877 1128 1900 νυ
1157 1862 1224 1902 καὶ
1245 1862 1294 1903 σύ
1316 1864 1575 1918 φιλοψευόἠς
1595 1867 1677 1907 ἐτέ-

946 1919 1038 1964 τυξο
1063 1915 1196 1971 πάγχυ
1227 1918 1353 1972 μάλ’,·
1387 1945 1442 1950 --
1470 1928 1674 1973 promissa

933 1974 1060 2022 fides,
1082 1983 1263 2016 eventus.
1306 1981 1428 2017 Fides
1450 1982 1557 2031 apud
1573 1996 1672 2032 poe-

944 2037 1005 2068 tas
1030 2033 1078 2069 de
1099 2041 1210 2071 certo
1232 2043 1379 2074 eventu
1401 2039 1671 2088 oraculorum,

942 2089 1086 2138 quibus
1111 2090 1207 2129 deus
1228 2093 1347 2130 fidem
1365 2108 1475 2132 suam
1494 2097 1671 2134 obstrin-

941 2146 1023 2196 xit3
1052 2161 1152 2197 quae
1179 2152 1370 2201 praestita
1392 2153 1433 2189 in
1456 2154 1668 2193 veritatem

941 2210 980 2240 et
1012 2213 1200 2244 eventum
1220 2216 1374 2247 certum
1405 2210 1498 2249 abit.
1560 2213 1668 2249 Con-

940 2268 1173 2301 sentaneum
1205 2273 1338 2304 autem
1376 2266 1454 2305 1106
1484 2269 1666 2308 Aeneidis

939 2322 1124 2371 propriae
1156 2322 1303 2373 indoli,
1335 2331 1381 2362 ut
1410 2325 1567 2364 ethaeo
1587 2328 1664 2365 Pa-

937 2376 1060 2415 linuri
1096 2393 1180 2416 sors
1205 2382 1252 2417 ab
1285 2383 1475 2421 vaticinio
1503 2392 1662 2436 repeta-

937 2440 1024 2472 tur:
1076 2438 1122 2474 cs.
1158 2438 1326 2488 Disquis.
1358 2441 1413 2490 ΙΙ,
1463 2457 1491 2478 5.
1519 2443 1567 2480 VI
1603 2458 1659 2494 sq.

935 2491 1019 2529 Etsi
1045 2507 1164 2545 supra
1184 2496 1281 2534 illud
1308 2512 1387 2535 non
1408 2513 1659 2538 memorave-

933 2555 999 2586 rat
1030 2558 1167 2601 pocta:
1208 2555 1395 2593 Occurrit
1418 2563 1577 2596 tantum
1611 2559 1656 2608 V,

934 2606 1017 2648 814
1039 2608 1214 2661 Neptuni
1235 2612 1419 2652 effatum:
1454 2616 1568 2652 Uvas
1587 2620 1657 2652 eri!

145 2652 213 2688 tici
235 2651 313 2690 1106
335 2654 389 2691 ita
415 2655 538 2694 dividi
561 2658 726 2697 volunt:
769 2661 870 2699 Cum,
927 2673 1083 2703 lantum
1097 2697 1107 2715 ‚
1143 2672 1335 2708 amissum
1357 2687 1474 2724 quem
1490 2677 1654 2723 gurgite

143 2710 184 2745 ιἰι
205 2711 346 2747 medii-s·
365 2713 483 2750 zmilis
503 2724 599 2752 esset
613 2745 621 2761 ‚
650 2720 786 2767 puppi
804 2719 866 2769 (s—
929 2738 1108 2774 quaeres.

129 2765 256 2814 simu-s·
277 2771 530 2807 e.1·‹·i<lerat.“
578 2774 740 2812 Rectius
767 2775 866 2814 haec
982 2780 1065 2822 346
1090 2805 1135 2810 —
1162 2785 1257 2827 359.
1305 2785 1403 2823 delas
1440 2800 1508 2824 seu
1545 2787 1649 2824 idem

139 2822 194 2859 ita
212 2823 422 2877 intelliges:
455 2828 494 2865 in
518 2829 645 2867 medio
664 2845 737 2882 per
755 2847 863 2871 maro
923 2836 1087 2889 Apollo,
1133 2853 1201 2878 seu
1236 2840 1338 2893 (1106
1367 2843 1519 2891 verius,
1561 2845 1647 2881 coll.

138 2880 328 2932 Libycum
377 2897 497 2922 cursu
535 2887 691 2927 effusus.
748 2892 861 2942 lVr.)
922 2908 978 2933 vs,
1004 2895 1099 2938 341.
1133 2911 1187 2948 sq.
1222 2899 1334 2952 Ilfr.)
1376 2901 1537 2939 omnino
1569 2915 1646 2939 nu-
