<?xml version="1.0" encoding="UTF-8"?>
<!DOCTYPE html PUBLIC "-//W3C//DTD XHTML 1.0 Transitional//EN"
    "http://www.w3.org/TR/xhtml1/DTD/xhtml1-transitional.dtd">
<html xmlns="http://www.w3.org/1999/xhtml" xml:lang="en" lang="en">
 <head>
  <title>
</title>
<meta http-equiv="Content-Type" content="text/html;charset=utf-8" />
  <meta name='ocr-system' content='tesseract 3.04.00' />
  <meta name='ocr-capabilities' content='ocr_page ocr_carea ocr_par ocr_line ocrx_word'/>
</head>
<body>
  <div class='ocr_page' id='page_1' title='image "./publiusvirgilius02virguoft/publiusvirgilius02virguoft_1040.png"; bbox 0 0 1779 3420; ppageno 0'>
   <div class='ocr_carea' id='block_1_1' title="bbox 98 226 1285 291">
    <p class='ocr_par' dir='ltr' id='par_1_1' title="bbox 98 226 1285 291">
     <span class='ocr_line' id='line_1_1' title="bbox 98 226 1285 291; baseline -0.015 -1"><span class='ocrx_word' id='word_1_1' title='bbox 98 242 233 291; x_wconf 73' lang='lat'>1032</span> <span class='ocrx_word' id='word_1_2' title='bbox 445 227 1054 283; x_wconf 75' lang='lat' dir='ltr'><strong>EXCURSU&#39;S</strong></span> <span class='ocrx_word' id='word_1_3' title='bbox 1126 226 1285 274; x_wconf 83' lang='lat' dir='ltr'><strong>XIII</strong></span> 
     </span>
    </p>
   </div>
   <div class='ocr_carea' id='block_1_2' title="bbox 85 351 1623 3033">
    <p class='ocr_par' dir='ltr' id='par_1_2' title="bbox 85 351 1623 3033">
     <span class='ocr_line' id='line_1_2' title="bbox 92 351 1617 418; baseline -0.01 -14"><span class='ocrx_word' id='word_1_4' title='bbox 92 364 293 418; x_wconf 87' lang='lat' dir='ltr'>Porphyr.</span> <span class='ocrx_word' id='word_1_5' title='bbox 316 363 365 402; x_wconf 89' lang='lat' dir='ltr'>de</span> <span class='ocrx_word' id='word_1_6' title='bbox 382 361 537 401; x_wconf 89' lang='lat' dir='ltr'>Abstin.</span> <span class='ocrx_word' id='word_1_7' title='bbox 559 361 625 411; x_wconf 79' lang='lat' dir='ltr'>IV,</span> <span class='ocrx_word' id='word_1_8' title='bbox 658 363 732 410; x_wconf 83' lang='lat'>103</span> <span class='ocrx_word' id='word_1_9' title='bbox 763 371 807 396; x_wconf 90' lang='lat' dir='ltr'>ea</span> <span class='ocrx_word' id='word_1_10' title='bbox 827 358 932 396; x_wconf 80' lang='lat' dir='ltr'>enim</span> <span class='ocrx_word' id='word_1_11' title='bbox 952 357 994 394; x_wconf 90' lang='lat' dir='ltr'>in</span> <span class='ocrx_word' id='word_1_12' title='bbox 1018 356 1125 395; x_wconf 86' lang='lat' dir='ltr'>hanc</span> <span class='ocrx_word' id='word_1_13' title='bbox 1144 354 1382 393; x_wconf 76' lang='lat' dir='ltr'><strong>sententiam</strong></span> <span class='ocrx_word' id='word_1_14' title='bbox 1400 352 1525 404; x_wconf 77' lang='lat' dir='ltr'>accipi</span> <span class='ocrx_word' id='word_1_15' title='bbox 1544 351 1617 390; x_wconf 88' lang='lat' dir='ltr'>de-</span> 
     </span>
     <span class='ocr_line' id='line_1_3' title="bbox 92 410 1620 476; baseline -0.01 -13"><span class='ocrx_word' id='word_1_16' title='bbox 92 425 188 463; x_wconf 89' lang='lat' dir='ltr'>bere</span> <span class='ocrx_word' id='word_1_17' title='bbox 217 422 482 476; x_wconf 80' lang='lat' dir='ltr'><strong>probabiliter</strong></span> <span class='ocrx_word' id='word_1_18' title='bbox 511 419 787 458; x_wconf 80' lang='lat' dir='ltr'>Iablonskium</span> <span class='ocrx_word' id='word_1_19' title='bbox 828 415 1010 454; x_wconf 82' lang='lat' dir='ltr'>docuisse</span> <span class='ocrx_word' id='word_1_20' title='bbox 1043 414 1163 453; x_wconf 86' lang='lat' dir='ltr'>video</span> <span class='ocrx_word' id='word_1_21' title='bbox 1197 412 1354 451; x_wconf 71' lang='lat' dir='ltr'>l‘anth:</span> <span class='ocrx_word' id='word_1_22' title='bbox 1368 425 1406 463; x_wconf 87' lang='lat' dir='ltr'>p.</span> <span class='ocrx_word' id='word_1_23' title='bbox 1426 414 1481 453; x_wconf 80' lang='lat'>32</span> <span class='ocrx_word' id='word_1_24' title='bbox 1501 410 1620 464; x_wconf 71' lang='lat' dir='ltr'>sqq),</span> 
     </span>
     <span class='ocr_line' id='line_1_4' title="bbox 93 470 1618 532; baseline -0.01 -11"><span class='ocrx_word' id='word_1_25' title='bbox 93 482 167 521; x_wconf 72' lang='lat' dir='ltr'>sed</span> <span class='ocrx_word' id='word_1_26' title='bbox 185 482 361 532; x_wconf 79' lang='lat' dir='ltr'>corporis</span> <span class='ocrx_word' id='word_1_27' title='bbox 386 478 637 517; x_wconf 73' lang='lat' dir='ltr'>contubernio</span> <span class='ocrx_word' id='word_1_28' title='bbox 668 475 852 513; x_wconf 72' lang='lat' dir='ltr'>aetherea</span> <span class='ocrx_word' id='word_1_29' title='bbox 888 476 950 511; x_wconf 63' lang='lat' dir='ltr'>vis</span> <span class='ocrx_word' id='word_1_30' title='bbox 982 472 1212 510; x_wconf 75' lang='lat' dir='ltr'><em>eblanditur</em></span> <span class='ocrx_word' id='word_1_31' title='bbox 1230 485 1276 509; x_wconf 88' lang='lat' dir='ltr'>ac</span> <span class='ocrx_word' id='word_1_32' title='bbox 1304 470 1541 509; x_wconf 76' lang='lat' dir='ltr'><strong>debilitatur</strong></span> <span class='ocrx_word' id='word_1_33' title='bbox 1559 481 1618 508; x_wconf 81' lang='lat' dir='ltr'>vs.</span> 
     </span>
     <span class='ocr_line' id='line_1_5' title="bbox 95 526 1618 588; baseline -0.013 -5"><span class='ocrx_word' id='word_1_34' title='bbox 95 543 194 583; x_wconf 83' lang='grc'>720.</span> <span class='ocrx_word' id='word_1_35' title='bbox 213 542 310 588; x_wconf 87' lang='grc'>722,</span> <span class='ocrx_word' id='word_1_36' title='bbox 331 539 436 576; x_wconf 79' lang='lat' dir='ltr'>uncle</span> <span class='ocrx_word' id='word_1_37' title='bbox 457 539 684 574; x_wconf 75' lang='lat' dir='ltr'>animorum</span> <span class='ocrx_word' id='word_1_38' title='bbox 698 531 1015 584; x_wconf 76' lang='lat' dir='ltr'><em>perturbationes</em></span> <span class='ocrx_word' id='word_1_39' title='bbox 1033 539 1069 567; x_wconf 73' lang='lat' dir='ltr'>ec</span> <span class='ocrx_word' id='word_1_40' title='bbox 1088 530 1329 580; x_wconf 71' lang='lat' dir='ltr'>cupiditates</span> <span class='ocrx_word' id='word_1_41' title='bbox 1350 542 1390 568; x_wconf 87' lang='lat' dir='ltr'>v.</span> <span class='ocrx_word' id='word_1_42' title='bbox 1405 530 1502 571; x_wconf 80' lang='lat'>733.</span> <span class='ocrx_word' id='word_1_43' title='bbox 1522 526 1618 568; x_wconf 80' lang='grc'><strong>734.</strong></span> 
     </span>
     <span class='ocr_line' id='line_1_6' title="bbox 100 576 1619 643; baseline -0.011 -5"><span class='ocrx_word' id='word_1_44' title='bbox 100 600 146 639; x_wconf 91' lang='lat' dir='ltr'><em>V</em></span> <span class='ocrx_word' id='word_1_45' title='bbox 145 601 219 637; x_wconf 82' lang='lat' dir='ltr'>ilia</span> <span class='ocrx_word' id='word_1_46' title='bbox 252 610 351 637; x_wconf 88' lang='lat' dir='ltr'>vero</span> <span class='ocrx_word' id='word_1_47' title='bbox 381 595 482 634; x_wconf 88' lang='lat' dir='ltr'>haec</span> <span class='ocrx_word' id='word_1_48' title='bbox 511 608 533 631; x_wconf 90' lang='grc'><strong>3</strong></span> <span class='ocrx_word' id='word_1_49' title='bbox 569 590 749 643; x_wconf 82' lang='lat' dir='ltr'>corporis</span> <span class='ocrx_word' id='word_1_50' title='bbox 782 588 965 640; x_wconf 85' lang='lat' dir='ltr'>contagio</span> <span class='ocrx_word' id='word_1_51' title='bbox 994 594 1203 626; x_wconf 85' lang='lat' dir='ltr'>contracta</span> <span class='ocrx_word' id='word_1_52' title='bbox 1235 588 1399 624; x_wconf 85' lang='lat' dir='ltr'>animae</span> <span class='ocrx_word' id='word_1_53' title='bbox 1428 599 1511 623; x_wconf 81' lang='lat' dir='ltr'>sese</span> <span class='ocrx_word' id='word_1_54' title='bbox 1524 576 1619 622; x_wconf 62' lang='lat' dir='ltr'>&#39;tam</span> 
     </span>
     <span class='ocr_line' id='line_1_7' title="bbox 96 645 1619 703; baseline -0.011 -7"><span class='ocrx_word' id='word_1_55' title='bbox 96 658 179 696; x_wconf 81' lang='lat' dir='ltr'>alte</span> <span class='ocrx_word' id='word_1_56' title='bbox 200 658 432 703; x_wconf 80' lang='lat' dir='ltr'>insinuant,</span> <span class='ocrx_word' id='word_1_57' title='bbox 468 660 512 690; x_wconf 79' lang='lat' dir='ltr'>ut</span> <span class='ocrx_word' id='word_1_58' title='bbox 534 666 582 688; x_wconf 79' lang='lat' dir='ltr'>ne</span> <span class='ocrx_word' id='word_1_59' title='bbox 607 659 692 688; x_wconf 79' lang='lat' dir='ltr'>lam</span> <span class='ocrx_word' id='word_1_60' title='bbox 710 649 896 701; x_wconf 75' lang='lat' dir='ltr'>quidem,</span> <span class='ocrx_word' id='word_1_61' title='bbox 930 661 1023 684; x_wconf 77' lang='lat' dir='ltr'>cum</span> <span class='ocrx_word' id='word_1_62' title='bbox 1058 660 1086 683; x_wconf 91' lang='grc' dir='ltr'><em>α</em></span> <span class='ocrx_word' id='word_1_63' title='bbox 1109 659 1267 696; x_wconf 77' lang='lat' dir='ltr'>corpore</span> <span class='ocrx_word' id='word_1_64' title='bbox 1298 652 1419 682; x_wconf 79' lang='lat' dir='ltr'>morte</span> <span class='ocrx_word' id='word_1_65' title='bbox 1440 645 1619 680; x_wconf 76' lang='lat' dir='ltr'>seiuncta</span> 
     </span>
     <span class='ocr_line' id='line_1_8' title="bbox 95 701 1618 766; baseline -0.011 -13"><span class='ocrx_word' id='word_1_66' title='bbox 95 723 153 753; x_wconf 78' lang='lat' dir='ltr'>est</span> <span class='ocrx_word' id='word_1_67' title='bbox 189 713 246 766; x_wconf 80' lang='lat' dir='ltr'>(et</span> <span class='ocrx_word' id='word_1_68' title='bbox 275 713 355 751; x_wconf 90' lang='lat' dir='ltr'>hoc</span> <span class='ocrx_word' id='word_1_69' title='bbox 384 709 606 763; x_wconf 84' lang='lat' dir='ltr'>genuinum</span> <span class='ocrx_word' id='word_1_70' title='bbox 631 707 808 746; x_wconf 84' lang='lat' dir='ltr'>Platonis</span> <span class='ocrx_word' id='word_1_71' title='bbox 837 705 1002 758; x_wconf 79' lang='lat' dir='ltr'>dogma:</span> <span class='ocrx_word' id='word_1_72' title='bbox 1041 718 1080 743; x_wconf 83' lang='lat' dir='ltr'>v.</span> <span class='ocrx_word' id='word_1_73' title='bbox 1103 702 1295 742; x_wconf 79' lang='lat' dir='ltr'>Phaedon</span> <span class='ocrx_word' id='word_1_74' title='bbox 1316 716 1355 754; x_wconf 86' lang='lat' dir='ltr'>p.</span> <span class='ocrx_word' id='word_1_75' title='bbox 1385 704 1436 742; x_wconf 88' lang='grc'>61</span> <span class='ocrx_word' id='word_1_76' title='bbox 1464 701 1505 739; x_wconf 91' lang='lat' dir='ltr'>C.</span> <span class='ocrx_word' id='word_1_77' title='bbox 1540 701 1618 753; x_wconf 87' lang='lat' dir='ltr'>D.)‚</span> 
     </span>
     <span class='ocr_line' id='line_1_9' title="bbox 93 757 1621 820; baseline -0.01 -9"><span class='ocrx_word' id='word_1_78' title='bbox 93 788 142 812; x_wconf 87' lang='lat' dir='ltr'>ex</span> <span class='ocrx_word' id='word_1_79' title='bbox 161 775 303 811; x_wconf 83' lang='lat' dir='ltr'>anima</span> <span class='ocrx_word' id='word_1_80' title='bbox 323 771 517 808; x_wconf 75' lang='lat' dir='ltr'><em>excedant</em></span> <span class='ocrx_word' id='word_1_81' title='bbox 540 766 651 820; x_wconf 88' lang='lat' dir='ltr'>(nam</span> <span class='ocrx_word' id='word_1_82' title='bbox 671 764 774 803; x_wconf 90' lang='lat' dir='ltr'>illud</span> <span class='ocrx_word' id='word_1_83' title='bbox 790 770 911 817; x_wconf 84' lang='lat' dir='ltr'>poeta</span> <span class='ocrx_word' id='word_1_84' title='bbox 937 776 1017 801; x_wconf 90' lang='lat' dir='ltr'>non</span> <span class='ocrx_word' id='word_1_85' title='bbox 1042 762 1214 814; x_wconf 83' lang='lat' dir='ltr'>attingit,</span> <span class='ocrx_word' id='word_1_86' title='bbox 1247 760 1357 812; x_wconf 90' lang='lat' dir='ltr'>quod</span> <span class='ocrx_word' id='word_1_87' title='bbox 1375 760 1455 797; x_wconf 89' lang='lat' dir='ltr'>iam</span> <span class='ocrx_word' id='word_1_88' title='bbox 1481 759 1523 796; x_wconf 91' lang='lat' dir='ltr'>in</span> <span class='ocrx_word' id='word_1_89' title='bbox 1543 757 1621 796; x_wconf 89' lang='lat' dir='ltr'>hac</span> 
     </span>
     <span class='ocr_line' id='line_1_10' title="bbox 93 815 1620 882; baseline -0.011 -12"><span class='ocrx_word' id='word_1_90' title='bbox 93 831 179 871; x_wconf 83' lang='lat' dir='ltr'>vita</span> <span class='ocrx_word' id='word_1_91' title='bbox 200 829 386 882; x_wconf 82' lang='lat' dir='ltr'>purgatio</span> <span class='ocrx_word' id='word_1_92' title='bbox 417 825 588 878; x_wconf 75' lang='lat' dir='ltr'>expleri,</span> <span class='ocrx_word' id='word_1_93' title='bbox 627 823 767 862; x_wconf 82' lang='lat' dir='ltr'>saltem</span> <span class='ocrx_word' id='word_1_94' title='bbox 802 821 1008 871; x_wconf 83' lang='lat' dir='ltr'>inchoari,</span> <span class='ocrx_word' id='word_1_95' title='bbox 1048 826 1204 873; x_wconf 85' lang='lat' dir='ltr'>potest,</span> <span class='ocrx_word' id='word_1_96' title='bbox 1232 832 1324 857; x_wconf 89' lang='lat' dir='ltr'>cum</span> <span class='ocrx_word' id='word_1_97' title='bbox 1347 831 1419 870; x_wconf 86' lang='lat' dir='ltr'>per</span> <span class='ocrx_word' id='word_1_98' title='bbox 1439 815 1620 869; x_wconf 82' lang='lat' dir='ltr'>philoso-</span> 
     </span>
     <span class='ocr_line' id='line_1_11' title="bbox 92 877 1621 942; baseline -0.01 -15"><span class='ocrx_word' id='word_1_99' title='bbox 92 888 229 942; x_wconf 84' lang='lat' dir='ltr'>phiam</span> <span class='ocrx_word' id='word_1_100' title='bbox 248 895 337 926; x_wconf 87' lang='lat' dir='ltr'>tum</span> <span class='ocrx_word' id='word_1_101' title='bbox 356 899 429 939; x_wconf 87' lang='lat' dir='ltr'>per</span> <span class='ocrx_word' id='word_1_102' title='bbox 447 882 605 937; x_wconf 84' lang='lat' dir='ltr'>teletas)</span> <span class='ocrx_word' id='word_1_103' title='bbox 633 896 674 921; x_wconf 86' lang='lat' dir='ltr'>v.</span> <span class='ocrx_word' id='word_1_104' title='bbox 695 881 946 930; x_wconf 80' lang='lat'>735—7383</span> <span class='ocrx_word' id='word_1_105' title='bbox 986 880 1131 931; x_wconf 76' lang='lat' dir='ltr'>ltaque</span> <span class='ocrx_word' id='word_1_106' title='bbox 1162 881 1204 916; x_wconf 85' lang='lat' dir='ltr'>in</span> <span class='ocrx_word' id='word_1_107' title='bbox 1224 877 1364 929; x_wconf 82' lang='lat' dir='ltr'>inseris</span> <span class='ocrx_word' id='word_1_108' title='bbox 1395 877 1494 913; x_wconf 77' lang='lat' dir='ltr'>loc-is</span> <span class='ocrx_word' id='word_1_109' title='bbox 1515 889 1621 925; x_wconf 81' lang='lat' dir='ltr'>pnr-</span> 
     </span>
     <span class='ocr_line' id='line_1_12' title="bbox 91 932 1621 999; baseline -0.01 -14"><span class='ocrx_word' id='word_1_110' title='bbox 91 949 257 999; x_wconf 79' lang='lat' dir='ltr'>gatione</span> <span class='ocrx_word' id='word_1_111' title='bbox 279 960 378 996; x_wconf 74' lang='lat' dir='ltr'>opus</span> <span class='ocrx_word' id='word_1_112' title='bbox 398 952 470 993; x_wconf 73' lang='lat' dir='ltr'>est,</span> <span class='ocrx_word' id='word_1_113' title='bbox 497 957 581 994; x_wconf 77' lang='lat' dir='ltr'>qna</span> <span class='ocrx_word' id='word_1_114' title='bbox 598 942 700 979; x_wconf 67' lang='lat' dir='ltr'>vitia</span> <span class='ocrx_word' id='word_1_115' title='bbox 717 942 796 977; x_wconf 76' lang='lat' dir='ltr'>isla</span> <span class='ocrx_word' id='word_1_116' title='bbox 816 937 1062 992; x_wconf 81' lang='lat' dir='ltr'>(animorum</span> <span class='ocrx_word' id='word_1_117' title='bbox 1085 936 1327 989; x_wconf 85' lang='lat' dir='ltr'>cupiditates</span> <span class='ocrx_word' id='word_1_118' title='bbox 1348 940 1387 971; x_wconf 89' lang='lat' dir='ltr'>et</span> <span class='ocrx_word' id='word_1_119' title='bbox 1402 932 1621 986; x_wconf 88' lang='lat' dir='ltr'>perturba—</span> 
     </span>
     <span class='ocr_line' id='line_1_13' title="bbox 93 990 1620 1054; baseline -0.01 -10"><span class='ocrx_word' id='word_1_120' title='bbox 93 1006 240 1054; x_wconf 84' lang='lat' dir='ltr'>tiones,</span> <span class='ocrx_word' id='word_1_121' title='bbox 292 1016 433 1052; x_wconf 86' lang='lat' dir='ltr'>curae,</span> <span class='ocrx_word' id='word_1_122' title='bbox 474 1002 577 1049; x_wconf 86' lang='lat' dir='ltr'>irae,</span> <span class='ocrx_word' id='word_1_123' title='bbox 629 996 831 1050; x_wconf 85' lang='lat' dir='ltr'>libidines)</span> <span class='ocrx_word' id='word_1_124' title='bbox 860 997 1046 1034; x_wconf 69' lang='lat' dir='ltr'>eluantur</span> <span class='ocrx_word' id='word_1_125' title='bbox 1078 1001 1117 1032; x_wconf 89' lang='lat' dir='ltr'>et</span> <span class='ocrx_word' id='word_1_126' title='bbox 1147 994 1378 1032; x_wconf 78' lang='lat' dir='ltr'>eximantur</span> <span class='ocrx_word' id='word_1_127' title='bbox 1404 994 1500 1034; x_wconf 83' lang='lat'>739.</span> <span class='ocrx_word' id='word_1_128' title='bbox 1535 990 1620 1033; x_wconf 82' lang='lat'>740</span> 
     </span>
     <span class='ocr_line' id='line_1_14' title="bbox 95 1051 1620 1116; baseline -0.01 -14"><span class='ocrx_word' id='word_1_129' title='bbox 95 1062 242 1116; x_wconf 89' lang='lat' dir='ltr'>(neque</span> <span class='ocrx_word' id='word_1_130' title='bbox 274 1062 379 1100; x_wconf 87' lang='lat' dir='ltr'>enim</span> <span class='ocrx_word' id='word_1_131' title='bbox 406 1060 514 1113; x_wconf 86' lang='lat' dir='ltr'>parti</span> <span class='ocrx_word' id='word_1_132' title='bbox 535 1057 724 1097; x_wconf 82' lang='lat' dir='ltr'>rationali</span> <span class='ocrx_word' id='word_1_133' title='bbox 753 1056 911 1109; x_wconf 83' lang='lat' dir='ltr'>plenam</span> <span class='ocrx_word' id='word_1_134' title='bbox 937 1060 978 1092; x_wconf 87' lang='lat' dir='ltr'>et</span> <span class='ocrx_word' id='word_1_135' title='bbox 1005 1054 1226 1105; x_wconf 82' lang='lat' dir='ltr'>perfectam</span> <span class='ocrx_word' id='word_1_136' title='bbox 1256 1051 1489 1090; x_wconf 82' lang='lat' dir='ltr'>felicitatem</span> <span class='ocrx_word' id='word_1_137' title='bbox 1521 1062 1620 1086; x_wconf 90' lang='lat' dir='ltr'>con—</span> 
     </span>
     <span class='ocr_line' id='line_1_15' title="bbox 92 1107 1619 1174; baseline -0.01 -14"><span class='ocrx_word' id='word_1_138' title='bbox 92 1124 243 1174; x_wconf 81' lang='lat' dir='ltr'>tingere</span> <span class='ocrx_word' id='word_1_139' title='bbox 275 1133 389 1173; x_wconf 85' lang='lat' dir='ltr'>posse</span> <span class='ocrx_word' id='word_1_140' title='bbox 416 1118 629 1166; x_wconf 85' lang='lat' dir='ltr'>videbant,</span> <span class='ocrx_word' id='word_1_141' title='bbox 672 1114 748 1153; x_wconf 88' lang='lat' dir='ltr'>nisi</span> <span class='ocrx_word' id='word_1_142' title='bbox 775 1115 823 1152; x_wconf 90' lang='lat' dir='ltr'>ab</span> <span class='ocrx_word' id='word_1_143' title='bbox 840 1113 926 1151; x_wconf 88' lang='lat' dir='ltr'>istis</span> <span class='ocrx_word' id='word_1_144' title='bbox 942 1112 1094 1150; x_wconf 87' lang='lat' dir='ltr'>morbis</span> <span class='ocrx_word' id='word_1_145' title='bbox 1121 1125 1167 1149; x_wconf 91' lang='lat' dir='ltr'>ac</span> <span class='ocrx_word' id='word_1_146' title='bbox 1195 1110 1302 1150; x_wconf 84' lang='lat' dir='ltr'>vitiis</span> <span class='ocrx_word' id='word_1_147' title='bbox 1324 1109 1536 1147; x_wconf 84' lang='lat' dir='ltr'>liberatae:</span> <span class='ocrx_word' id='word_1_148' title='bbox 1569 1107 1619 1145; x_wconf 91' lang='lat' dir='ltr'>cf.</span> 
     </span>
     <span class='ocr_line' id='line_1_16' title="bbox 92 1166 1622 1229; baseline -0.012 -9"><span class='ocrx_word' id='word_1_149' title='bbox 92 1181 286 1220; x_wconf 87' lang='lat' dir='ltr'>Brucker.</span> <span class='ocrx_word' id='word_1_150' title='bbox 314 1179 359 1216; x_wconf 89' lang='lat' dir='ltr'>T.</span> <span class='ocrx_word' id='word_1_151' title='bbox 389 1178 420 1226; x_wconf 92' lang='lat' dir='ltr'>I,</span> <span class='ocrx_word' id='word_1_152' title='bbox 459 1191 497 1229; x_wconf 86' lang='lat' dir='ltr'>p.</span> <span class='ocrx_word' id='word_1_153' title='bbox 530 1171 809 1226; x_wconf 78' lang='lat'>713—719).</span> <span class='ocrx_word' id='word_1_154' title='bbox 869 1173 939 1210; x_wconf 75' lang='lat' dir='ltr'>Fa</span> <span class='ocrx_word' id='word_1_155' title='bbox 964 1172 1159 1222; x_wconf 66' lang='lat' dir='ltr'>pmgatio</span> <span class='ocrx_word' id='word_1_156' title='bbox 1188 1183 1301 1216; x_wconf 78' lang='lat' dir='ltr'>aere,</span> <span class='ocrx_word' id='word_1_157' title='bbox 1346 1181 1482 1218; x_wconf 75' lang='lat' dir='ltr'>aqua,</span> <span class='ocrx_word' id='word_1_158' title='bbox 1531 1166 1622 1215; x_wconf 78' lang='lat' dir='ltr'>igni</span> 
     </span>
     <span class='ocr_line' id='line_1_17' title="bbox 95 1225 1620 1285; baseline -0.014 -4"><span class='ocrx_word' id='word_1_159' title='bbox 95 1240 191 1281; x_wconf 76' lang='lat'>740.</span> <span class='ocrx_word' id='word_1_160' title='bbox 211 1238 307 1280; x_wconf 82' lang='lat'>741.</span> <span class='ocrx_word' id='word_1_161' title='bbox 333 1236 417 1278; x_wconf 76' lang='lat'>742</span> <span class='ocrx_word' id='word_1_162' title='bbox 442 1241 482 1273; x_wconf 78' lang='lat' dir='ltr'>et</span> <span class='ocrx_word' id='word_1_163' title='bbox 503 1234 557 1272; x_wconf 91' lang='lat' dir='ltr'>ibi</span> <span class='ocrx_word' id='word_1_164' title='bbox 579 1246 618 1272; x_wconf 87' lang='lat' dir='ltr'>v.</span> <span class='ocrx_word' id='word_1_165' title='bbox 641 1232 734 1270; x_wconf 84' lang='lat' dir='ltr'>Not.</span> <span class='ocrx_word' id='word_1_166' title='bbox 757 1230 849 1285; x_wconf 89' lang='lat' dir='ltr'>(nec</span> <span class='ocrx_word' id='word_1_167' title='bbox 872 1229 1014 1268; x_wconf 82' lang='lat' dir='ltr'>delinit</span> <span class='ocrx_word' id='word_1_168' title='bbox 1032 1234 1170 1281; x_wconf 84' lang='lat' dir='ltr'>poeta,</span> <span class='ocrx_word' id='word_1_169' title='bbox 1216 1240 1295 1278; x_wconf 83' lang='lat' dir='ltr'>qua</span> <span class='ocrx_word' id='word_1_170' title='bbox 1325 1225 1367 1263; x_wconf 90' lang='lat' dir='ltr'>in</span> <span class='ocrx_word' id='word_1_171' title='bbox 1395 1225 1620 1262; x_wconf 82' lang='lat' dir='ltr'>inferorum</span> 
     </span>
     <span class='ocr_line' id='line_1_18' title="bbox 92 1281 1620 1350; baseline -0.01 -14"><span class='ocrx_word' id='word_1_172' title='bbox 92 1303 220 1350; x_wconf 85' lang='lat' dir='ltr'>parte.</span> <span class='ocrx_word' id='word_1_173' title='bbox 282 1295 441 1334; x_wconf 83' lang='lat' dir='ltr'>Scilicet</span> <span class='ocrx_word' id='word_1_174' title='bbox 469 1293 503 1330; x_wconf 89' lang='lat' dir='ltr'>is</span> <span class='ocrx_word' id='word_1_175' title='bbox 522 1291 668 1330; x_wconf 74' lang='lat' dir='ltr'>Hades</span> <span class='ocrx_word' id='word_1_176' title='bbox 688 1296 768 1340; x_wconf 88' lang='lat' dir='ltr'>est,</span> <span class='ocrx_word' id='word_1_177' title='bbox 803 1288 1009 1340; x_wconf 75' lang='lat' dir='ltr'>Aegyptiis</span> <span class='ocrx_word' id='word_1_178' title='bbox 1038 1287 1118 1324; x_wconf 86' lang='lat' dir='ltr'>iam</span> <span class='ocrx_word' id='word_1_179' title='bbox 1141 1286 1235 1324; x_wconf 89' lang='lat' dir='ltr'>olim</span> <span class='ocrx_word' id='word_1_180' title='bbox 1254 1283 1495 1331; x_wconf 75' lang='lat' dir='ltr'>Amentlzes,</span> <span class='ocrx_word' id='word_1_181' title='bbox 1536 1281 1620 1320; x_wconf 83' lang='lat' dir='ltr'>vid.</span> 
     </span>
     <span class='ocr_line' id='line_1_19' title="bbox 92 1342 1621 1401; baseline -0.013 -6"><span class='ocrx_word' id='word_1_182' title='bbox 92 1354 299 1395; x_wconf 85' lang='lat' dir='ltr'>Plutarch.</span> <span class='ocrx_word' id='word_1_183' title='bbox 330 1353 379 1391; x_wconf 87' lang='lat' dir='ltr'>de</span> <span class='ocrx_word' id='word_1_184' title='bbox 407 1353 455 1391; x_wconf 88' lang='lat' dir='ltr'>Is.</span> <span class='ocrx_word' id='word_1_185' title='bbox 478 1358 519 1389; x_wconf 87' lang='lat' dir='ltr'>et</span> <span class='ocrx_word' id='word_1_186' title='bbox 547 1350 652 1388; x_wconf 83' lang='lat' dir='ltr'>Osir.</span> <span class='ocrx_word' id='word_1_187' title='bbox 680 1363 719 1401; x_wconf 88' lang='lat' dir='ltr'>p.</span> <span class='ocrx_word' id='word_1_188' title='bbox 754 1351 837 1389; x_wconf 78' lang='grc'>362</span> <span class='ocrx_word' id='word_1_189' title='bbox 870 1348 936 1397; x_wconf 85' lang='lat' dir='ltr'>D.;</span> <span class='ocrx_word' id='word_1_190' title='bbox 966 1344 1038 1384; x_wconf 85' lang='lat' dir='ltr'>ubi</span> <span class='ocrx_word' id='word_1_191' title='bbox 1062 1342 1369 1396; x_wconf 81' lang='lat' dir='ltr'>interpretatio,</span> <span class='ocrx_word' id='word_1_192' title='bbox 1413 1353 1495 1378; x_wconf 88' lang='lat' dir='ltr'>esse</span> <span class='ocrx_word' id='word_1_193' title='bbox 1528 1352 1621 1376; x_wconf 88' lang='lat' dir='ltr'>eum</span> 
     </span>
     <span class='ocr_line' id='line_1_20' title="bbox 93 1398 1620 1467; baseline -0.014 -11"><span class='ocrx_word' id='word_1_194' title='bbox 93 1412 166 1456; x_wconf 77' lang='grc' dir='ltr'>τόν</span> <span class='ocrx_word' id='word_1_195' title='bbox 188 1411 365 1467; x_wconf 75' lang='grc' dir='ltr'><em>λαβόντα</em></span> <span class='ocrx_word' id='word_1_196' title='bbox 385 1409 454 1451; x_wconf 79' lang='grc' dir='ltr'>καὶ</span> <span class='ocrx_word' id='word_1_197' title='bbox 478 1405 666 1455; x_wconf 78' lang='grc' dir='ltr'><em>διδόντα,</em></span> <span class='ocrx_word' id='word_1_198' title='bbox 698 1405 913 1446; x_wconf 82' lang='lat' dir='ltr'>reserenda</span> <span class='ocrx_word' id='word_1_199' title='bbox 936 1404 1103 1444; x_wconf 85' lang='lat' dir='ltr'>videtur</span> <span class='ocrx_word' id='word_1_200' title='bbox 1135 1403 1187 1441; x_wconf 89' lang='lat' dir='ltr'>ad</span> <span class='ocrx_word' id='word_1_201' title='bbox 1209 1402 1443 1440; x_wconf 84' lang='lat' dir='ltr'>descensum</span> <span class='ocrx_word' id='word_1_202' title='bbox 1464 1398 1620 1436; x_wconf 83' lang='lat' dir='ltr'>anima-</span> 
     </span>
     <span class='ocr_line' id='line_1_21' title="bbox 91 1458 1622 1518; baseline -0.013 -6"><span class='ocrx_word' id='word_1_203' title='bbox 91 1487 185 1512; x_wconf 88' lang='lat' dir='ltr'>rum</span> <span class='ocrx_word' id='word_1_204' title='bbox 216 1479 256 1510; x_wconf 89' lang='lat' dir='ltr'>et</span> <span class='ocrx_word' id='word_1_205' title='bbox 290 1471 465 1510; x_wconf 83' lang='lat' dir='ltr'>reditum</span> <span class='ocrx_word' id='word_1_206' title='bbox 487 1469 529 1505; x_wconf 87' lang='lat' dir='ltr'>in</span> <span class='ocrx_word' id='word_1_207' title='bbox 558 1480 663 1505; x_wconf 83' lang='lat' dir='ltr'>nova</span> <span class='ocrx_word' id='word_1_208' title='bbox 697 1462 899 1518; x_wconf 84' lang='lat' dir='ltr'>corpora).</span> <span class='ocrx_word' id='word_1_209' title='bbox 971 1464 1171 1514; x_wconf 71' lang='lat' dir='ltr'>Purgatio</span> <span class='ocrx_word' id='word_1_210' title='bbox 1187 1474 1306 1512; x_wconf 76' lang='lat' dir='ltr'>porro</span> <span class='ocrx_word' id='word_1_211' title='bbox 1337 1458 1545 1497; x_wconf 73' lang='lat' dir='ltr'>subeunda</span> <span class='ocrx_word' id='word_1_212' title='bbox 1567 1464 1622 1493; x_wconf 82' lang='lat' dir='ltr'>est</span> 
     </span>
     <span class='ocr_line' id='line_1_22' title="bbox 93 1516 1622 1575; baseline -0.012 -6"><span class='ocrx_word' id='word_1_213' title='bbox 93 1531 277 1570; x_wconf 76' lang='lat' dir='ltr'>omnibns</span> <span class='ocrx_word' id='word_1_214' title='bbox 295 1544 334 1569; x_wconf 85' lang='lat' dir='ltr'>V.</span> <span class='ocrx_word' id='word_1_215' title='bbox 356 1528 453 1570; x_wconf 77' lang='lat'>743.</span> <span class='ocrx_word' id='word_1_216' title='bbox 513 1526 637 1575; x_wconf 83' lang='lat' dir='ltr'>Nam,</span> <span class='ocrx_word' id='word_1_217' title='bbox 671 1524 720 1562; x_wconf 83' lang='lat' dir='ltr'>de</span> <span class='ocrx_word' id='word_1_218' title='bbox 744 1523 936 1571; x_wconf 84' lang='lat' dir='ltr'>heroum,</span> <span class='ocrx_word' id='word_1_219' title='bbox 966 1519 1324 1573; x_wconf 82' lang='lat' dir='ltr'>philosophorum,</span> <span class='ocrx_word' id='word_1_220' title='bbox 1357 1523 1396 1555; x_wconf 85' lang='lat' dir='ltr'>et</span> <span class='ocrx_word' id='word_1_221' title='bbox 1419 1516 1622 1553; x_wconf 85' lang='lat' dir='ltr'>bonorum</span> 
     </span>
     <span class='ocr_line' id='line_1_23' title="bbox 97 1572 1621 1638; baseline -0.012 -10"><span class='ocrx_word' id='word_1_222' title='bbox 97 1590 306 1628; x_wconf 83' lang='lat' dir='ltr'>animabus</span> <span class='ocrx_word' id='word_1_223' title='bbox 336 1600 438 1638; x_wconf 84' lang='lat' dir='ltr'>quae</span> <span class='ocrx_word' id='word_1_224' title='bbox 473 1585 585 1624; x_wconf 85' lang='lat' dir='ltr'>Plato</span> <span class='ocrx_word' id='word_1_225' title='bbox 618 1583 758 1632; x_wconf 80' lang='lat' dir='ltr'>addit,</span> <span class='ocrx_word' id='word_1_226' title='bbox 791 1588 910 1633; x_wconf 82' lang='lat' dir='ltr'>poeta</span> <span class='ocrx_word' id='word_1_227' title='bbox 931 1586 1059 1630; x_wconf 71' lang='lat' dir='ltr'>tacet,</span> <span class='ocrx_word' id='word_1_228' title='bbox 1101 1592 1174 1618; x_wconf 82' lang='lat' dir='ltr'>nec</span> <span class='ocrx_word' id='word_1_229' title='bbox 1195 1576 1353 1625; x_wconf 82' lang='lat' dir='ltr'>adiicit,</span> <span class='ocrx_word' id='word_1_230' title='bbox 1385 1574 1485 1626; x_wconf 87' lang='lat' dir='ltr'>quid</span> <span class='ocrx_word' id='word_1_231' title='bbox 1510 1574 1559 1611; x_wconf 87' lang='lat' dir='ltr'>de</span> <span class='ocrx_word' id='word_1_232' title='bbox 1575 1572 1621 1609; x_wconf 88' lang='lat' dir='ltr'>iis</span> 
     </span>
     <span class='ocr_line' id='line_1_24' title="bbox 91 1633 1622 1698; baseline -0.012 -11"><span class='ocrx_word' id='word_1_233' title='bbox 91 1648 184 1698; x_wconf 87' lang='lat' dir='ltr'>fiat,</span> <span class='ocrx_word' id='word_1_234' title='bbox 227 1647 372 1698; x_wconf 90' lang='lat' dir='ltr'>quibus</span> <span class='ocrx_word' id='word_1_235' title='bbox 392 1652 476 1683; x_wconf 86' lang='lat' dir='ltr'>tam</span> <span class='ocrx_word' id='word_1_236' title='bbox 498 1644 576 1681; x_wconf 83' lang='lat' dir='ltr'>alte</span> <span class='ocrx_word' id='word_1_237' title='bbox 603 1643 711 1680; x_wconf 80' lang='lat' dir='ltr'>labes</span> <span class='ocrx_word' id='word_1_238' title='bbox 733 1642 810 1678; x_wconf 88' lang='lat' dir='ltr'>ista</span> <span class='ocrx_word' id='word_1_239' title='bbox 832 1638 1001 1687; x_wconf 81' lang='lat' dir='ltr'>insidet,</span> <span class='ocrx_word' id='word_1_240' title='bbox 1042 1643 1089 1675; x_wconf 87' lang='lat' dir='ltr'>ut</span> <span class='ocrx_word' id='word_1_241' title='bbox 1121 1637 1200 1675; x_wconf 90' lang='lat' dir='ltr'>elui</span> <span class='ocrx_word' id='word_1_242' title='bbox 1227 1640 1425 1685; x_wconf 84' lang='lat' dir='ltr'>nequeat,</span> <span class='ocrx_word' id='word_1_243' title='bbox 1458 1633 1527 1683; x_wconf 88' lang='lat' dir='ltr'>qui</span> <span class='ocrx_word' id='word_1_244' title='bbox 1555 1636 1622 1668; x_wconf 85' lang='lat' dir='ltr'>ta—</span> 
     </span>
     <span class='ocr_line' id='line_1_25' title="bbox 92 1691 1622 1757; baseline -0.012 -12"><span class='ocrx_word' id='word_1_245' title='bbox 92 1720 186 1744; x_wconf 87' lang='lat' dir='ltr'>men</span> <span class='ocrx_word' id='word_1_246' title='bbox 207 1706 343 1757; x_wconf 84' lang='lat' dir='ltr'>plures</span> <span class='ocrx_word' id='word_1_247' title='bbox 366 1716 535 1742; x_wconf 86' lang='lat' dir='ltr'>numero</span> <span class='ocrx_word' id='word_1_248' title='bbox 558 1715 639 1739; x_wconf 84' lang='lat' dir='ltr'>esse</span> <span class='ocrx_word' id='word_1_249' title='bbox 666 1700 835 1749; x_wconf 77' lang='lat' dir='ltr'>debent,</span> <span class='ocrx_word' id='word_1_250' title='bbox 866 1697 1016 1734; x_wconf 88' lang='lat' dir='ltr'>scilicet</span> <span class='ocrx_word' id='word_1_251' title='bbox 1052 1695 1096 1733; x_wconf 89' lang='lat' dir='ltr'>hi</span> <span class='ocrx_word' id='word_1_252' title='bbox 1117 1695 1197 1733; x_wconf 89' lang='lat' dir='ltr'>iam</span> <span class='ocrx_word' id='word_1_253' title='bbox 1222 1699 1314 1732; x_wconf 86' lang='lat' dir='ltr'>ante</span> <span class='ocrx_word' id='word_1_254' title='bbox 1335 1692 1375 1730; x_wconf 88' lang='lat' dir='ltr'>in</span> <span class='ocrx_word' id='word_1_255' title='bbox 1404 1691 1622 1729; x_wconf 83' lang='lat' dir='ltr'>Tartarum</span> 
     </span>
     <span class='ocr_line' id='line_1_26' title="bbox 93 1748 1620 1807; baseline -0.012 -5"><span class='ocrx_word' id='word_1_256' title='bbox 93 1771 211 1803; x_wconf 88' lang='lat' dir='ltr'>erant</span> <span class='ocrx_word' id='word_1_257' title='bbox 231 1762 398 1801; x_wconf 84' lang='lat' dir='ltr'>detrusi.</span> <span class='ocrx_word' id='word_1_258' title='bbox 457 1761 545 1798; x_wconf 84' lang='lat' dir='ltr'>Hoc</span> <span class='ocrx_word' id='word_1_259' title='bbox 564 1771 684 1807; x_wconf 85' lang='lat' dir='ltr'>vero,</span> <span class='ocrx_word' id='word_1_260' title='bbox 716 1757 747 1795; x_wconf 89' lang='lat' dir='ltr'>si</span> <span class='ocrx_word' id='word_1_261' title='bbox 767 1755 888 1794; x_wconf 90' lang='lat' dir='ltr'>modo</span> <span class='ocrx_word' id='word_1_262' title='bbox 919 1769 941 1792; x_wconf 89' lang='lat' dir='ltr'>a</span> <span class='ocrx_word' id='word_1_263' title='bbox 966 1760 1085 1806; x_wconf 81' lang='lat' dir='ltr'>poeta</span> <span class='ocrx_word' id='word_1_264' title='bbox 1109 1759 1189 1802; x_wconf 87' lang='lat' dir='ltr'>est,</span> <span class='ocrx_word' id='word_1_265' title='bbox 1222 1751 1354 1790; x_wconf 86' lang='lat' dir='ltr'>addit:</span> <span class='ocrx_word' id='word_1_266' title='bbox 1398 1763 1419 1786; x_wconf 86' lang='lat' dir='ltr'>a</span> <span class='ocrx_word' id='word_1_267' title='bbox 1449 1748 1620 1786; x_wconf 86' lang='lat' dir='ltr'>crassio-</span> 
     </span>
     <span class='ocr_line' id='line_1_27' title="bbox 95 1805 1620 1865; baseline -0.012 -4"><span class='ocrx_word' id='word_1_268' title='bbox 95 1823 207 1862; x_wconf 87' lang='lat' dir='ltr'>ribus</span> <span class='ocrx_word' id='word_1_269' title='bbox 229 1820 416 1859; x_wconf 87' lang='lat' dir='ltr'>sordibus</span> <span class='ocrx_word' id='word_1_270' title='bbox 442 1817 622 1865; x_wconf 87' lang='lat' dir='ltr'>liberati,</span> <span class='ocrx_word' id='word_1_271' title='bbox 655 1815 708 1853; x_wconf 86' lang='lat' dir='ltr'>ad</span> <span class='ocrx_word' id='word_1_272' title='bbox 730 1813 910 1865; x_wconf 86' lang='lat' dir='ltr'>Elysium</span> <span class='ocrx_word' id='word_1_273' title='bbox 928 1812 1169 1863; x_wconf 81' lang='lat' dir='ltr'>mittuntur,</span> <span class='ocrx_word' id='word_1_274' title='bbox 1202 1810 1270 1847; x_wconf 90' lang='lat' dir='ltr'>sed</span> <span class='ocrx_word' id='word_1_275' title='bbox 1296 1810 1445 1860; x_wconf 71' lang='lat' dir='ltr'>pauci,</span> <span class='ocrx_word' id='word_1_276' title='bbox 1487 1806 1515 1843; x_wconf 87' lang='lat' dir='ltr'>ii</span> <span class='ocrx_word' id='word_1_277' title='bbox 1542 1805 1620 1842; x_wconf 81' lang='lat' dir='ltr'>sci-</span> 
     </span>
     <span class='ocr_line' id='line_1_28' title="bbox 93 1862 1620 1930; baseline -0.012 -10"><span class='ocrx_word' id='word_1_278' title='bbox 93 1881 208 1930; x_wconf 86' lang='lat' dir='ltr'>licet,</span> <span class='ocrx_word' id='word_1_279' title='bbox 243 1880 388 1930; x_wconf 83' lang='lat' dir='ltr'>quibus</span> <span class='ocrx_word' id='word_1_280' title='bbox 409 1878 544 1915; x_wconf 86' lang='lat' dir='ltr'>inusta</span> <span class='ocrx_word' id='word_1_281' title='bbox 566 1874 664 1913; x_wconf 84' lang='lat' dir='ltr'>vitia</span> <span class='ocrx_word' id='word_1_282' title='bbox 695 1873 773 1910; x_wconf 87' lang='lat' dir='ltr'>elui</span> <span class='ocrx_word' id='word_1_283' title='bbox 804 1876 995 1922; x_wconf 81' lang='lat' dir='ltr'>possunt,</span> <span class='ocrx_word' id='word_1_284' title='bbox 1035 1884 1079 1907; x_wconf 80' lang='lat' dir='ltr'>eo</span> <span class='ocrx_word' id='word_1_285' title='bbox 1100 1869 1346 1919; x_wconf 65' lang='lat' dir='ltr'>perveniunt.</span> <span class='ocrx_word' id='word_1_286' title='bbox 1408 1863 1503 1905; x_wconf 75' lang='lat'>743.</span> <span class='ocrx_word' id='word_1_287' title='bbox 1523 1862 1620 1904; x_wconf 73' lang='lat'>744.</span> 
     </span>
     <span class='ocr_line' id='line_1_29' title="bbox 95 1922 1621 1986; baseline -0.013 -9"><span class='ocrx_word' id='word_1_288' title='bbox 95 1939 332 1978; x_wconf 71' lang='lat' dir='ltr'>Absolvimr</span> <span class='ocrx_word' id='word_1_289' title='bbox 348 1937 430 1983; x_wconf 77' lang='lat' dir='ltr'>lzz&#39;c,</span> <span class='ocrx_word' id='word_1_290' title='bbox 466 1936 497 1972; x_wconf 90' lang='lat' dir='ltr'>si</span> <span class='ocrx_word' id='word_1_291' title='bbox 514 1939 656 1986; x_wconf 84' lang='lat' dir='ltr'>poetae</span> <span class='ocrx_word' id='word_1_292' title='bbox 674 1943 815 1970; x_wconf 85' lang='lat' dir='ltr'>versus</span> <span class='ocrx_word' id='word_1_293' title='bbox 845 1929 889 1967; x_wconf 84' lang='lat' dir='ltr'>hi</span> <span class='ocrx_word' id='word_1_294' title='bbox 917 1933 1033 1976; x_wconf 87' lang='lat' dir='ltr'>sunt,</span> <span class='ocrx_word' id='word_1_295' title='bbox 1057 1929 1255 1977; x_wconf 76' lang='lat' dir='ltr'>purgatio</span> <span class='ocrx_word' id='word_1_296' title='bbox 1270 1955 1281 1974; x_wconf 87' lang='lat'>,</span> <span class='ocrx_word' id='word_1_297' title='bbox 1316 1925 1557 1973; x_wconf 80' lang='lat' dir='ltr'>animaeque</span> <span class='ocrx_word' id='word_1_298' title='bbox 1579 1922 1621 1957; x_wconf 84' lang='lat' dir='ltr'>in</span> 
     </span>
     <span class='ocr_line' id='line_1_30' title="bbox 85 1977 1620 2049; baseline -0.013 -14"><span class='ocrx_word' id='word_1_299' title='bbox 85 1999 307 2049; x_wconf 75' lang='lat' dir='ltr'>pristinam</span> <span class='ocrx_word' id='word_1_300' title='bbox 324 1995 543 2046; x_wconf 75' lang='lat' dir='ltr'>puritatem</span> <span class='ocrx_word' id='word_1_301' title='bbox 564 1991 771 2029; x_wconf 80' lang='lat' dir='ltr'>aellzereae</span> <span class='ocrx_word' id='word_1_302' title='bbox 786 1996 956 2025; x_wconf 79' lang='lat' dir='ltr'>naturae</span> <span class='ocrx_word' id='word_1_303' title='bbox 973 1988 1244 2023; x_wconf 74' lang='lat' dir='ltr'>restituuntur.</span> <span class='ocrx_word' id='word_1_304' title='bbox 1291 1981 1388 2024; x_wconf 79' lang='grc'><strong>745.</strong></span> <span class='ocrx_word' id='word_1_305' title='bbox 1408 1980 1505 2022; x_wconf 75' lang='grc'><strong>746.</strong></span> <span class='ocrx_word' id='word_1_306' title='bbox 1525 1977 1620 2020; x_wconf 81' lang='grc'><strong>747.</strong></span> 
     </span>
     <span class='ocr_line' id='line_1_31' title="bbox 95 2042 1621 2103; baseline -0.014 -9"><span class='ocrx_word' id='word_1_307' title='bbox 95 2058 199 2095; x_wconf 78' lang='lat' dir='ltr'>Post</span> <span class='ocrx_word' id='word_1_308' title='bbox 227 2054 338 2091; x_wconf 76' lang='lat' dir='ltr'>rnille</span> <span class='ocrx_word' id='word_1_309' title='bbox 368 2066 495 2090; x_wconf 79' lang='lat' dir='ltr'>annos</span> <span class='ocrx_word' id='word_1_310' title='bbox 521 2050 620 2103; x_wconf 90' lang='lat' dir='ltr'>(non</span> <span class='ocrx_word' id='word_1_311' title='bbox 653 2047 864 2095; x_wconf 84' lang='lat' dir='ltr'>definitur,</span> <span class='ocrx_word' id='word_1_312' title='bbox 905 2044 1227 2098; x_wconf 81' lang='lat' dir='ltr'>purgationisne,</span> <span class='ocrx_word' id='word_1_313' title='bbox 1269 2054 1338 2089; x_wconf 89' lang='lat' dir='ltr'>an,</span> <span class='ocrx_word' id='word_1_314' title='bbox 1381 2052 1426 2076; x_wconf 87' lang='lat' dir='ltr'>ea</span> <span class='ocrx_word' id='word_1_315' title='bbox 1446 2042 1621 2090; x_wconf 84' lang='lat' dir='ltr'>peracta,</span> 
     </span>
     <span class='ocr_line' id='line_1_32' title="bbox 95 2094 1621 2160; baseline -0.014 -8"><span class='ocrx_word' id='word_1_316' title='bbox 95 2114 204 2152; x_wconf 87' lang='lat' dir='ltr'>mille</span> <span class='ocrx_word' id='word_1_317' title='bbox 232 2112 349 2150; x_wconf 89' lang='lat' dir='ltr'>annis</span> <span class='ocrx_word' id='word_1_318' title='bbox 388 2111 496 2148; x_wconf 89' lang='lat' dir='ltr'>inter</span> <span class='ocrx_word' id='word_1_319' title='bbox 533 2107 656 2160; x_wconf 80' lang='lat' dir='ltr'>Elysii</span> <span class='ocrx_word' id='word_1_320' title='bbox 689 2104 847 2144; x_wconf 83' lang='lat' dir='ltr'>delicias</span> <span class='ocrx_word' id='word_1_321' title='bbox 883 2101 1048 2155; x_wconf 76' lang='lat' dir='ltr'>exactis)</span> <span class='ocrx_word' id='word_1_322' title='bbox 1101 2098 1316 2139; x_wconf 70' lang='lat' dir='ltr'>animabus</span> <span class='ocrx_word' id='word_1_323' title='bbox 1346 2097 1410 2134; x_wconf 70' lang='lat' dir='ltr'>his</span> <span class='ocrx_word' id='word_1_324' title='bbox 1439 2094 1621 2133; x_wconf 77' lang='lat' dir='ltr'>omnihus</span> 
     </span>
     <span class='ocr_line' id='line_1_33' title="bbox 97 2154 1622 2224; baseline -0.014 -13"><span class='ocrx_word' id='word_1_325' title='bbox 97 2170 218 2224; x_wconf 76' lang='grc'><strong>(748)</strong></span> <span class='ocrx_word' id='word_1_326' title='bbox 241 2185 348 2208; x_wconf 66' lang='lat' dir='ltr'>nova</span> <span class='ocrx_word' id='word_1_327' title='bbox 373 2182 540 2219; x_wconf 66' lang='lat' dir='ltr'>corpora</span> <span class='ocrx_word' id='word_1_328' title='bbox 563 2174 654 2204; x_wconf 75' lang='lat' dir='ltr'>szmc</span> <span class='ocrx_word' id='word_1_329' title='bbox 674 2163 964 2215; x_wconf 68' lang='lat' dir='ltr'>ingredienda,</span> <span class='ocrx_word' id='word_1_330' title='bbox 1013 2160 1123 2212; x_wconf 74' lang='lat' dir='ltr'>quod</span> <span class='ocrx_word' id='word_1_331' title='bbox 1148 2167 1368 2209; x_wconf 73' lang='lat' dir='ltr'>antequam</span> <span class='ocrx_word' id='word_1_332' title='bbox 1382 2155 1469 2203; x_wconf 78' lang='lat' dir='ltr'>fiat</span> <span class='ocrx_word' id='word_1_333' title='bbox 1482 2183 1492 2202; x_wconf 92' lang='lat'>,</span> <span class='ocrx_word' id='word_1_334' title='bbox 1534 2154 1622 2190; x_wconf 82' lang='lat' dir='ltr'>Le-</span> 
     </span>
     <span class='ocr_line' id='line_1_34' title="bbox 93 2211 1622 2275; baseline -0.014 -7"><span class='ocrx_word' id='word_1_335' title='bbox 93 2230 158 2268; x_wconf 71' lang='lat' dir='ltr'>tlze</span> <span class='ocrx_word' id='word_1_336' title='bbox 187 2229 357 2266; x_wconf 72' lang='lat' dir='ltr'>bibenda</span> <span class='ocrx_word' id='word_1_337' title='bbox 389 2235 469 2275; x_wconf 77' lang='lat' dir='ltr'>est,</span> <span class='ocrx_word' id='word_1_338' title='bbox 501 2224 743 2267; x_wconf 80' lang='lat'>748—751.</span> <span class='ocrx_word' id='word_1_339' title='bbox 769 2221 839 2272; x_wconf 87' lang='lat' dir='ltr'>qui</span> <span class='ocrx_word' id='word_1_340' title='bbox 869 2219 996 2258; x_wconf 86' lang='lat' dir='ltr'>amnis</span> <span class='ocrx_word' id='word_1_341' title='bbox 1017 2218 1140 2270; x_wconf 83' lang='lat' dir='ltr'>Elysii</span> <span class='ocrx_word' id='word_1_342' title='bbox 1177 2217 1277 2255; x_wconf 87' lang='lat' dir='ltr'>fines</span> <span class='ocrx_word' id='word_1_343' title='bbox 1307 2211 1622 2266; x_wconf 82' lang='lat' dir='ltr'>praeterlabitur</span> 
     </span>
     <span class='ocr_line' id='line_1_35' title="bbox 95 2268 1622 2342; baseline -0.014 -15"><span class='ocrx_word' id='word_1_344' title='bbox 95 2287 231 2342; x_wconf 86' lang='lat'>(705).</span> <span class='ocrx_word' id='word_1_345' title='bbox 293 2286 399 2324; x_wconf 90' lang='lat' dir='ltr'>Illud</span> <span class='ocrx_word' id='word_1_346' title='bbox 420 2285 541 2336; x_wconf 73' lang='lat' dir='ltr'>igitur</span> <span class='ocrx_word' id='word_1_347' title='bbox 560 2296 641 2320; x_wconf 87' lang='lat' dir='ltr'>non</span> <span class='ocrx_word' id='word_1_348' title='bbox 661 2281 840 2319; x_wconf 84' lang='lat' dir='ltr'>declarat</span> <span class='ocrx_word' id='word_1_349' title='bbox 867 2284 984 2331; x_wconf 90' lang='lat' dir='ltr'>poeta</span> <span class='ocrx_word' id='word_1_350' title='bbox 998 2307 1008 2326; x_wconf 88' lang='lat'>,</span> <span class='ocrx_word' id='word_1_351' title='bbox 1048 2278 1099 2326; x_wconf 83' lang='lat' dir='ltr'>si,</span> <span class='ocrx_word' id='word_1_352' title='bbox 1141 2280 1234 2328; x_wconf 85' lang='lat' dir='ltr'>post</span> <span class='ocrx_word' id='word_1_353' title='bbox 1251 2272 1429 2312; x_wconf 85' lang='lat' dir='ltr'>reditum</span> <span class='ocrx_word' id='word_1_354' title='bbox 1450 2269 1562 2308; x_wconf 83' lang='lat' dir='ltr'>hunc</span> <span class='ocrx_word' id='word_1_355' title='bbox 1579 2268 1622 2306; x_wconf 86' lang='lat' dir='ltr'>in</span> 
     </span>
     <span class='ocr_line' id='line_1_36' title="bbox 95 2333 1623 2397; baseline -0.014 -13"><span class='ocrx_word' id='word_1_356' title='bbox 95 2359 278 2397; x_wconf 82' lang='lat' dir='ltr'>corpora,</span> <span class='ocrx_word' id='word_1_357' title='bbox 308 2345 457 2383; x_wconf 83' lang='lat' dir='ltr'>iterum</span> <span class='ocrx_word' id='word_1_358' title='bbox 474 2343 516 2380; x_wconf 92' lang='lat' dir='ltr'>in</span> <span class='ocrx_word' id='word_1_359' title='bbox 534 2342 693 2379; x_wconf 83' lang='lat' dir='ltr'>inferna</span> <span class='ocrx_word' id='word_1_360' title='bbox 720 2339 809 2376; x_wconf 85' lang='lat' dir='ltr'>loca</span> <span class='ocrx_word' id='word_1_361' title='bbox 834 2335 1135 2384; x_wconf 81' lang='lat' dir='ltr'>descenderint,</span> <span class='ocrx_word' id='word_1_362' title='bbox 1179 2334 1407 2381; x_wconf 87' lang='lat' dir='ltr'>iterumque</span> <span class='ocrx_word' id='word_1_363' title='bbox 1429 2333 1623 2380; x_wconf 77' lang='lat' dir='ltr'>purgatae</span> 
     </span>
     <span class='ocr_line' id='line_1_37' title="bbox 97 2385 1623 2454; baseline -0.014 -12"><span class='ocrx_word' id='word_1_364' title='bbox 97 2405 272 2452; x_wconf 86' lang='lat' dir='ltr'>suerint,</span> <span class='ocrx_word' id='word_1_365' title='bbox 323 2413 530 2454; x_wconf 88' lang='lat' dir='ltr'>semperne</span> <span class='ocrx_word' id='word_1_366' title='bbox 560 2399 668 2437; x_wconf 87' lang='lat' dir='ltr'>idem</span> <span class='ocrx_word' id='word_1_367' title='bbox 695 2410 835 2436; x_wconf 84' lang='lat' dir='ltr'>rerum</span> <span class='ocrx_word' id='word_1_368' title='bbox 877 2394 1005 2444; x_wconf 86' lang='lat' dir='ltr'>orbis,</span> <span class='ocrx_word' id='word_1_369' title='bbox 1057 2392 1218 2431; x_wconf 83' lang='lat' dir='ltr'>eaedem</span> <span class='ocrx_word' id='word_1_370' title='bbox 1247 2390 1354 2429; x_wconf 82' lang='lat' dir='ltr'>vices</span> <span class='ocrx_word' id='word_1_371' title='bbox 1388 2385 1623 2426; x_wconf 88' lang='lat' dir='ltr'>subeundae</span> 
     </span>
     <span class='ocr_line' id='line_1_38' title="bbox 96 2443 1621 2511; baseline -0.013 -12"><span class='ocrx_word' id='word_1_372' title='bbox 96 2462 199 2510; x_wconf 89' lang='lat' dir='ltr'>sint,</span> <span class='ocrx_word' id='word_1_373' title='bbox 232 2476 306 2510; x_wconf 85' lang='lat' dir='ltr'>an,</span> <span class='ocrx_word' id='word_1_374' title='bbox 339 2460 448 2511; x_wconf 90' lang='lat' dir='ltr'>quod</span> <span class='ocrx_word' id='word_1_375' title='bbox 477 2470 689 2496; x_wconf 88' lang='lat' dir='ltr'>commune</span> <span class='ocrx_word' id='word_1_376' title='bbox 709 2456 787 2494; x_wconf 79' lang='lat' dir='ltr'>fuit</span> <span class='ocrx_word' id='word_1_377' title='bbox 813 2453 971 2493; x_wconf 82' lang='lat' dir='ltr'>Platoni</span> <span class='ocrx_word' id='word_1_378' title='bbox 1004 2450 1062 2505; x_wconf 89' lang='lat' dir='ltr'>(v.</span> <span class='ocrx_word' id='word_1_379' title='bbox 1080 2452 1186 2502; x_wconf 86' lang='lat' dir='ltr'>inpr.</span> <span class='ocrx_word' id='word_1_380' title='bbox 1210 2449 1438 2496; x_wconf 74' lang='lat' dir='ltr'>Timaeum,</span> <span class='ocrx_word' id='word_1_381' title='bbox 1470 2451 1560 2482; x_wconf 89' lang='lat' dir='ltr'>tum</span> <span class='ocrx_word' id='word_1_382' title='bbox 1579 2443 1621 2480; x_wconf 88' lang='lat' dir='ltr'>in</span> 
     </span>
     <span class='ocr_line' id='line_1_39' title="bbox 95 2502 1621 2566; baseline -0.013 -8"><span class='ocrx_word' id='word_1_383' title='bbox 95 2519 280 2558; x_wconf 85' lang='lat' dir='ltr'>Phaedro</span> <span class='ocrx_word' id='word_1_384' title='bbox 309 2521 431 2559; x_wconf 86' lang='grc'>1222.</span> <span class='ocrx_word' id='word_1_385' title='bbox 462 2516 666 2554; x_wconf 86' lang='lat' dir='ltr'>Phaedon.</span> <span class='ocrx_word' id='word_1_386' title='bbox 690 2528 728 2566; x_wconf 87' lang='lat' dir='ltr'>p.</span> <span class='ocrx_word' id='word_1_387' title='bbox 750 2513 804 2556; x_wconf 75' lang='grc'>84</span> <span class='ocrx_word' id='word_1_388' title='bbox 826 2513 872 2551; x_wconf 89' lang='lat' dir='ltr'>D.</span> <span class='ocrx_word' id='word_1_389' title='bbox 904 2511 953 2549; x_wconf 89' lang='lat' dir='ltr'>de</span> <span class='ocrx_word' id='word_1_390' title='bbox 980 2511 1079 2562; x_wconf 80' lang='lat' dir='ltr'>Rep.</span> <span class='ocrx_word' id='word_1_391' title='bbox 1107 2512 1188 2551; x_wconf 75' lang='grc'><strong>761</strong></span> <span class='ocrx_word' id='word_1_392' title='bbox 1220 2508 1264 2545; x_wconf 92' lang='lat' dir='ltr'>D.</span> <span class='ocrx_word' id='word_1_393' title='bbox 1282 2504 1343 2559; x_wconf 88' lang='lat' dir='ltr'>E.)</span> <span class='ocrx_word' id='word_1_394' title='bbox 1377 2517 1469 2542; x_wconf 87' lang='lat' dir='ltr'>cum</span> <span class='ocrx_word' id='word_1_395' title='bbox 1487 2502 1621 2552; x_wconf 85' lang='lat' dir='ltr'>Aegy-</span> 
     </span>
     <span class='ocr_line' id='line_1_40' title="bbox 94 2563 1619 2630; baseline -0.014 -14"><span class='ocrx_word' id='word_1_396' title='bbox 94 2577 189 2630; x_wconf 83' lang='lat' dir='ltr'>ptiis</span> <span class='ocrx_word' id='word_1_397' title='bbox 212 2583 252 2614; x_wconf 87' lang='lat' dir='ltr'>et</span> <span class='ocrx_word' id='word_1_398' title='bbox 272 2575 530 2626; x_wconf 78' lang='lat' dir='ltr'>Pythagoreis</span> <span class='ocrx_word' id='word_1_399' title='bbox 554 2573 769 2626; x_wconf 84' lang='lat' dir='ltr'>placitum,</span> <span class='ocrx_word' id='word_1_400' title='bbox 802 2571 875 2608; x_wconf 90' lang='lat' dir='ltr'>etsi</span> <span class='ocrx_word' id='word_1_401' title='bbox 896 2569 1017 2608; x_wconf 82' lang='lat' dir='ltr'>variis</span> <span class='ocrx_word' id='word_1_402' title='bbox 1039 2567 1169 2607; x_wconf 90' lang='lat' dir='ltr'>modis</span> <span class='ocrx_word' id='word_1_403' title='bbox 1195 2565 1342 2617; x_wconf 85' lang='lat' dir='ltr'>passim</span> <span class='ocrx_word' id='word_1_404' title='bbox 1361 2563 1619 2606; x_wconf 79' lang='lat' dir='ltr'>illustratum,</span> 
     </span>
     <span class='ocr_line' id='line_1_41' title="bbox 97 2616 1621 2685; baseline -0.012 -12"><span class='ocrx_word' id='word_1_405' title='bbox 97 2635 252 2674; x_wconf 75' lang='lat' dir='ltr'>animae</span> <span class='ocrx_word' id='word_1_406' title='bbox 275 2635 364 2672; x_wconf 87' lang='lat' dir='ltr'>illae</span> <span class='ocrx_word' id='word_1_407' title='bbox 392 2639 481 2685; x_wconf 89' lang='lat' dir='ltr'>post</span> <span class='ocrx_word' id='word_1_408' title='bbox 498 2633 593 2670; x_wconf 83' lang='lat' dir='ltr'>satis</span> <span class='ocrx_word' id='word_1_409' title='bbox 611 2631 757 2669; x_wconf 87' lang='lat' dir='ltr'>multas</span> <span class='ocrx_word' id='word_1_410' title='bbox 783 2628 1039 2679; x_wconf 77' lang='lat' dir='ltr'>migrationes</span> <span class='ocrx_word' id='word_1_411' title='bbox 1062 2627 1104 2664; x_wconf 89' lang='lat' dir='ltr'>in</span> <span class='ocrx_word' id='word_1_412' title='bbox 1133 2636 1325 2675; x_wconf 72' lang='lat' dir='ltr'>corpora,</span> <span class='ocrx_word' id='word_1_413' title='bbox 1367 2626 1405 2658; x_wconf 88' lang='lat' dir='ltr'>et</span> <span class='ocrx_word' id='word_1_414' title='bbox 1428 2616 1621 2668; x_wconf 80' lang='lat' dir='ltr'>repetitas</span> 
     </span>
     <span class='ocr_line' id='line_1_42' title="bbox 97 2674 1620 2747; baseline -0.015 -15"><span class='ocrx_word' id='word_1_415' title='bbox 97 2692 377 2747; x_wconf 77' lang='lat' dir='ltr'>purgationeS,</span> <span class='ocrx_word' id='word_1_416' title='bbox 418 2690 581 2728; x_wconf 82' lang='lat' dir='ltr'>tandein</span> <span class='ocrx_word' id='word_1_417' title='bbox 606 2690 663 2727; x_wconf 88' lang='lat' dir='ltr'>ita</span> <span class='ocrx_word' id='word_1_418' title='bbox 692 2687 801 2726; x_wconf 88' lang='lat' dir='ltr'>omni</span> <span class='ocrx_word' id='word_1_419' title='bbox 835 2687 924 2724; x_wconf 88' lang='lat' dir='ltr'>labe</span> <span class='ocrx_word' id='word_1_420' title='bbox 949 2686 1128 2723; x_wconf 85' lang='lat' dir='ltr'>abstersa</span> <span class='ocrx_word' id='word_1_421' title='bbox 1158 2682 1335 2728; x_wconf 84' lang='lat' dir='ltr'>niteant,</span> <span class='ocrx_word' id='word_1_422' title='bbox 1381 2682 1429 2715; x_wconf 89' lang='lat' dir='ltr'>ut</span> <span class='ocrx_word' id='word_1_423' title='bbox 1461 2674 1620 2712; x_wconf 85' lang='lat' dir='ltr'>divinae</span> 
     </span>
     <span class='ocr_line' id='line_1_43' title="bbox 96 2732 1622 2793; baseline -0.015 -2"><span class='ocrx_word' id='word_1_424' title='bbox 96 2758 266 2790; x_wconf 86' lang='lat' dir='ltr'>naturae</span> <span class='ocrx_word' id='word_1_425' title='bbox 294 2751 443 2788; x_wconf 84' lang='lat' dir='ltr'>iterum</span> <span class='ocrx_word' id='word_1_426' title='bbox 477 2747 783 2793; x_wconf 85' lang='lat' dir='ltr'>assimulentur,</span> <span class='ocrx_word' id='word_1_427' title='bbox 820 2745 865 2782; x_wconf 87' lang='lat' dir='ltr'>in</span> <span class='ocrx_word' id='word_1_428' title='bbox 890 2743 998 2781; x_wconf 89' lang='lat' dir='ltr'>hanc</span> <span class='ocrx_word' id='word_1_429' title='bbox 1016 2741 1304 2786; x_wconf 81' lang='lat' dir='ltr'>revolvantur,</span> <span class='ocrx_word' id='word_1_430' title='bbox 1345 2734 1401 2772; x_wconf 88' lang='lat' dir='ltr'>dii</span> <span class='ocrx_word' id='word_1_431' title='bbox 1431 2746 1500 2770; x_wconf 84' lang='lat' dir='ltr'>seu</span> <span class='ocrx_word' id='word_1_432' title='bbox 1522 2732 1622 2770; x_wconf 88' lang='lat' dir='ltr'>dae-</span> 
     </span>
     <span class='ocr_line' id='line_1_44' title="bbox 96 2795 1621 2857; baseline -0.015 -8"><span class='ocrx_word' id='word_1_433' title='bbox 96 2823 235 2849; x_wconf 87' lang='lat' dir='ltr'>mones</span> <span class='ocrx_word' id='word_1_434' title='bbox 261 2809 381 2857; x_wconf 87' lang='lat' dir='ltr'>fiant,</span> <span class='ocrx_word' id='word_1_435' title='bbox 417 2807 558 2844; x_wconf 89' lang='lat' dir='ltr'>saltem</span> <span class='ocrx_word' id='word_1_436' title='bbox 576 2805 618 2842; x_wconf 89' lang='lat' dir='ltr'>in</span> <span class='ocrx_word' id='word_1_437' title='bbox 649 2817 788 2842; x_wconf 89' lang='lat' dir='ltr'>eorum</span> <span class='ocrx_word' id='word_1_438' title='bbox 808 2800 1090 2839; x_wconf 85' lang='lat' dir='ltr'>commercium</span> <span class='ocrx_word' id='word_1_439' title='bbox 1124 2796 1412 2842; x_wconf 74' lang='lat' dir='ltr'>admittantur,</span> <span class='ocrx_word' id='word_1_440' title='bbox 1444 2797 1534 2840; x_wconf 83' lang='lat' dir='ltr'>aut,</span> <span class='ocrx_word' id='word_1_441' title='bbox 1573 2795 1621 2827; x_wconf 85' lang='lat' dir='ltr'>ut</span> 
     </span>
     <span class='ocr_line' id='line_1_45' title="bbox 97 2848 1621 2920; baseline -0.015 -13"><span class='ocrx_word' id='word_1_442' title='bbox 97 2868 163 2906; x_wconf 82' lang='lat' dir='ltr'>alii</span> <span class='ocrx_word' id='word_1_443' title='bbox 185 2867 441 2920; x_wconf 76' lang='lat' dir='ltr'>exprimunt,</span> <span class='ocrx_word' id='word_1_444' title='bbox 471 2864 513 2902; x_wconf 86' lang='lat' dir='ltr'>in</span> <span class='ocrx_word' id='word_1_445' title='bbox 532 2863 676 2909; x_wconf 76' lang='lat' dir='ltr'>solem,</span> <span class='ocrx_word' id='word_1_446' title='bbox 706 2861 748 2898; x_wconf 89' lang='lat' dir='ltr'>in</span> <span class='ocrx_word' id='word_1_447' title='bbox 769 2860 922 2906; x_wconf 77' lang='lat' dir='ltr'>sidera,</span> <span class='ocrx_word' id='word_1_448' title='bbox 961 2857 1001 2895; x_wconf 89' lang='lat' dir='ltr'>in</span> <span class='ocrx_word' id='word_1_449' title='bbox 1023 2856 1175 2894; x_wconf 85' lang='lat' dir='ltr'>caelum</span> <span class='ocrx_word' id='word_1_450' title='bbox 1191 2884 1200 2902; x_wconf 95' lang='lat'>,</span> <span class='ocrx_word' id='word_1_451' title='bbox 1238 2855 1280 2891; x_wconf 89' lang='lat' dir='ltr'>in</span> <span class='ocrx_word' id='word_1_452' title='bbox 1307 2852 1464 2890; x_wconf 86' lang='lat' dir='ltr'>beatam</span> <span class='ocrx_word' id='word_1_453' title='bbox 1487 2848 1621 2886; x_wconf 87' lang='lat' dir='ltr'>sedem</span> 
     </span>
     <span class='ocr_line' id='line_1_46' title="bbox 96 2904 1622 2974; baseline -0.015 -9"><span class='ocrx_word' id='word_1_454' title='bbox 96 2925 386 2974; x_wconf 86' lang='lat' dir='ltr'>traducantur,</span> <span class='ocrx_word' id='word_1_455' title='bbox 438 2922 479 2961; x_wconf 90' lang='lat' dir='ltr'>h.</span> <span class='ocrx_word' id='word_1_456' title='bbox 515 2935 546 2960; x_wconf 92' lang='lat' dir='ltr'>e.</span> <span class='ocrx_word' id='word_1_457' title='bbox 577 2920 628 2959; x_wconf 87' lang='lat' dir='ltr'>ad</span> <span class='ocrx_word' id='word_1_458' title='bbox 665 2919 838 2957; x_wconf 82' lang='lat' dir='ltr'>animam</span> <span class='ocrx_word' id='word_1_459' title='bbox 874 2915 1017 2954; x_wconf 89' lang='lat' dir='ltr'>mundi</span> <span class='ocrx_word' id='word_1_460' title='bbox 1053 2919 1285 2964; x_wconf 77' lang='lat' dir='ltr'>cognatam,</span> <span class='ocrx_word' id='word_1_461' title='bbox 1324 2916 1530 2958; x_wconf 83' lang='lat' dir='ltr'>tamquam</span> <span class='ocrx_word' id='word_1_462' title='bbox 1571 2904 1622 2943; x_wconf 84' lang='lat' dir='ltr'>ad</span> 
     </span>
     <span class='ocr_line' id='line_1_47' title="bbox 97 2962 1621 3033; baseline -0.016 -9"><span class='ocrx_word' id='word_1_463' title='bbox 97 2984 248 3023; x_wconf 81' lang='lat' dir='ltr'>sontem</span> <span class='ocrx_word' id='word_1_464' title='bbox 282 2996 425 3033; x_wconf 89' lang='lat' dir='ltr'>suum,</span> <span class='ocrx_word' id='word_1_465' title='bbox 477 2980 658 3020; x_wconf 80' lang='lat' dir='ltr'>redeant.</span> <span class='ocrx_word' id='word_1_466' title='bbox 739 2976 826 3016; x_wconf 84' lang='lat' dir='ltr'>Hoc</span> <span class='ocrx_word' id='word_1_467' title='bbox 865 2974 973 3013; x_wconf 83' lang='lat' dir='ltr'>idem</span> <span class='ocrx_word' id='word_1_468' title='bbox 1005 2972 1205 3012; x_wconf 85' lang='lat' dir='ltr'>Pindarus</span> <span class='ocrx_word' id='word_1_469' title='bbox 1238 2968 1342 3007; x_wconf 73' lang='lat' dir='ltr'>dixit</span> <span class='ocrx_word' id='word_1_470' title='bbox 1382 2966 1542 3018; x_wconf 84' lang='lat' dir='ltr'>Olymp.</span> <span class='ocrx_word' id='word_1_471' title='bbox 1575 2962 1621 3013; x_wconf 90' lang='lat' dir='ltr'>II,</span> 
     </span>
    </p>
   </div>
   <div class='ocr_carea' id='block_1_3' title="bbox 1741 0 1779 2352">
    <p class='ocr_par' dir='ltr' id='par_1_3' title="bbox 1741 0 1779 2352">
     <span class='ocr_line' id='line_1_48' title="bbox 1741 0 1779 2352; baseline 0 0"><span class='ocrx_word' id='word_1_472' title='bbox 1741 0 1779 2352; x_wconf 95' lang='lat' dir='ltr'> </span> 
     </span>
    </p>
   </div>
  </div>
 </body>
</html>
