1827 3436
438 239 848 291 AENEIDOS
887 241 1026 290 LIB.
1057 241 1120 303 II,
1159 244 1455 295 409—423
1606 253 1704 300 327

189 371 359 419 Eurus
387 367 561 433 equis:
592 366 824 416 stridunt
845 365 1001 415 silvae
1018 406 1030 430 ,
1069 367 1340 432 saevitque
1362 368 1579 419 tridenti

192 440 457 503 Spumeus
478 445 637 503 atque
662 437 772 485 imo
797 439 1003 487 Nereus
1027 436 1128 485 ciet
1153 454 1385 502 aequora
1409 436 1599 492 fundo,

188 507 268 556 Illi
297 507 478 569 etiam,
517 507 558 554 si
582 523 718 572 quos
741 506 966 555 obscura
991 515 1151 556 nocte
1173 524 1272 573 per
1291 507 1542 559 umbram
1601 515 1703 564 420

187 576 443 625 Fudimus
464 576 690 640 insidiis,
732 585 953 643 totaque
976 577 1283 640 agitavimus
1306 577 1458 642 urbe,

186 645 481 711 Adparent3
517 647 677 712 primi
705 646 905 712 clipeos
929 647 1263 713 mentitaque
1291 647 1395 697 tela

187 714 558 780 Adgnoscunt,
597 725 756 783 atque
780 733 871 766 ora
892 733 1028 766 sono
1050 716 1316 767 discordia
1342 719 1561 783 signant.

276 833 346 867 418
371 834 477 877 aquis
498 834 562 867 Ge.
582 833 720 867 Fabric.
742 834 926 867 emendare
946 834 1109 877 volebat;
1145 841 1181 868 et
1212 835 1262 869 sic
1290 836 1326 868 in
1354 847 1421 870 uno
1447 835 1548 869 Leid.
1576 848 1700 881 super-

184 878 363 924 scriptum.
399 880 504 913 Male.
521 892 553 913 v.
573 888 646 914 not.
680 882 839 914 strident
857 881 1010 925 aliquot3
1037 882 1100 914 sed
1120 882 1287 915 stridant
1303 883 1409 916 etiam
1430 883 1563 916 Probus
1588 895 1701 927 agno-

183 925 248 958 scit
269 938 326 971 ap.
346 926 466 959 Heins.
516 927 596 971 (Hic
617 939 737 960 versus
755 928 790 960 in
814 928 976 961 Medieeo
995 929 1163 971 omissus,
1190 930 1254 962 sed
1272 929 1325 962 bis
1356 930 1392 963 in
1416 930 1573 974 margine
1606 930 1700 963 infe-

182 972 277 1005 riore
296 973 447 1018 scriptus
472 981 547 1015 est,
583 974 689 1006 semel
717 975 759 1007 ab
792 974 1011 1020 antiquiore,
1046 982 1119 1008 tum
1150 988 1169 1009 a
1200 976 1398 1010 recentiore
1426 989 1546 1018 manu3
1579 977 1700 1022 priore

181 1026 298 1052 tamen
320 1019 380 1053 illa
402 1020 573 1064 scriptura
597 1020 646 1054 ita
668 1027 840 1065 expuncta
855 1048 863 1063 ,
888 1028 926 1054 ut
946 1028 1080 1055 tantum
1097 1023 1184 1056 haec
1201 1024 1450 1057 remanserint:
1484 1026 1587 1068 equis
1608 1026 1699 1057 stri—

181 1065 273 1107 den,
307 1065 329 1099 i.
352 1078 382 1099 e.
413 1067 589 1106 strident3
627 1068 690 1100 sed
715 1068 750 1100 in
784 1080 887 1101 versu
912 1069 1085 1102 recentius
1115 1069 1245 1114 scripto
1273 1071 1451 1104 stridunt.
1500 1072 1577 1104 Hoc
1604 1078 1700 1104 recte

180 1112 309 1157 ubique
336 1114 528 1157 repositum
555 1114 713 1155 videtum
756 1115 905 1159 primum
934 1115 1024 1148 enim
1052 1117 1210 1150 stridere
1242 1118 1305 1150 Ge.
1335 1119 1395 1160 IV,
1428 1118 1530 1157 556.;
1564 1126 1634 1150 tum
1664 1117 1699 1150 in

179 1160 341 1192 Mediceo
362 1161 487 1193 stridit
507 1162 570 1194 Ge.
594 1163 655 1204 IV,
684 1162 764 1197 262.
797 1165 881 1195 Aen.
910 1163 971 1205 IV,
1005 1164 1083 1198 689.
1115 1170 1150 1195 et
1181 1165 1347 1197 stridant
1371 1168 1458 1198 Aen.
1485 1165 1566 1207 XII,
1598 1166 1698 1205 691.;

180 1208 265 1239 Aen.
284 1208 376 1248 VIII,
397 1207 478 1242 420.
503 1215 617 1240 tamen
637 1210 796 1254 gemitus
823 1210 983 1250 trident,
1020 1209 1071 1243 ita
1098 1210 1256 1253 divisim,
1292 1219 1422 1255 puncto
1456 1211 1559 1244 etiam
1585 1211 1699 1244 inter-

179 1253 318 1297 posito;
344 1265 451 1297 quare
472 1253 650 1287 librarium
674 1255 718 1287 de
741 1256 901 1288 tridente
919 1256 1058 1300 potius,
1088 1269 1188 1301 quam
1218 1258 1261 1291 de
1285 1258 1470 1291 stridendi
1493 1259 1602 1291 verbo
1633 1271 1698 1291 co—

180 1299 312 1342 gitasse
336 1299 539 1343 suspiceris3
575 1314 597 1334 ιι
622 1308 737 1334 tamen
767 1302 845 1335 istic
878 1314 1015 1347 quoque
1049 1316 1068 1336 a
1096 1304 1292 1338 recentiore
1318 1317 1421 1338 manu
1450 1305 1696 1350 superscripta.

179 1346 248 1378 Vid
280 1346 384 1379 etiam
407 1347 527 1380 Heins.
549 1348 594 1381 ad
613 1348 712 1382 ovid.
732 1349 816 1381 Met.
836 1350 900 1389 IX,
923 1351 1001 1384 171.
1023 1357 1057 1383 et
1077 1350 1170 1384 Cort.
1192 1352 1235 1384 ad
1254 1352 1382 1385 Lucan.
1407 1353 1468 1393 VI,
1488 1353 1568 1387 690.
1597 1354 1696 1397 Wr.)

178 1391 248 1428 419
278 1402 394 1438 ponto
419 1395 558 1438 Menag.
593 1407 660 1428 sec.
755 1397 825 1431 420
861 1394 1049 1430 obscuram
1071 1397 1214 1442 Menag.
1253 1410 1321 1432 sec.
1369 1411 1438 1445 per
1467 1398 1614 1433 umbras
1642 1412 1696 1444 pr.

179 1440 303 1472 Hamb.
331 1441 382 1482 (et
404 1440 482 1474 Alb.
515 1443 607 1485 IVr.)
634 1441 700 1475 sub
721 1441 882 1475 umbram
902 1442 1034 1487 aliquot
1051 1444 1223 1486 Pieriani,
1248 1452 1284 1479 et
1300 1445 1400 1478 Leid.
1496 1445 1564 1481 421
1590 1448 1696 1479 Fun—

178 1486 297 1519 dimas
315 1487 405 1519 Gud.
426 1500 444 1520 a
463 1500 508 1521 m.
528 1501 581 1533 pr.
605 1495 639 1521 et
658 1488 809 1533 quinque
827 1489 949 1522 Heins.
969 1502 1045 1523 cum
1066 1491 1157 1524 binis
1180 1493 1317 1534 Burm„
1351 1492 1475 1537 quibus
1505 1492 1596 1525 adde
1625 1493 1694 1526 duo

177 1533 287 1565 Goth.
337 1542 520 1578 totamque
547 1548 580 1568 a.
614 1534 736 1568 urbem
756 1536 916 1579 Longob.
940 1535 1059 1569 Pierii.
1109 1540 1294 1585 agitamus
1310 1541 1348 1572 in
1370 1538 1458 1572 urbe
1478 1551 1546 1572 sec.
1570 1539 1695 1573 Hamb.

177 1580 247 1614 422
272 1589 453 1626 apparent
470 1582 597 1626 primi:
623 1581 681 1614 alii
702 1582 921 1626 distinguunt
940 1584 1033 1627 apud
1052 1584 1143 1618 Pier.
1169 1592 1204 1617 et
1223 1595 1405 1632 apparent
1418 1587 1537 1631 primo
1561 1586 1696 1630 aliquot

177 1626 280 1658 codd.
303 1638 358 1670 ap.
378 1627 498 1660 Heins.
545 1628 652 1673 clipei
668 1631 809 1675 primos
827 1629 936 1662 Goth.
957 1642 1009 1674 pr.
1047 1631 1148 1674 (ora,
1187 1645 1278 1666 sono
1306 1633 1512 1673 discordia,
1548 1645 1576 1665 s.
1609 1633 1695 1665 sub-

175 1672 336 1705 distinxit
360 1674 635 1717 &Vakefieldiuffi
661 1682 723 1716 „ut
741 1676 955 1709 elucesceret
973 1676 1043 1710 loci
1066 1689 1205 1711 sensus:
1232 1686 1384 1723 „,‚·atque
1415 1678 1695 1712 animadvertunt

176 1730 239 1751 Ora
251 1746 259 1761 '
270 1722 314 1737 ίίίί

341 1731 420 1753 ive.
448 1720 622 1764 speciem,
657 1729 835 1755 externum
861 1723 1019 1756 habitum
1040 1743 1082 1748 -
1102 1725 1147 1758 ob
1175 1727 1387 1759 Graecorum
1421 1738 1516 1759 arma
1545 1726 1694 1769 scilicet,

174 1777 224 1798 vs.
260 1767 344 1802 395.
377 1786 419 1791 ——
451 1767 591 1811 linguae
625 1769 736 1802 minus
777 1781 853 1802 esse
886 1782 1059 1813 congrua3
1102 1773 1326 1814 ‚‚„Troianos
1357 1785 1539 1815 sermone,
1585 1774 1694 1818 figura

174 1813 390 1846 Graecos.““

172 1919 393 1958 ciebantur.
466 1921 603 1972 Itaque
643 1935 759 1961 nemo
797 1923 901 1962 vidit

170 1977 418 2027 equitantem
449 1978 584 2017 Iovem
611 1986 650 2017 et
679 1981 737 2018 sic
764 1995 901 2032 porro.

172 2035 285 2072 Vana
309 2036 408 2074 adeo
424 2037 582 2088 Spencii
603 2037 655 2075 ad
680 2037 720 2076 h.
751 2038 775 2078 l.
804 2040 900 2077 sub-

170 2092 308 2131 tilitas,
368 2093 554 2147 (equos
586 2101 719 2134 tamen
738 2098 900 2148 proprie

171 2148 238 2187 hic
256 2150 383 2189 dictos
405 2165 485 2189 esse
509 2166 530 2189 a
550 2153 715 2205 Virgilio
738 2162 901 2193 censent

172 2207 356 2259 Doering.
391 2209 442 2247 ad
480 2211 622 2248 catull.
653 2212 797 2260 LXVI,
832 2212 899 2253 54.

171 2264 387 2306 Weichert.
433 2267 474 2304 in
509 2269 730 2307 Comment.
765 2269 792 2307 I.
832 2271 899 2307 De

172 2324 325 2360 M'eclea
363 2325 497 2362 Oeslro
530 2328 684 2375 percita
717 2340 804 2379 pag.
833 2330 897 2368 13.

170 2386 211 2417 et
229 2380 391 2419 Iahnius
412 2382 461 2419 ad
483 2382 522 2423 h.
549 2383 574 2420 l.
612 2383 725 2436 an)
768 2386 897 2422 laetas

169 2445 324 2487 autem,
373 2446 419 2477 ut
460 2441 677 2491 superbus,
716 2442 896 2493 gestiens,

168 2491 451 2548 ἀγαλλόμενος.
482 2512 556 2549 pro
578 2500 712 2548 tenui,
744 2506 895 2538 vectus.

166 2553 217 2590 cf.
243 2554 269 2602 1,
293 2557 386 2596 690.
410 2558 493 2597 276
523 2562 563 2593 et
593 2570 718 2608 saepe.
779 2558 898 2595 Cete—

169 2623 259 2648 rum
287 2612 491 2662 Virgilium
525 2614 658 2665 plures
688 2628 895 2667 expresse—

169 2674 276 2706 runt.
336 2671 383 2707 cs.
412 2671 605 2709 Columna
639 2673 690 2710 ad
722 2674 895 2712 Ennium

169 2735 207 2773 P·
238 2725 338 2774 1143
376 2728 477 2765 adde
504 2729 574 2767 ins.
607 2731 659 2779 X,
691 2733 773 2774 356
806 2745 890 2781 sqq.

169 2779 233 2828 lV,
261 2781 343 2823 440
377 2799 458 2835 sqq.
496 2787 625 2825 valer.
660 2788 717 2826 1³1.
750 2789 776 2837 I,
810 2792 893 2829 610

169 2850 224 2886 sq.
258 2840 388 2877 Nereo
406 2842 445 2880 h.
460 2844 484 2880 l.
507 2845 660 2882 tridens
682 2846 892 2894 tribuitur,

168 2895 277 2942 quod
299 2901 532 2939 notandum.
582 2905 779 2952 Spumeus
804 2903 844 2942 h.
868 2904 891 2941 l.

168 2963 304 3002 spuma
326 2957 444 2994 maris
464 2958 694 3009 adspersus,
726 2974 889 3012 spumo—

441 1815 545 1856 Quod
566 1815 692 1848 merito
712 1816 835 1849 reiecit
858 1816 1011 1850 Iahnius.
1039 1819 1136 1863 Wr.)

960 1938 1038 1962 sus.
1080 1927 1208 1963 saevit
1250 1926 1432 1974 tridenti,
1483 1926 1691 1978 eleganter,

959 1989 1007 2020 ut
1031 1982 1126 2020 alias
1140 1984 1298 2034 flagris
1313 2014 1323 2033 ,
1358 1983 1510 2022 verbere
1525 2015 1535 2032 ,
1571 1985 1692 2023 insert

957 2039 1177 2078 tridentem
1198 2041 1311 2089 mari,
1336 2041 1387 2079 ad
1404 2041 1691 2094 impellendum

957 2097 1059 2135 illud
1085 2105 1125 2136 et
1145 2098 1294 2136 fluctus
1314 2099 1560 2138 excitandos.

1016 2155 1270 2198 420—423.
1302 2157 1373 2194 Illi
1387 2159 1524 2205 etiam,
1550 2171 1588 2196 v.
1603 2171 1688 2210 sup.

959 2214 1064 2261 370,
1102 2216 1185 2255 383
1233 2227 1318 2264 sqq.
1379 2217 1544 2252 mentila
1589 2216 1684 2264 tela,

958 2270 1057 2307 falsa
1089 2284 1220 2319 arma,
1265 2284 1366 2321 quae
1404 2286 1476 2309 nos
1516 2273 1688 2310 Graecos

957 2340 1038 2364 esse
1087 2328 1388 2367 mentiebantur
1409 2359 1419 2378 ,
1478 2336 1526 2367 ut
1575 2332 1686 2369 Serv.

956 2385 1052 2422 Mox
1067 2385 1149 2427 423
1168 2388 1335 2436 signant
1347 2386 1387 2425 h.
1405 2387 1429 2424 l.
1453 2395 1686 2439 agnoscunt.

955 2443 1021 2480 Sic
1042 2451 1176 2480 notare
1190 2444 1308 2482 etiam
1319 2444 1472 2496 vulgari
1492 2459 1685 2494 sermone,

955 2506 996 2538 et
1033 2504 1334 2553 σημειοῦσθαι,
1386 2505 1684 2556 τεκμαίρεσθαι.

954 2558 1080 2596 Porro
1124 2573 1194 2596 ora
1238 2574 1333 2597 sono
1365 2560 1591 2609 discordia,
1633 2561 1683 2599 ad

953 2617 1131 2667 poeticae
1167 2618 1361 2655 orationis
1398 2614 1556 2669 genium
1596 2632 1683 2670 pro,

954 2674 1172 2713 observant
1195 2675 1436 2713 discordiam
1463 2683 1502 2714 et
1533 2676 1682 2714 discre—

953 2732 1132 2782 pantiam
1162 2733 1375 2782 sermonis,
1425 2734 1571 2785 quippe
1614 2733 1680 2783 qui

953 2789 1116 2827 Troiani
1133 2797 1274 2828 essent.
1306 2789 1588 2843 (Troianorum
1601 2791 1680 2828 lin—

952 2861 1068 2898 guam
1092 2862 1112 2884 a
1135 2848 1267 2899 lingua
1282 2849 1527 2886 Graecorum
1542 2849 1678 2886 ‹liver-

953 2919 1057 2954 sam,
1100 2905 1297 2944 Homerus
1325 2919 1405 2943 non
1437 2919 1678 2944 commemo—

950 2969 1032 3011 rat,
1075 2968 1115 3000 at
1144 2971 1283 3015 poetae
1312 2964 1479 3002 seriores
1505 2966 1676 3001 Gracco-
