1811 3388
536 247 657 294 AD
729 247 1163 296 LIBRUM
1234 251 1293 296 ΙΙ
1565 259 1663 305 435

166 380 271 412 mota
297 378 488 412 memorat
513 372 560 421 11,
591 374 674 413 299
705 385 789 424 sqq.
849 372 903 413 At
927 373 1126 413 Homerus
1156 373 1329 414 Aeneam
1359 376 1407 413 ab
1435 376 1533 415 urbe
1562 380 1662 418 Dar-

167 431 270 469 dano
299 429 478 479 adduxit,
520 443 559 468 v.
585 429 696 466 Iliad.
718 430 761 477 B,
793 431 875 472 819
901 445 998 482 sqq„
1028 446 1146 482 quam
1167 445 1256 469 cum
1278 433 1439 484 regione
1465 435 1663 475 Dardania

165 488 228 525 ille
249 487 428 537 regebat:
450 486 644 524 v.Strab0
660 486 762 535 XIII,
785 500 823 538 p.
844 488 925 529 596
941 489 983 527 D.
1015 490 1098 527 Sita
1114 489 1180 526 illa
1199 489 1249 526 ad
1265 489 1368 540 ipsas
1386 491 1477 528 [dae
1497 494 1661 543 radices,

165 543 271 582 unde
293 543 486 581 Anchisae
506 542 698 581 habitatio
718 543 758 581 in
789 544 875 596 ipso
896 545 964 583 Ida
987 547 1034 583 ab
1053 553 1215 585 auctore
1238 547 1388 598 Hymni
1407 550 1446 586 in
1473 550 1662 589 Venerem

164 600 338 652 ponitur,
364 614 403 638 v.
423 604 489 642 68.
509 601 573 642 75.
597 601 642 639 cs.
662 601 801 648 Quint.
830 602 930 650 VIII,
951 606 1016 644 97.
1042 606 1107 644 98.
1140 604 1331 642 Troianos
1351 619 1401 642 ex
1419 606 1605 645 Dardano
1625 615 1662 646 et

164 657 370 709 Ophrynio
388 658 539 695 Aeneae
559 658 747 708 paruisse,
771 671 819 695 ex
832 658 1036 698 Hellanico
1054 661 1179 699 tradit
1195 661 1355 713 Dionys,
1372 662 1460 701 Hal.
1472 664 1500 712 I,
1514 664 1580 706 46.
1595 666 1660 707 47.

163 715 224 753 Ex
241 714 376 752 iisdem
397 715 492 753 locis
519 715 680 765 aliisque
708 716 874 754 urbibus
905 718 1104 767 Troianis,
1146 720 1265 756 etiam
1297 732 1346 756 ex
1369 720 1562 772 Bebrycia
1595 723 1660 771 (cf.

163 771 256 809 ibid.
290 785 323 809 c.
363 771 448 822 54),
493 773 730 810 confluxisse
767 774 818 810 ad
860 787 971 824 eum,
1021 789 1111 813 cuni
1149 776 1190 814 in
1227 776 1339 814 Idam
1364 790 1402 814 se
1437 779 1659 829 recepisset,

162 842 342 880 magnam
362 829 658 868 multitudinem
687 829 914 880 hominum,
948 832 1053 871 idem
1075 832 1304 872 Hellanicus
1331 834 1427 872 ibid.
1450 837 1662 875 memoriae

161 886 414 938 prodiderat;
444 887 551 925 unde
571 886 765 938 Virgini,
799 890 880 930 796
899 891 1032 941 Atque
1051 890 1118 928 lzie
1148 892 1348 941 ingentem
1371 895 1560 930 comitum
1581 894 1660 931 acl-

153 944 327 994 fluxisse
361 958 551 981 novorum
588 950 684 992 ete.,
723 951 763 982 et
790 944 955 983 illustris
987 960 1038 985 ex
1066 946 1274 998 Sophoclis
1301 949 1527 988 Laocoonte
1551 951 1661 989 locus

161 1000 255 1039 ibid.
279 1014 311 1038 c·
331 1000 386 1042 48
402 1001 528 1039 Adest
542 1002 932 1043 Aeneas—mmet
946 1002 989 1043 δὲ
1012 1007 1146 1044 πᾶσαν
1176 1006 1345 1046 οἰκετῶν
1375 1010 1659 1059 παμπληθίαν,

163 1054 438 1106 Συνοπᾶζεται
464 1059 507 1098 δὲ
535 1061 717 1111 πλῆθος,
762 1055 835 1111 οὐχ
878 1057 976 1101 ὅσον
1011 1062 1163 1111 δοκεῖς,
1210 1063 1263 1103 Οἱ
1288 1060 1404 1115 τῆςδ’
1438 1064 1559 1118 ἐρῶσι
1589 1069 1662 1118 τῆς

166 1117 338 1168 Φρυγῶν
366 1111 566 1165 ἀποικίας.

274 1205 443 1243 Aeneam
472 1220 561 1243 cum
588 1206 747 1246 Achiw's
776 1208 957 1260 pactione
984 1210 1087 1247 facta
1111 1209 1268 1247 salvum
1298 1209 1528 1260 discessisse,
1557 1213 1660 1251 miro

163 1276 356 1300 consensu
400 1263 505 1300 inter
544 1270 698 1302 veteres
736 1266 935 1313 traditur,
987 1267 1059 1304 etsi
1097 1266 1157 1314 id,
1210 1266 1481 1305 diversissimis
1521 1270 1660 1320 modis,

162 1319 281 1358 modo
311 1319 363 1358 ad
390 1320 627 1370 prudentiae
655 1322 828 1371 laudem,
858 1322 977 1360 inodo
1010 1324 1060 1361 ad
1089 1323 1298 1374 perfidiam
1329 1324 1440 1363 ducis
1472 1326 1658 1365 trahitur.

163 1376 225 1414 Ad
255 1383 465 1426 utramque
507 1378 702 1416 rationem
738 1379 819 1417 sive
849 1380 1086 1418 firmandam
1118 1381 1199 1418 sive
1231 1382 1452 1419 ornandam
1484 1398 1661 1422 caussas-

163 1447 237 1485 que
269 1434 417 1472 consilii
446 1435 691 1484 reddendas,
737 1437 885 1474 scilicet
930 1443 975 1474 ut
1005 1437 1047 1475 in
1076 1439 1187 1486 loco,
1227 1438 1293 1488 qui
1334 1452 1355 1475 a
1396 1439 1532 1477 multis
1575 1448 1661 1479 erat

165 1498 376 1539 tractatus,
407 1492 534 1529 multa
568 1506 613 1529 ac
642 1495 752 1531 varia
784 1508 805 1530 a
837 1495 1040 1532 veteribus
1071 1501 1184 1532 erant
1215 1503 1534 1546 commemorata,
1565 1498 1660 1536 locis

163 1549 281 1586 etiam
307 1548 469 1586 Homeri
498 1549 541 1586 in
572 1562 634 1587 eas
664 1558 797 1602 partes
827 1551 981 1600 tractis,
1016 1552 1064 1589 de
1095 1552 1238 1603 quibus
1269 1553 1424 1604 copiose
1457 1554 1661 1606 disputare

162 1606 260 1643 nihil
283 1605 437 1642 attinet.
497 1607 727 1645 Occurrunt
757 1608 825 1645 illa
846 1609 951 1659 apud
977 1609 1137 1660 Dionys,
1158 1609 1286 1647 Halic.
1313 1611 1444 1648 Strab.
1469 1611 1659 1663 Dictyem,

162 1664 276 1700 Auct.
306 1662 359 1714 de·
387 1662 492 1712 Orig.
531 1664 576 1703 G.
609 1665 725 1702 Rom.
754 1671 793 1702 et
823 1666 1005 1704 Servium
1038 1666 1210 1716 aliosque
1242 1668 1406 1717 passini,
1436 1668 1505 1705 sed
1535 1670 1660 1720 prima

160 1719 316 1770 iniquae
346 1719 464 1756 huius
505 1720 629 1757 famae
659 1722 806 1759 semina
844 1724 1029 1774 sparsisse
1059 1724 1221 1762 videtur
1250 1724 1448 1763 Homerus
1480 1726 1589 1765 iliad.
1621 1744 1659 1776 v,

165 1779 242 1818 180
274 1791 343 1828 sq.‚
388 1776 494 1813 unde
525 1778 715 1829 suspicari
745 1780 856 1829 licet,
907 1780 1079 1818 Aeneam
1111 1781 1160 1818 de
1186 1794 1306 1832 regno
1333 1782 1505 1820 Troiano
1540 1798 1660 1822 occu-

161 1834 292 1885 pando
324 1834 566 1871 clandestina
594 1836 751 1873 consilia
784 1837 931 1874 iniisse:
963 1852 1061 1888 quos
1091 1852 1231 1876 versus
1262 1838 1371 1889 quod
1402 1839 1493 1877 olim
1517 1842 1660 1879 Gram-

161 1891 293 1929 matici
324 1891 465 1929 tollere
509 1893 745 1943 voluerunt,
793 1894 843 1932 ad
884 1893 988 1932 hanc
1025 1896 1149 1946 ipsam
1191 1896 1507 1934 controversiam
1536 1899 1660 1950 perti—

162 1955 246 1986 net:
277 1954 316 1986 ct
341 1948 450 1986 Iliad.
479 1964 514 1997 ν,
547 1949 628 1990 459
647 1964 730 2001 sqq.
763 1951 811 1988 de
833 1953 998 1989 occultis
1028 1953 1126 1990 odiis
1157 1953 1262 1991 inter
1279 1952 1451 1991 Aeneam
1483 1961 1522 1992 et
1546 1957 1659 1993 Pria—

161 2019 281 2043 mum.
315 2007 360 2043 cs.
393 2005 496 2042 dicta
526 2006 568 2043 in
600 2007 764 2057 l)isquis.
794 2008 831 2046 ΙΙ
864 2023 892 2046 s.
926 2009 988 2046 III.
1048 2010 1191 2047 Poetae
1223 2011 1437 2049 necessario
1468 2013 1546 2050 fuit
1574 2026 1659 2050 me-

161 2063 236 2099 lior
268 2062 316 2099 de
346 2063 497 2100 Aeneae
528 2063 606 2100 fide
637 2065 737 2102 sama
769 2067 979 2116 sequenda,
1012 2067 1052 2103 in
1085 2081 1161 2117 qua
1193 2074 1232 2105 et
1264 2068 1359 2105 alios
1390 2067 1531 2106 habuit
1561 2084 1659 2108 con-

163 2120 387 2167 sentientes,
418 2120 535 2168 inque
566 2120 611 2157 iis
641 2121 890 2160 llellanicuni
919 2123 1100 2161 Lesbium
1131 2125 1237 2176 apud
1265 2125 1423 2175 Dionys.
1444 2126 1468 2163 l.
1491 2140 1522 2164 c.
1545 2127 1570 2164 I.
1593 2128 1658 2168 47.

163 2176 289 2212 Fuere
314 2176 405 2213 olim
442 2176 562 2224 adeo,
595 2177 660 2227 qui
687 2192 863 2216 caussam
895 2180 1047 2217 Aeneae
1076 2195 1239 2232 operose
1278 2181 1558 2231 defenderent,
1589 2191 1659 2221 aut

163 2245 250 2269 eum
271 2233 412 2270 excidii
436 2238 610 2283 tempore
641 2234 688 2270 ab
718 2236 817 2273 urbe
844 2237 1012 2274 abfuisse
1040 2239 1455 2288 comminiscor-entur,
1487 2245 1533 2277 ut
1553 2240 1658 2278 scili-

163 2296 224 2327 cet
258 2296 368 2327 tanto
394 2289 545 2327 facilius
572 2302 592 2326 a
615 2291 777 2329 crimine
797 2294 1022 2332 liberarent.

277 2392 336 2428 Ad
377 2393 576 2442 poeticum
618 2400 748 2431 tamen
791 2401 977 2433 ornatum
1018 2397 1215 2446 animique
1257 2397 1437 2435 all'ectum
1472 2399 1659 2436 dulcissi-

162 2461 269 2485 mum
301 2457 572 2500 comparatum
604 2458 662 2488 est
692 2452 870 2502 inprimis
899 2453 1018 2502 illud,
1061 2453 1169 2503 quod
1202 2468 1273 2504 per
1303 2455 1450 2492 inedias
1481 2457 1659 2494 flammas

161 2505 307 2544 Aeneas
346 2513 500 2556 patrem
541 2507 715 2545 humeris
756 2517 981 2561 susceptum
1023 2524 1113 2548 cuni
1145 2510 1218 2547 diis
1250 2512 1386 2561 patriis
1417 2513 1514 2550 urbe
1546 2521 1657 2565 capta

163 2562 283 2599 ell'eit.
353 2564 486 2614 Itaque
530 2565 570 2602 in
610 2579 694 2603 eain
734 2579 815 2603 rein
853 2569 1031 2605 certatim
1065 2575 1203 2618 poetae
1243 2569 1498 2618 involarunt,
1549 2585 1657 2608 cani—

163 2632 237 2667 que
276 2620 437 2657 mirifica
479 2622 671 2659 varietate
713 2631 973 2662 exornarunt.
1033 2625 1110 2662 Sed
1153 2625 1236 2662 loca
1279 2626 1329 2662 ad
1365 2626 1657 2665 observandum

164 2688 283 2725 aeque
313 2684 430 2728 atque
462 2679 510 2716 ad
541 2679 838 2731 intelligendum
871 2682 983 2719 obvia
1018 2688 1122 2719 sunt.
1183 2684 1241 2720 Ex
1268 2683 1559 2732 antiquioribus
1583 2688 1657 2722 So-

163 2730 312 2781 phoclis
342 2735 471 2772 locum
503 2749 552 2774 ex
587 2737 808 2776 Laocoonte
839 2739 914 2776 iam
945 2754 1063 2790 supra
1097 2740 1288 2778 vidimus:
1321 2740 1424 2777 adde
1460 2742 1655 2794 Lycoplir.

169 2788 272 2830 1264
303 2803 384 2840 sqq.

276 2879 320 2916 In
353 2881 623 2930 Disquisitione
655 2886 774 2922 niodo
816 2886 918 2923 dicta
957 2888 1004 2924 cle
1041 2888 1276 2923 inventionis
1312 2887 1431 2923 laude
1460 2902 1585 2924 rerum
1616 2891 1656 2923 m

165 2935 336 2971 Aeneide
367 2945 623 2976 tractatarum
659 2956 687 2979 s.
730 2943 792 2979 III.
832 2945 975 2980 samam
1011 2944 1182 2992 aliquam
1224 2949 1425 2992 acceptam
1457 2944 1505 2981 de
1536 2958 1656 2993 regno

1268 3011 1383 3053 28*
