1779 3420
79 229 214 275 1012
453 223 1065 273 EXCURSUS
1139 225 1222 275 IV

73 353 213 391 debuit
223 367 234 403 3
265 352 337 390 etsi
362 351 482 391 video
504 351 584 391 hoc
601 366 762 404 quoque
786 367 808 390 a
836 354 1042 392 nonnullis
1076 354 1204 403 tradi,
1246 354 1378 407 ipsum
1402 368 1602 406 promon-

71 411 222 450 torium
248 411 529 462 navigantibus
551 411 594 449 in
614 411 698 449 alto
727 411 897 462 speciem
917 412 1089 463 sepulcri
1115 413 1317 465 praebere.

186 469 288 507 Cum
309 469 464 507 Aeneas
484 470 535 506 ad
556 469 645 507 loca
672 468 774 506 haec
803 470 924 506 semel
948 469 1149 508 adductus
1178 477 1280 508 esset
1311 485 1333 508 a
1362 476 1505 522 poeta,
1535 469 1602 507 in-

69 527 174 579 genii
201 527 252 565 ad
294 527 589 566 convertendas
625 527 670 564 in
704 539 790 564 rem
827 540 939 564 suam
968 534 1155 566 veterum
1192 534 1405 580 poetarum
1446 528 1602 567 fabulas

69 584 290 637 praeclari,
323 586 506 636 Nec-yiae
536 585 602 622 ille
629 586 875 625 flomericae
902 585 944 621 in
970 584 1033 622 his
1062 586 1155 636 ipsis
1178 586 1275 624 locis
1297 593 1493 624 tractatae
1515 600 1601 624 mc-

69 658 179 693 mor,
211 649 258 681 ut
283 643 560 681 narrationem
592 647 728 679 tamen
761 643 960 690 variaret,
1006 657 1088 681 non
1113 643 1292 681 Manium
1324 645 1601 684 evocationem

70 702 140 739 sed
163 701 214 739 ad
234 715 299 739 eos
322 701 556 738 descensum
579 701 736 737 Aeneae
761 701 1007 738 comminisci
1026 701 1191 751 maluit3
1222 703 1439 739 Homerico
1468 707 1601 741 tamen

70 761 251 811 exemplo
272 760 526 811 praelucente
556 758 735 808 quodam
761 759 883 796 modo
910 758 1030 797 etiam
1054 760 1094 797 in
1114 759 1176 797 his
1198 760 1341 812 Odyss.
1365 776 1407 800 ω.
1468 760 1602 811 Atque

69 817 137 855 hic
161 816 369 855 commode
398 817 440 854 in
472 816 742 854 Platonicam
779 817 1005 856 doctrinam
1034 817 1198 869 incidit5
1239 819 1288 856 de
1311 832 1391 869 quo
1416 819 1492 857 alio
1514 820 1600 857 Ex—

71 890 191 914 cursu
211 875 440 926 expositum
461 879 532 912 est.

185 932 308 981 Quod
330 939 465 971 autem
491 931 543 969 ad
574 931 776 984 Sibyllam
798 939 971 985 spectat,
1003 934 1110 973 hanc
1136 941 1253 987 poeta
1283 949 1332 973 ex
1356 935 1601 987 antiquiori-

68 992 161 1039 bus,
193 1003 294 1042 quae
324 997 413 1029 tuni
448 990 658 1042 vigebant,
698 991 844 1030 sabulis
876 993 1012 1044 petiit,
1055 1008 1137 1032 non
1158 995 1313 1046 primus
1344 994 1600 1046 excogitavit.

68 1051 129 1090 En
147 1049 280 1087 locum
304 1061 353 1086 ex
380 1049 540 1087 Victore
561 1049 609 1086 de
641 1049 688 1087 O.
712 1050 759 1087 G.
788 1051 836 1088 R.
860 1065 892 1090 c.
918 1055 970 1093 1O
994 1052 1163 1090 Addunt
1186 1061 1397 1103 praeterea
1430 1053 1600 1105 quidam

67 1108 250 1145 Aeneam
273 1109 315 1144 iti
353 1108 480 1144 liltore
512 1106 697 1159 (Baiano)
728 1109 885 1146 Euxini
914 1110 1126 1148 cuiusdam
1158 1113 1314 1148 comitis
1343 1119 1511 1149 matrem
1533 1112 1600 1149 ul-

67 1167 163 1203 timo
196 1167 344 1203 aetatis
373 1165 594 1218 affectam,
638 1168 747 1203 circa
775 1175 992 1217 stagnum,
1045 1169 1156 1220 quocl
1183 1178 1240 1207 est
1269 1171 1371 1207 inter
1406 1171 1599 1207 Misenon

68 1224 379 1274 Avernumque,
427 1224 638 1273 extalis-se,
693 1233 814 1276 alque
847 1226 939 1263 inde
976 1227 1062 1264 loco
1103 1242 1247 1265 nomen
1282 1228 1478 1275 inclitum,
1529 1229 1601 1280 qui

67 1283 191 1318 etiam
211 1296 317 1319 nunc
341 1283 547 1319 Euxinius
564 1284 676 1320 sinus
693 1283 842 1320 dicitur
865 1282 1029 1336 (nomen
1054 1284 1132 1322 hoc
1154 1299 1174 1322 a
1197 1285 1386 1338 quopiam
1411 1285 1488 1324 alio
1510 1298 1598 1322 me-

66 1339 219 1377 morari
241 1339 425 1377 nondum
455 1339 562 1388 vidi3
592 1341 696 1378 sorte
723 1342 771 1379 ab
794 1342 928 1393 aliquo
954 1349 1119 1382 auctore
1141 1344 1362 1395 proditum,
1395 1344 1463 1395 qui
1488 1344 1598 1382 Cim-

66 1398 236 1445 merios,
269 1411 444 1448 quorum
463 1397 598 1435 sedem
617 1398 660 1436 in
681 1397 744 1436 his
768 1400 865 1438 locis
884 1401 1082 1439 traditam
1104 1402 1275 1453 viderat,
1308 1417 1329 1440 a
1349 1403 1529 1455 Bosporo
1558 1408 1599 1440 et

66 1456 169 1493 mari
202 1456 361 1494 Euxino
383 1455 466 1493 huc
492 1456 750 1510 vocaverat):
781 1473 951 1510 cumque
970 1464 1223 1511 comperisset
1238 1491 1249 1511 7
1289 1461 1438 1498 ibidem
1461 1461 1598 1512 Sibyl-

67 1516 153 1551 lam
179 1514 416 1551 mortalibus
425 1514 578 1565 fictura
591 1517 827 1566 praecinere
851 1520 893 1554 in
914 1519 1086 1569 oppido,
1118 1520 1229 1570 quod
1243 1527 1409 1557 vocatur
1432 1518 1598 1556 Ctmba-

65 1573 188 1609 rionis
208 1571 450 1625 (Camarum
479 1586 562 1610 non
581 1574 685 1611 male
715 1575 901 1613 emendat
930 1576 1175 1627 Arnzenius;
1206 1591 1257 1615 an
1285 1577 1386 1616 latet
1421 1578 1598 1615 Cimme-

65 1630 184 1667 rion?
244 1630 301 1667 lta
322 1630 431 1682 apud.
455 1631 487 1668 T
490 1630 602 1670 ibull.
625 1632 691 1680 lV,
727 1636 764 1682 1,
799 1633 853 1675 64
874 1634 1013 1673 multi:
1049 1636 1289 1674 Cimmerion
1309 1637 1433 1674 etiam
1453 1635 1597 1673 obscu-

66 1702 134 1725 ras
151 1690 320 1725 accessit
353 1689 411 1725 acl
432 1688 560 1741 arces)
593 1692 747 1728 venisse
777 1707 820 1729 eo
848 1694 1096 1731 sciscitatum
1128 1694 1177 1731 cte
1209 1703 1318 1732 statu
1328 1694 1598 1745 fortunarum

66 1759 231 1782 suarum
247 1761 258 1782 :
292 1748 523 1797 auditisque
533 1746 645 1797 satis
659 1778 670 1797 ‚
705 1752 891 1798 vetitum,
926 1766 975 1788 ne
1001 1753 1036 1788 is
1056 1753 1263 1802 cognitam
1296 1751 1476 1805 (ultimas
1496 1751 1596 1790 duas

68 1815 206 1851 voces,
238 1804 272 1839 is
294 1806 526 1853 cognitam,
572 1812 643 1843 aut
663 1818 715 1843 ex
744 1808 996 1857 incognitam
1028 1815 1160 1856 natas,
1200 1816 1272 1848 aut
1298 1810 1460 1848 aliunde
1490 1810 1596 1847 irre-

65 1860 188 1912 psisse
208 1866 321 1912 puto,
354 1875 445 1899 cum
478 1865 717 1912 cognatione
737 1868 993 1903 coniunctam
1020 1866 1313 1919 interpretatus
1335 1874 1437 1905 esset
1454 1867 1596 1918 aliquis

65 1919 303 1971 cognatam)
333 1919 376 1956 iu
395 1920 524 1956 ,ltalia
543 1923 723 1971 sepeliret
751 1923 1023 1974 Prochytam,
1058 1928 1300 1976 cognatione
1321 1925 1399 1963 sibi
1423 1928 1595 1964 conian—

65 1985 189 2024 ctam,
224 1991 350 2028 quam
367 1978 607 2015 incolumem
627 1980 843 2032 reliquerat
857 1997 868 2019 .·
902 1990 939 2019 et
951 2012 963 2031 ,
991 1991 1213 2035 postquam
1232 1984 1291 2021 ad
1307 1985 1478 2022 classem
1502 1983 1595 2021 recl-

66 2036 113 2071 iit
125 2064 136 2083 ,
169 2036 392 2086 reperitque
413 2044 637 2086 mortuam,
673 2040 715 2075 in
736 2039 872 2076 insula
890 2042 1084 2090 proxima
1102 2043 1288 2092 sepelisse
1302 2072 1313 2091 ‚
1356 2056 1461 2094 quae
1488 2056 1596 2079 nunc

65 2106 221 2144 quoque
241 2093 378 2130 eodem
404 2101 461 2131 est
492 2097 677 2143 nomine;
710 2104 753 2134 ut
784 2097 961 2136 scribant
986 2099 1205 2137 Vulcatius
1228 2108 1264 2138 et
1281 2100 1444 2138 Acilius
1473 2102 1591 2139 Piso.

65 2150 145 2187 Sed
164 2150 390 2201 episodium
417 2150 495 2189 hoc
514 2153 563 2191 de
587 2153 759 2205 Sibylla,
795 2161 842 2193 ut
863 2156 1039 2207 reliqua,
1071 2170 1121 2195 ex
1140 2158 1281 2209 priscis
1310 2158 1455 2196 fabulis
1482 2172 1594 2196 sum—

65 2214 152 2246 tum
170 2221 265 2257 esse‚
285 2209 416 2247 multo
437 2211 560 2263 magis
582 2211 764 2251 declarat
783 2215 964 2252 narratio
985 2229 1044 2267 ap.
1072 2216 1235 2268 Dionys.
1248 2216 1277 2265 I,
1301 2217 1354 2259 55
1373 2217 1422 2254 de
1443 2215 1593 2268 Sibylla

66 2265 254 2317 Erythris
283 2267 331 2304 ab
360 2268 493 2305 Aenea
525 2278 749 2320 conventa,
780 2278 819 2309 et
841 2272 1017 2325 Sibyllae
1046 2274 1283 2313 vaticinium
1305 2275 1357 2312 ad
1373 2275 1547 2313 Aeneam
1571 2288 1592 2310 a

66 2324 186 2362 Troia
205 2324 427 2363 solventem
449 2327 559 2379 apud
580 2329 730 2368 Tibull.
753 2330 801 2380 H,
833 2333 872 2380 5,
907 2334 970 2373 19.
1002 2332 1110 2371 conf.
1131 2333 1299 2383 Disquis.
1322 2333 1369 2379 ΙΙ,
1400 2348 1429 2374 s,
1453 2332 1535 2372 VH.

182 2382 306 2429 Quod
334 2383 456 2422 modo
490 2385 539 2423 de
567 2388 775 2438 Procliyta
807 2395 950 2427 contra
974 2389 1172 2429 Misenum
1205 2391 1336 2429 insula
1359 2404 1410 2429 ex
1433 2390 1593 2429 Victore

68 2441 402 2491 memoravimus,
437 2443 556 2480 etiam
578 2459 600 2481 a
626 2445 814 2498 Dionysio
834 2447 961 2485 Halic.
983 2448 1011 2497 Ι,
1046 2449 1100 2491 53
1129 2449 1168 2486 in
1186 2449 1365 2487 medium
1386 2448 1593 2500 prolatum

66 2501 139 2534 est.
199 2500 243 2535 A
259 2501 447 2549 Miseno,
483 2501 636 2552 inquit,
668 2506 832 2542 alterius
851 2508 1096 2556 navigantes
1123 2509 1184 2545 aa'
1207 2508 1386 2545 insulam
1408 2505 1591 2558 Prochy—

67 2560 151 2591 tam
168 2562 206 2591 et
225 2556 284 2592 acl
298 2562 612 2606 promontorium
635 2560 759 2614 (recte
788 2564 893 2601 enim
924 2564 1135 2602 emendata
1165 2571 1260 2604 sunt
1290 2566 1442 2604 Graeca
1469 2578 1492 2601 a
1514 2565 1592 2602 Ca-

66 2611 266 2666 saubono)
295 2614 472 2653 Caietam
496 2620 744 2668 appulerant
761 2622 891 2673 iisque
915 2623 1014 2659 locis
1032 2624 1160 2660 simili
1180 2624 1297 2660 modo
1313 2638 1364 2661 ac
1375 2622 1589 2672 superiori-

65 2668 139 2707 bus
159 2672 325 2708 nomina
344 2674 618 2723 imposuerunt
633 2706 643 2724 ‚
679 2679 789 2728 quocl
804 2680 1016 2717 mulierum
1038 2680 1321 2730 defunctarum
1341 2682 1494 2717 set-wari
1517 2694 1594 2730 per

65 2741 116 2765 ea
145 2728 292 2765 vellent
317 2733 567 2769 memoriam.
641 2736 810 2772 Harum
852 2751 942 2774 vero
981 2738 1153 2774 alteram
1180 2738 1341 2775 Aeneae
1371 2745 1591 2789 cognatam

52 2784 192 2834 fuisse
204 2786 360 2836 jerunt,
395 2789 566 2826 alteram
588 2793 796 2829 nutricem.
832 2794 881 2830 Et
901 2793 1144 2844 Prochytam
1166 2795 1213 2832 de
1231 2804 1409 2846 cognata
1428 2795 1591 2833 Aeneae

65 2854 208 2880 nomen
237 2847 438 2895 accepisse
471 2847 591 2884 etiam
631 2850 819 2887 Naevius
857 2853 900 2887 in
934 2853 1067 2901 primo
1096 2851 1192 2890 belli
1221 2855 1379 2891 Punici
1405 2854 1591 2891 dixerat:

65 2901 178 2938 Serv.
203 2901 255 2939 ad
280 2902 352 2949 IX,
385 2904 481 2946 715.
542 2905 575 2942 A
605 2905 736 2944 Plinio
762 2907 1006 2960 Prochytam
1046 2924 1125 2947 non
1159 2909 1211 2947 ab
1235 2911 1397 2949 Aeneae
1426 2912 1590 2958 nutrice,

64 2957 135 2994 sect
153 2961 251 3009 quia
268 2960 443 3012 prssusa
461 2961 514 3001 ab
535 2964 718 3003 Aenaria
748 2974 857 3016 erat,
893 2966 1042 3004 dictam
1078 2967 1144 3006 lib.
1176 2968 1243 3018 III,
1287 2971 1338 3010 13
1368 2975 1475 3007 recte
1501 2982 1591 3007 mo—
