1811 3388
350 229 755 279 AENEIDOS
792 231 929 279 LIB.
966 231 1055 290 111,
1092 235 1313 284 24—43
1488 241 1585 288 447

97 355 260 403 Multa
287 369 505 402 movens
527 353 730 415 animo,
766 354 1035 418 Nymphas
1053 355 1342 405 venerabar
1362 361 1588 421 agrestis,

97 424 493 489 Gradivumque
539 431 743 487 patrem
766 462 779 485 ‚
830 424 1022 472 Geticis
1064 425 1153 490 qui
1199 427 1465 489 praesidet
1508 445 1588 476 ar-

865 492 960 541 vis:
1521 499 1588 547 35

92 560 210 608 Rite
235 558 585 607 secundarent
607 560 766 618 visus,
807 575 1078 626 omenque
1101 561 1348 612 levarent.

94 627 266 675 Tertia
289 627 382 675 sed
403 637 685 693 postquam
710 629 911 678 maiore
933 629 1132 678 hastilia
1156 631 1273 678 nisu

92 695 415 758 Adgredior,
452 697 781 762 genibusque
811 698 1058 747 adversae
1091 698 1337 747 obluctor
1370 715 1584 749 arenae:

90 764 344 829 Eloquar,
384 782 448 813 au
473 765 688 814 sileam?
724 768 949 829 gemitus
970 767 1297 816 lacrimabilis
1318 767 1428 815 imo

91 833 312 882 Auditur
331 835 539 882 tumulo
557 872 568 889 ,
609 843 661 882 et
679 852 777 882 vox
795 836 1001 885 reddita
1021 836 1190 885 fertur
1214 836 1278 884 ad
1306 837 1462 886 auris:
1519 841 1584 888 40

92 902 229 962 Quid
251 903 520 963 miserum,
554 908 743 961 Aenea,
785 904 1008 955 laceras?
1044 906 1145 953 iam
1172 921 1327 971 parce
1351 905 1582 970 sepulto;

18 2041 19 2049 κ
84 2027 228 2055 tentare
259 2026 315 2055 est
340 2021 557 2070 explorare.

18 2094 19 2112 ÷
86 2075 235 2122 sabula,
267 2090 384 2124 quain
404 2077 585 2127 Virgilius
604 2085 643 2115 et
664 2079 800 2130 ipsam,

18 2150 19 2157 κ
85 2137 129 2168 ut
147 2137 210 2168 tot
229 2133 323 2179 alia,
356 2146 376 2170 a
402 2135 525 2184 poetis
550 2136 703 2185 cyclicis
732 2150 798 2172 ac·—

18 2201 19 2206 ’
86 2188 228 2237 cepisse
250 2188 430 2236 videtur,
468 2191 559 2227 satis
587 2192 799 2242 probabilis

19 2275 20 2278 ,
84 2244 211 2281 videri
232 2245 368 2282 debuit
388 2246 479 2283 olim
500 2247 563 2295 iis,
587 2248 650 2296 qui
673 2249 712 2285 in
732 2263 798 2285 ar-

88 973 247 1018 Parce
272 973 380 1036 pias
405 972 659 1021 scelerare
682 990 881 1024 manus,

951 978 1072 1023 Non
1093 991 1182 1022 me
1207 974 1300 1022 tibi
1325 975 1480 1022 Troia

88 1042 376 1089 Externum
398 1040 535 1099 tulit3
574 1049 660 1090 aut
685 1058 842 1091 cruor
859 1043 942 1091 hic
964 1042 1030 1091 de
1053 1044 1227 1108 stipite
1246 1052 1436 1093 manat.

179 1178 223 1213 35
251 1179 517 1224 Gradivomque
535 1178 623 1213 Gud.
642 1192 662 1213 a
682 1192 725 1213 m.
749 1192 800 1224 pr.
823 1182 915 1225 quod
939 1182 1141 1226 praeseram.

88 1235 170 1256 voce
190 1225 336 1268 primam
359 1225 516 1270 produci.
565 1226 682 1258 Brevis
703 1234 754 1259 est
776 1240 830 1272 ap.
846 1227 964 1259 Silium
982 1229 1128 1268 xv‚15.

87 1273 196 1303 armis
217 1271 340 1303 Hamb.
361 1283 428 1304 sec.
477 1273 551 1305 oris
579 1274 715 1316 Menag.
744 1285 796 1316 pr.

89 1324 121 1348 et
138 1317 244 1349 Goth.
267 1329 334 1349 sec.

86 1408 174 1440 alter
192 1410 356 1441 Rotteud.
451 1410 496 1445 39
521 1411 688 1455 alloquar
712 1412 796 1444 Ven.

427 1318 472 1353 37
502 1320 622 1350 Tertio
650 1319 754 1351 Caris.
784 1331 814 1351 v.
846 1319 934 1352 I'ier.
964 1326 998 1352 et
1029 1320 1148 1353 Heinu.

87 1363 204 1395 Heius.
225 1375 265 1395 ex
288 1363 388 1396 codd.
407 1371 441 1395 ct
461 1365 539 1396 cdd.
559 1371 642 1397 vett.
660 1365 827 1409 reposuit.
862 1366 976 1409 Vulgo
1001 1368 1101 1399 nixu.
1122 1367 1165 1399 cf.
1180 1366 1269 1398 Picr.

1191 1181 1314 1214 Mirum
1335 1188 1447 1214 autem
1463 1179 1498 1213 in
1516 1180 1581 1213 hac

1161 1228 1482 1273 grandaevumque
1500 1227 1580 1259 duo.

890 1276 935 1309 36
967 1275 1185 1307 secundaret
1206 1282 1240 1306 ec
1260 1274 1397 1306 levaret
1416 1273 1579 1306 Wittiau.

1196 1321 1325 1352 maiori
1350 1319 1448 1351 Leid.
1496 1320 1579 1352 nisu

1363 1365 1406 1400 38
1427 1377 1579 1398 aversae

890 1411 937 1448 40
961 1413 1111 1445 auditus
1132 1425 1149 1445 e
1170 1420 1236 1444 vet.
1260 1411 1336 1445 cod.
1366 1411 1522 1444 laudatur
1544 1411 1579 1443 in

86 1454 267 1487 Servianis.
317 1464 350 1487 et
374 1456 472 1488 deest
492 1457 628 1499 Menag.
652 1470 702 1501 pr.
752 1459 800 1490 (ul
818 1470 931 1490 auras
961 1464 1107 1502 quatuor
1133 1460 1258 1498 Burm.,
1284 1465 1319 1490 ut
1351 1469 1457 1501 saepe
1483 1457 1579 1497 alibi,

87 1500 134 1533 sic
157 1500 217 1533 ins.
240 1502 297 1536 93.
346 1502 470 1544 (aures
496 1503 634 1543 Medic„
670 1505 773 1536 auris
803 1504 844 1536 fr.
874 1505 953 1536 Vat.
991 1504 1083 1545 Wr.)

644 1550 689 1584 43
714 1558 908 1582 extremum
931 1550 1036 1582 Witt.
1055 1562 1129 1583 cum
1150 1550 1252 1582 codd.
1276 1549 1378 1591 Pier.,
1406 1556 1578 1594 perpetuo

87 1553 122 1577 et
142 1547 295 1579 Donatus
315 1559 368 1591 ap.
393 1548 550 1584 Pierium.

1177 1508 1218 1538 41
1256 1504 1446 1549 sepulchro
1476 1504 1578 1536 codd.

85 1591 194 1636 lapsu.
243 1596 285 1625 E.
309 1594 408 1626 dedic
429 1593 536 1627 wall.
558 1603 623 1628 aut
644 1595 795 1628 restituit
815 1596 933 1628 Heius.
954 1608 971 1627 e
994 1596 1091 1628 libris
1123 1596 1227 1638 (adde
1246 1596 1365 1638 sragm.
1390 1595 1514 1637 Vatic.)
1545 1602 1579 1628 et

85 1639 323 1672 Grammaticis
339 1665 348 1679 ,
372 1652 472 1683 quem
493 1639 580 1673 vide.
629 1641 742 1685 Vulgo
763 1642 881 1681 haud3
906 1643 956 1686 (ut
974 1644 1008 1678 2.
1026 1644 1058 1676 7.
1078 1643 1109 1676 8.
1131 1645 1184 1677 10.
1205 1642 1299 1684 lVr.)
1338 1641 1373 1674 in
1406 1653 1473 1686 quo
1504 1642 1578 1673 scre

15 1707 17 1710 -
85 1696 221 1729 semper
238 1685 370 1721 variant
390 1686 482 1719 libri.
533 1695 598 1719 aut
620 1700 701 1720 vcro
723 1699 785 1731 pro
809 1700 873 1720 nec·
905 1688 1004 1721 etiam
1034 1689 1068 1721 in
1098 1700 1201 1733 prosa
1237 1688 1378 1731 ponitur
1409 1688 1443 1719 in
1473 1688 1578 1720 simili

85 1730 274 1774 sententia,
300 1744 346 1765 sc.
366 1744 439 1765 non
462 1732 506 1765 de
526 1734 647 1779 stt'pite
669 1734 731 1767 sed
750 1734 793 1766 de
815 1746 891 1767 meo
912 1746 1071 1779 corpore.
1120 1736 1266 1780 (cespite
1284 1734 1360 1766 Alb.
1391 1735 1485 1777 lVr.)

83 1862 169 1885 ram
191 1848 280 1886 taho
300 1849 505 1886 maculant
518 1879 528 1898 ,
563 1857 712 1900 quanto
733 1864 800 1889 or-

85 1905 237 1955 natius,
278 1919 415 1956 quam,
456 1906 606 1945 cadunt
640 1908 681 1946 in
718 1914 800 1945 ter-

83 1963 188 1999 ram!
235 1970 353 2012 atque
399 1963 453 2000 sic
493 1977 625 2014 porro.
704 1965 801 2003 Mox

617 2021 800 2059 Ceterum

84 2301 197 2338 bores
224 2303 370 2339 mutari
395 2303 560 2354 puellas,
600 2305 798 2355 ,Nymphas

20 2363 21 2388 ἓ
83 2357 382 2409 Hamadryadas
442 2373 530 2397 cuin
590 2362 797 2400 arboribus

85 2415 208 2462 nasci,
249 2417 366 2453 sacris
403 2417 609 2455 arboribus
642 2419 800 2456 succisis

20 2500 22 2502 .
84 2477 212 2519 guttas
247 2473 442 2522 sauguinis
474 2487 653 2522 manare,
685 2476 800 2526 logis-

84 2534 181 2565 sent.
201 2530 250 2568 cf.
271 2532 379 2566 Serv.
400 2529 450 2566 ad
465 2544 500 2567 V.
517 2531 582 2572 46.
610 2533 800 2583 Exempla

21 2593 23 2638 j
85 2591 175 2621 sunt
198 2586 302 2636 apud
327 2587 549 2625 Callimacli.
574 2589 621 2626 Η.
644 2590 684 2626 in
712 2591 796 2627 Cer.

86 2640 261 2690 Apolloni.
300 2643 388 2692 Arg.
425 2644 468 2690 ll,
510 2646 591 2685 479
631 2660 686 2696 sq.
755 2647 796 2683 Si

86 2697 182 2744 quid
218 2698 359 2736 mirum
397 2701 523 2738 vidi-ri
563 2702 703 2749 debet,
745 2704 797 2740 sit

89 2753 191 2789 sorte
213 2753 310 2802 hoc,
350 2757 454 2804 quod
490 2760 634 2796 nostris
664 2759 796 2797 adhuc

86 2810 325 2859 temporibus
361 2812 500 2851 'fassus
537 2814 796 2867 Ariostusque

86 2878 173 2901 cum
193 2868 384 2916 Spencero
411 2870 545 2908 eadem
577 2873 708 2911 sabula
738 2874 794 2911 sc·-

85 2921 209 2959 liciter
228 2923 286 2960 usi
307 2930 408 2961 sunt.

914 1851 1128 1894 34—36.
1180 1850 1303 1889 Valde
1343 1851 1472 1888 animo
1510 1864 1577 1888 ae-

858 1915 994 1946 stuans
1005 1921 1122 1960 super
1132 1907 1300 1960 prodigii
1315 1909 1458 1946 caussis
1479 1909 1577 1946 ado-

857 1980 903 2003 ro
942 1966 1143 2017 Nymphas
1187 1965 1486 2016 Hamadryades
1536 1972 1577 2003 et

857 2023 1021 2060 Martem
1059 2023 1296 2072 indigetem,
1347 2029 1391 2060 ut
1427 2023 1577 2060 malum

859 2094 971 2117 omen
1004 2085 1200 2116 avertant.
1260 2082 1367 2116 visus
1407 2093 1479 2129 pro
1516 2079 1577 2117 vi-

856 2150 941 2175 sum
962 2136 998 2174 li.
1019 2150 1050 2173 e.
1076 2142 1275 2173 ostentum
1290 2165 1299 2183 ‚
1332 2142 1575 2186 portentum,

856 2193 963 2243 quod
992 2194 1229 2239 secundum,
1285 2193 1378 2229 felix
1417 2206 1497 2229 esse
1537 2198 1577 2229 et

855 2251 1000 2295 levari,
1035 2250 1073 2287 in
1097 2250 1244 2286 bonum
1269 2249 1452 2286 converti
1475 2250 1574 2297 vult,

858 2306 1012 2343 uibene
1027 2309 1136 2343 Serv.
1198 2306 1291 2342 Mox
1314 2308 1366 2345 38
1386 2305 1571 2351 obluctor,

856 2359 1095 2414 α’ντιβαίνω,
1125 2369 1170 2400 ut
1188 2363 1343 2409 Buram,
1375 2368 1444 2400 aut
1477 2359 1575 2402 α’ντ-

859 2423 1009 2471 ερείδω.

913 2476 1107 2517 41—45.
1140 2477 1231 2513 sam
1264 2474 1424 2513 tandem
1450 2491 1574 2526 parce

855 2547 889 2581 s.¹
913 2555 961 2561 ——
986 2534 1041 2576 42
1066 2547 1190 2583 parce
1219 2534 1432 2580 scelerare,
1473 2532 1513 2570 h.
1542 2546 1573 2570 e.

857 2590 955 2637 noli,
1000 2588 1063 2641 (ut
1100 2589 1205 2641 apud
1245 2589 1385 2626 Horat.
1423 2596 1462 2626 et
1506 2589 1572 2641 al.)

855 2647 1029 2698 polluere
1068 2647 1212 2684 scelere
1251 2660 1401 2684 manuS.
1472 2646 1573 2683 Male

854 2704 927 2741 alia
947 2704 1128 2752 Servius-3
1168 2710 1209 2740 at
1237 2709 1343 2741 recte
1373 2702 1478 2739 idem
1509 2718 1572 2740 se-

850 2762 1009 2810 pullum
1040 2761 1077 2798 h.
1109 2761 1132 2798 l.
1166 2760 1266 2798 vidit
1293 2773 1372 2796 esse
1406 2760 1572 2797 fortuita

854 2818 1043 2856 obrutum
1062 2824 1167 2855 terra
1189 2816 1254 2869 (cs.
1278 2817 1328 2853 ad
1356 2830 1391 2853 v.
1413 2815 1498 2867 22.)
1517 2838 1573 2844 —

853 2889 914 2910 me
955 2875 1025 2912 tibi
1066 2890 1143 2910 mm
1201 2883 1400 2910 exsenium
1454 2875 1571 2909 Troia

853 2932 940 2968 mla
961 2960 972 2978 ‚
1015 2931 1185 2982 protulit
1204 2960 1213 2978 ,
1262 2930 1396 2980 genuit
1415 2958 1425 2977 ‚
1473 2928 1512 2966 h.
1539 2942 1569 2965 e.
