1811 3388
452 234 574 280 AD
647 231 1089 279 LIBRUM
1159 232 1217 279 ΙΙ
1500 239 1601 286 429

78 365 117 400 in
150 362 308 414 Cypseli
340 374 429 398 arca
464 359 571 411 apud
602 359 770 397 Pausan.
801 359 847 407 V,
887 361 951 400 19
987 359 1214 409 Πεποίηται
1243 355 1287 398 δὲ
1318 357 1386 398 και
1415 358 1603 401 Κασσαν-

79 421 193 491 δραν
209 415 288 459 απὸ
315 420 388 459 τοῦ
420 413 649 468 οἷῃαλματος
677 417 781 464 Αἴας
806 420 880 469 τῆς
904 413 1122 484 Ἀθηνᾶς,
1127 416 1265 485 {fasma
1318 411 1387 456 ἐπ’
1418 413 1529 474 αὐτῷ
1560 417 1604 459 δὲ

77 477 145 516 καὶ
175 470 406 529 ἐπίγραμμα
439 474 567 514 ἐστιν·
620 474 726 522 Αἶας
769 470 1048 527 Κασσάνδραν
1078 490 1135 514 απ
1195 474 1413 526 Αθηναίας
1443 461 1604 530 Λοκρὸς

78 534 174 574 {an&

190 590 271 627 lam
303 595 443 641 poetae
473 590 600 626 nostri
631 588 755 626 verba
787 601 858 641 per
889 601 928 625 se
961 594 1140 640 spectata
1185 601 1266 626 non
1298 589 1418 641 magis
1451 589 1603 640 aliquid

78 648 128 686 de
158 648 198 686 vi
228 647 377 699 pudori
404 647 515 684 illata
555 647 758 695 innuunt,
809 646 1033 684 Cassandra
1063 646 1103 684 vi
1145 658 1165 682 e
1206 646 1358 698 templo
1396 646 1603 686 Minervae

77 705 350 754 abstrahitur,
392 705 574 743 manibus
615 704 783 754 vinctis,
825 710 1032 754 tamquam
1065 704 1237 755 captiva.
1299 704 1339 741 Si
1379 704 1467 756 quis
1504 704 1604 743 haec

79 763 130 801 ad
160 769 302 815 poetae
341 762 540 815 pudorem
581 761 765 811 trahere,
806 767 846 799 et
889 762 1047 799 lumina
1088 763 1272 799 ardentia
1314 761 1373 799 ira
1406 769 1446 800 et
1475 766 1603 801 crines

73 835 217 873 passos
259 834 306 858 eo
348 821 497 858 referre
536 819 659 868 velit,
703 825 751 857 ut
781 826 968 871 stuprum
1011 820 1089 857 iam
1129 833 1242 871 passa
1281 831 1363 857 esse
1394 827 1599 873 arguatur,

77 878 298 917 videndum
319 885 398 929 est,
432 891 479 915 ne
508 883 646 929 argute
678 877 798 929 magis
827 877 908 915 hoc
936 876 1029 927 fiat,
1060 891 1181 928 quam
1211 889 1318 916 vere.

451 1165 1039 1225 EXCURSUS
1122 1167 1225 1223 XI

364 1279 480 1322 De
585 1279 967 1323 Priami
1072 1296 1308 1323 nece.

193 1396 242 1445 Il,
269 1395 354 1439 506
391 1397 579 1434 Forsitan
601 1404 637 1432 et
656 1396 984 1448 Priamificermt
1002 1397 1219 1448 quaejam
1240 1413 1279 1434 ιι
1282 1399 1429 1448 quim-s.
1470 1398 1597 1435 Etiam

78 1467 197 1506 super
225 1454 369 1491 Priami
401 1454 522 1491 caede
556 1454 798 1492 na1rationis
829 1455 905 1492 suit
937 1455 1159 1493 diversitas
1220 1453 1369 1504 Adeat,
1412 1456 1478 1505 qui
1513 1456 1597 1493 sin-

78 1513 168 1563 gula
200 1525 435 1563 cognoscere
465 1512 598 1562 cupit,
650 1512 856 1562 Servium,
895 1513 1087 1563 Pompon.
1120 1512 1221 1561 Sab.,
1260 1513 1460 1560 Quintum
1491 1514 1596 1563 Xlll,

78 1569 317 1611 220—241
348 1583 432 1620 sqq.
493 1568 752 1607 Abstractum
792 1570 841 1607 ab
876 1584 944 1608 ara
977 1570 1027 1607 ad
1058 1570 1163 1608 sores
1200 1571 1326 1621 regias
1365 1584 1387 1607 a
1414 1572 1596 1623 Neopto-

78 1628 180 1665 lemo
221 1640 379 1664 caesum
419 1626 587 1664 Lesches
627 1633 883 1666 narraverat:
934 1634 983 1666 ut
1021 1634 1080 1665 est
1111 1628 1219 1680 apud
1250 1629 1417 1667 Pausan.
1449 1629 1494 1678 V,
1526 1632 1596 1678 27,

77 1699 117 1737 p.
150 1687 245 1726 865.
305 1684 494 1735 Virgilius
527 1685 736 1736 vulgarem
775 1685 995 1734 rationem,
1040 1699 1142 1736 quae
1184 1692 1320 1723 tamen
1352 1700 1444 1724 cum
1470 1688 1595 1725 altera

78 1742 281 1781 conciliari
321 1748 474 1794 potest,
524 1743 724 1793 sequitur,
773 1743 887 1781 cuius
926 1742 1101 1781 fundum
1150 1744 1267 1781 fuisse
1300 1739 1418 1785 Ἰλίου
1453 1744 1596 1798 πέρσιν

78 1799 233 1838 Arctini
265 1813 374 1838 nunc
398 1813 448 1837 ex
477 1800 618 1838 Proclo
648 1801 871 1852 comperio,
913 1801 1057 1839 eximie
1089 1807 1227 1839 tamen
1257 1801 1389 1839 omnia
1421 1803 1595 1841 ornavit.

78 1858 156 1895 Sed
187 1858 236 1895 ab
268 1857 457 1910 Euripide
487 1858 634 1897 Troad.
677 1858 774 1899 479.
814 1858 894 1899 481
929 1872 1035 1909 seqq.
1066 1865 1275 1897 mutuatus
1307 1867 1366 1898 est
1395 1873 1462 1909 ea,
1494 1873 1595 1911 quae
1648 1900 1654 1907 ⁸

80 1916 128 1953 de
163 1915 336 1953 Hecuba
367 1917 612 1959 515—525
652 1916 802 1967 egregie
838 1916 889 1953 ad
918 1917 1217 1955 miserationem
1256 1916 1349 1955 ficta
1381 1924 1496 1968 sunt,
1538 1919 1595 1956 si-

78 1973 162 2011 mul
192 1979 326 2011 tamen
356 1973 522 2011 Homeri
555 1973 683 2012 ductu
712 1974 823 2012 Iliad.
860 1990 902 2023 ω,
942 1978 1027 2016 200
1067 1989 1150 2026 sqq.
1192 1973 1291 2028 (non
1330 1988 1379 2013 ex
1409 1976 1521 2014 lliad.
1552 1992 1594 2025 π,

81 2033 161 2073 108
194 2029 310 2083 sqq.),
348 2031 417 2069 ubi
456 2031 638 2069 Priamus
678 2031 729 2068 ad
760 2030 1013 2070 Achaeorum
1045 2039 1174 2070 castra
1215 2033 1292 2070 iter
1321 2040 1594 2086 suscepturus,

79 2094 158 2125 stat
190 2087 232 2127 ἐν
264 2087 369 2143 μέσῳ
402 2088 508 2141 ἕρκει
547 2089 674 2127 libans
708 2095 747 2126 et
783 2102 921 2141 preces
952 2090 1099 2127 faciens
1137 2090 1189 2127 ad
1228 2090 1377 2129 Iovem.
1437 2093 1595 2129 Polliae

79 2145 239 2182 caedem
269 2153 592 2184 memoraverant
623 2153 663 2184 et
693 2146 769 2195 alii,
800 2153 847 2184 ut
878 2160 898 2184 e
927 2148 1080 2195 Quinto
1111 2147 1190 2185 Cal.
1222 2148 1329 2196 XIII,
1359 2148 1443 2189 214
1470 2148 1594 2186 intel-

80 2203 227 2253 ligitur,
252 2210 291 2239 et
309 2203 412 2241 sorte
431 2203 559 2254 primo
581 2204 667 2241 loco
681 2203 930 2243 Stesichorus
950 2205 991 2242 in
1006 2201 1123 2245 Ἰλίου
1141 2204 1290 2257 πέρσει,
1319 2211 1366 2243 ut
1384 2218 1434 2243 ex
1455 2206 1593 2243 Tabu-

79 2260 114 2297 la
149 2260 263 2297 Iliaca
296 2260 505 2312 coniicias,
536 2274 637 2312 quae
670 2268 798 2299 totum
828 2262 906 2299 hoc
926 2263 1074 2300 sactum
1100 2262 1240 2300 eodem
1261 2263 1403 2311 modo,
1434 2271 1479 2301 ut
1499 2264 1595 2302 Vir-

77 2318 192 2368 gilius
203 2347 213 2366 ,
245 2316 406 2355 exhibet
434 2332 474 2356 n.
509 2319 602 2360 105.
636 2321 730 2360 106.
790 2319 888 2357 Nam
919 2320 1093 2357 Les-elles
1119 2320 1167 2358 de
1187 2320 1345 2358 Priamo
1376 2321 1490 2359 aliter
1506 2328 1595 2358 tra-

80 2375 258 2424 diderat,
290 2381 336 2413 ut
364 2376 442 2413 iam
476 2388 525 2413 ex
558 2376 671 2415 Paus.
701 2377 753 2425 X,
786 2380 840 2418 27
871 2377 1112 2416 notavimus.
1173 2378 1287 2425 Quae
1309 2391 1406 2417 vero
1435 2379 1485 2416 ad
1513 2379 1594 2416 mi—

79 2433 315 2471 serationem
346 2440 460 2484 poeta
492 2440 722 2486 comparata
753 2434 1017 2487 interposuit,
1057 2448 1140 2472 non
1172 2435 1264 2473 alibi
1296 2435 1480 2486 invenio,
1521 2437 1595 2474 etsi

80 2490 298 2528 orationem
329 2491 474 2529 Priami
506 2491 558 2529 ad
587 2491 789 2542 Pyrrhum
819 2492 998 2531 habitam
1032 2493 1178 2530 recitat
1208 2493 1348 2541 Quint.
1379 2495 1460 2532 Cal.
1487 2495 1594 2544 Xlss,

80 2548 162 2589 225
193 2561 276 2598 sqq.
337 2548 645 2600 'I'ryplliodorus
686 2550 871 2588 affectum
912 2551 1033 2589 insert
1073 2564 1153 2588 non
1193 2551 1296 2589 male
1326 2565 1364 2590 v.
1396 2550 1480 2595 624
1510 2566 1594 2603 sqq.

80 2604 204 2642 Porro
233 2605 414 2644 Priamus
444 2607 503 2644 ad
529 2621 646 2644 aram
675 2608 786 2645 lovis
814 2610 964 2646 Hercei
993 2607 1208 2661 (Ἑρκείου)
1240 2609 1444 2659 caeditur,
1482 2624 1595 2648 com-

80 2662 192 2699 muni
220 2670 428 2714 poetarum
461 2670 500 2702 et
529 2665 882 2715 grammaticorum
920 2666 1164 2704 narratione.
1224 2667 1302 2704 Sed
1331 2667 1371 2705 in
1402 2666 1480 2704 hac
1511 2667 1594 2705 dif-

80 2717 236 2756 ficultas
265 2722 451 2760 occurrit.
510 2722 673 2760 Veteres
703 2723 810 2761 enim
840 2724 981 2762 Graeci
1006 2736 1091 2761 eam
1122 2726 1165 2760 in
1195 2725 1295 2762 aula
1325 2725 1398 2762 sub
1430 2724 1495 2763 dio
1515 2739 1594 2777 po-

82 2774 197 2812 sitam
227 2785 462 2817 memorant.
521 2779 668 2818 Athen.
696 2781 772 2830 IV,
811 2795 850 2833 p.
888 2783 981 2822 189.
1013 2781 1064 2819 E:
1082 2777 1268 2840 ωΟμηρος
1293 2779 1335 2821 δὲ
1360 2799 1436 2834 την
1463 2778 1596 2834 αὐλήν

82 2826 145 2870 αἐὶ
178 2828 307 2872 τάττει
335 2834 398 2874 ἐπὶ
438 2852 522 2876 των
559 2836 782 2891 ὑπαίθρων
819 2834 970 2879 τόπων.
1018 2835 1158 2878 ’Ένθα
1187 2855 1242 2890 ην
1272 2837 1296 2879 ὁ
1315 2843 1389 2879 τοῦ
1412 2838 1594 2892 Ἑρκείου

83 2885 218 2939 Ζηνος
249 2887 394 2942 βωμός.
425 2890 591 2944 (scilicet
620 2895 729 2945 apud
756 2895 979 2934 Homerum
1001 2896 1068 2946 qui
1092 2895 1208 2933 aedes
1237 2896 1385 2946 intrat,
1417 2897 1594 2948 plinium

82 2943 218 2997 ἕρκος,
249 2945 290 2983 in
323 2945 402 2985 hoc
433 2947 563 3003 αὐλήν
593 2951 719 3002 subit,
751 2959 837 2992 tum
869 2949 1093 3007 πρόδομον,
1124 2952 1287 2992 tandem
1318 2954 1369 2992 ad
1401 2950 1593 3007 θάλαμον
