1779 3420
136 162 269 212 1042
504 159 1124 210 EXCURSUS
1198 163 1303 211 XV

131 289 272 329 inseris
290 288 454 329 heroem
476 302 614 339 suum,
646 296 847 341 quatenus
866 289 1039 328 somniis
1065 290 1108 328 in
1136 289 1277 328 iisdem
1303 290 1439 329 inseris
1468 291 1565 330 locis
1598 305 1662 330 se-

134 349 204 388 des
223 362 295 387 sua
316 348 512 401 assignata
534 353 607 389 est.
641 348 724 387 vid.
746 348 839 386 Not.
861 348 913 386 ad
932 347 972 386 h.
1003 361 1042 387 v.
1077 354 1117 386 et
1147 362 1269 400 supra
1299 349 1350 387 ad
1382 352 1479 391 282.
1540 350 1663 398 Quod

134 408 369 457 inventum,
408 407 440 444 si
479 419 531 446 ex
563 406 687 445 animi
714 407 914 445 sententia
942 405 1160 444 dicendum
1202 413 1284 456 est,
1325 407 1489 446 omnino
1520 422 1664 461 parum

134 466 232 505 felix
251 472 292 504 et
307 465 499 504 idoneum
525 478 608 503 esse
636 464 822 514 videtur,
853 478 945 502 cum
975 477 1026 502 ne
1059 463 1112 501 ad
1140 464 1363 516 mythicam
1390 465 1551 515 quidem
1579 467 1665 505 veri

135 524 455 578 probabilitatem
474 523 695 575 quidquam
718 523 759 561 in
780 534 826 560 eo
852 522 925 572 sit,
954 527 1003 560 ut
1033 521 1186 559 Aeneas
1219 536 1309 560 cum
1339 522 1489 574 Sibylla
1525 524 1665 563 eadem

136 583 201 622 via
223 588 340 621 exeat
358 595 409 621 ex
435 581 595 630 inseris,
637 593 714 632 qua
743 580 907 619 Somnia
937 579 1114 618 evolant.
1173 579 1345 619 Felicius
1373 580 1546 620 Ovidius
1571 582 1665 622 Met.

136 641 245 692 XIV,
279 644 374 689 120,
412 640 483 678 ubi
510 638 549 679 11.
579 639 606 677 l.
638 638 857 690 expressit,
907 637 1084 676 Aeneam
1112 651 1251 677 aversa
1281 645 1399 691 porta
1429 640 1666 679 redeuntem

136 698 335 753 prodidit:
365 699 465 737 Inde
484 696 626 749 serens
645 697 774 735 lassos
805 711 944 735 averso
976 697 1140 735 cardine
1166 711 1344 748 gressus.
1409 697 1440 734 F
1444 711 1572 736 errem
1602 704 1667 736 ta·-

136 770 246 807 men,
287 756 319 794 si
348 755 442 794 satis
472 754 696 804 habuisset,
736 768 808 808 per
843 755 981 794 Somni
1010 760 1150 807 portas
1186 756 1380 794 emittere.
1438 757 1667 807 Enimvero,

139 815 237 855 dum
253 813 468 853 exornavit
490 820 764 852 commentum
790 827 934 863 suum,
966 826 1010 851 ea
1041 813 1209 864 adiecit,
1250 815 1396 865 quibus
1423 828 1495 853 sua
1528 816 1666 854 vineta

136 874 220 926 ipse
251 872 438 911 cecidisse
470 871 663 910 dicendus
689 878 761 910 est.
821 872 1040 923 Postquam
1071 872 1175 910 enim
1206 872 1383 910 eburnea
1418 879 1538 924 polta
1570 874 1668 912 salsa

138 932 248 970 exire
284 930 438 970 somnia
471 930 596 980 dixit,
640 930 821 969 subiicit:
862 930 1039 969 Aeneam
1080 944 1172 969 cum
1210 931 1363 983 Sibylla
1401 932 1449 970 ab
1495 931 1669 970 Anchise

138 989 277 1028 eadem
300 997 420 1041 porta
448 988 619 1027 eburnea
646 1002 728 1027 esse
761 1002 969 1040 emissum,
1011 1002 1091 1040 quo
1126 989 1347 1028 necessa1i0
1378 989 1419 1028 in
1447 1003 1532 1028 eam
1575 1004 1668 1028 sen-

137 1048 305 1087 tentiam
329 1047 531 1086 adducere
550 1047 670 1086 debet
697 1047 906 1098 lectorem,
950 1061 1070 1099 quam
1105 1047 1183 1086 iam
1217 1062 1238 1085 a
1271 1048 1412 1087 Senio
1445 1049 1668 1101 expositam

138 1106 296 1145 videas:
327 1107 428 1144 velle
446 1120 536 1144 eum
554 1107 752 1157 intelligi,
780 1106 900 1158 falsa
931 1121 1012 1144 esse
1050 1108 1188 1144 omnia
1216 1121 1321 1159 quae
1347 1107 1463 1145 (lixit.
1528 1107 1664 1158 Neque

139 1165 256 1203 aliter
275 1163 472 1217 accepisse
494 1164 657 1203 videtur
681 1164 904 1215 Ausonius,
937 1171 1136 1216 quantum
1161 1178 1213 1202 ex
1236 1164 1460 1203 imitatione
1488 1165 1668 1217 intelligo

144 1223 293 1275 Cupid.
320 1224 430 1261 cruci
456 1222 534 1276 aff.
570 1225 624 1265 99
644 1236 728 1274 sqq.
789 1224 905 1272 Quae
937 1223 968 1261 si
997 1228 1140 1276 poetae
1169 1236 1281 1262 mens
1314 1223 1408 1273 fuit,
1451 1223 1553 1262 nihil
1587 1237 1667 1262 un-

140 1295 263 1333 quam
292 1294 314 1318 a
345 1281 534 1333 quopiam
568 1287 686 1334 poeta
718 1283 838 1333 magis
867 1281 1078 1320 sinistrum
1107 1282 1336 1334 profectum
1367 1295 1449 1320 esse
1478 1282 1667 1332 arbitror,

141 1353 233 1378 cum
252 1339 381 1378 omnis
398 1353 449 1377 ex
466 1341 806 1392 praestantissimo
829 1340 1009 1393 episodio
1037 1347 1226 1393 percepta
1257 1341 1445 1393 voluptas
1475 1340 1554 1378 hoc
1585 1354 1669 1379 uno

139 1411 263 1437 versu
295 1397 516 1450 perimatur
550 1405 591 1436 et
621 1399 839 1451 iuguletur.
898 1399 981 1437 Nec
1008 1399 1226 1450 quicquam
1257 1399 1475 1451 excogitari
1508 1405 1670 1451 poterat

141 1455 367 1496 absurdius.
426 1456 633 1505 Quorsum
661 1458 767 1495 enim
798 1457 1000 1509 pertinere
1032 1464 1189 1509 potest,
1230 1471 1303 1495 nos
1339 1457 1514 1506 moneri,
1556 1457 1669 1505 haee,

141 1528 243 1566 quae
263 1513 399 1553 adhuc
419 1520 504 1553 tam
524 1515 675 1567 egregie
692 1516 853 1554 fuerant
884 1516 1088 1568 exposita,
1120 1515 1383 1568 popularibus
1412 1515 1671 1567 opinionibus

141 1572 196 1611 ad
225 1571 523 1626 philosophicas
549 1574 727 1612 rationes
759 1575 1060 1627 attemperatis,
1092 1576 1225 1612 omnia
1255 1587 1300 1611 ea
1327 1587 1409 1612 esse
1435 1573 1572 1613 inania
1602 1588 1670 1612 so—
1717 1568 1723 1574 ”

140 1631 249 1670 mnia
262 1661 273 1681 ,
306 1631 450 1682 quibus
468 1632 629 1670 lectoris
653 1632 803 1671 hiantis
824 1633 956 1671 animo
975 1632 1146 1671 illudere
1165 1632 1368 1672 voluerit'?

256 1689 339 1728 Nec
359 1696 494 1728 tamen
524 1690 707 1740 defuere,
738 1690 828 1742 qui,
860 1705 953 1730 cum
983 1691 1195 1729 consilium
1228 1691 1308 1729 hoc
1343 1696 1484 1743 poetae
1515 1703 1670 1742 propo-

143 1747 266 1786 situm
296 1747 416 1785 fuisse
446 1754 663 1800 putarent,
704 1761 795 1787 eum
830 1763 912 1788 non
953 1749 1076 1787 modo
1107 1749 1372 1788 defenderent
1402 1755 1443 1787 et
1467 1749 1671 1800 interpre-

142 1811 356 1854 tarentur,
386 1805 494 1844 inter
511 1820 611 1857 quos
643 1819 760 1845 nemo
787 1807 1028 1859 ingeniosior
1064 1807 1219 1846 Aurato
1247 1807 1288 1845 in
1320 1806 1436 1857 elegis
1465 1806 1518 1844 ad
1546 1805 1671 1844 Guel-

143 1863 264 1913 lium,
299 1876 443 1903 verum
482 1863 582 1902 adeo
620 1864 836 1903 laudarent
870 1872 911 1904 et
941 1865 1090 1917 egregie
1128 1865 1481 1913 commendarent,
1522 1864 1672 1915 quippe

144 1921 213 1973 qui
233 1927 317 1960 tam
337 1921 577 1975 perspicacis
599 1923 721 1961 animi
742 1922 888 1973 fuerit,
918 1930 968 1962 ut
994 1923 1132 1962 Manes
1163 1929 1202 1961 et
1231 1924 1384 1962 Orcum
1407 1921 1563 1960 fabulas
1589 1934 1672 1959 esse

144 1979 315 2019 videret.
375 1980 455 2018 Alii
485 1980 690 2032 vulgarem
726 1981 775 2019 de
805 1987 948 2033 poetae
979 1981 1113 2020 studio
1147 1980 1424 2034 philosophiae
1452 1981 1673 2032 Epicureae

145 2038 374 2090 opinionem
396 2038 438 2076 in
456 2045 592 2090 partes
612 2046 832 2088 vocarunt,
864 2046 911 2078 ut
939 2045 1031 2092 post
1060 2040 1157 2078 alios
1190 2040 1255 2079 vir
1288 2038 1435 2090 alioqui
1468 2038 1672 2090 sagacissi—

145 2110 256 2146 mus,
287 2096 464 2135 Iortinus
486 2097 586 2136 Diss.
610 2097 676 2147 VI,
694 2112 732 2150 p.
750 2098 834 2140 305
853 2112 936 2149 sqq.
996 2098 1098 2137 Nolo
1120 2099 1161 2136 in
1182 2098 1412 2137 refellendis
1437 2097 1523 2135 aliis
1545 2097 1672 2135 otium

145 2167 402 2206 consumere;
433 2155 503 2193 sed
528 2161 615 2194 tota
646 2156 723 2194 ista
753 2156 888 2208 opinio
919 2157 1286 2196 Grammaticorum
1313 2162 1588 2195 commentum
1613 2161 1673 2193 est

146 2212 266 2251 inane
297 2219 338 2252 et
367 2213 635 2252 fundamento
664 2213 810 2253 idoneo
843 2214 1088 2254 destituitur.
1120 2215 1201 2254 vid.
1230 2214 1466 2267 Argument.
1500 2214 1583 2252 Ecl.
1606 2213 1672 2252 VI.

145 2270 186 2308 Si
221 2277 343 2322 poeta
381 2271 451 2310 Ge.
481 2272 527 2321 ΙΙ,
558 2271 642 2314 490
681 2286 738 2324 sq.
769 2286 911 2312 versus
948 2287 999 2312 ex
1036 2273 1222 2312 Lucretio
1260 2271 1538 2320 adumbravit,
1589 2285 1672 2309 non

145 2335 360 2381 propterea
379 2329 542 2382 Epicuri
561 2336 692 2368 sectae
714 2331 943 2384 adscriptus
968 2331 1109 2370 haberi
1139 2337 1282 2383 potest.
1342 2330 1566 2370 Exordium
1597 2343 1672 2368 au-

145 2392 229 2424 tem
244 2387 344 2425 Ciris
361 2401 401 2426 v.
423 2389 450 2430 3
474 2388 626 2426 nullam
646 2388 770 2428 habet
789 2404 838 2442 pl
841 2390 988 2428 obandi
1010 2391 1094 2428 vim
1119 2397 1160 2428 et
1177 2390 1473 2429 auctoritatem.

259 2445 586 2494 Warburtonus,
615 2447 719 2486 Vir
707 2448 1068 2500 mgeniosissimus,
1099 2448 1140 2486 in
1163 2449 1400 2501 Diss.sup1a
1426 2446 1593 2485 laudata
1622 2459 1673 2484 ex

146 2500 362 2554 hypothesi
391 2517 462 2541 sua
490 2503 540 2542 de
572 2506 771 2557 mysteriis
799 2506 1007 2545 Eleusiniis
1048 2521 1069 2544 a
1104 2513 1223 2558 poeta
1251 2506 1447 2559 expressis
1475 2517 1561 2543 rem
1590 2517 1672 2542 non

146 2559 249 2598 male
269 2560 459 2612 expedire
482 2562 613 2601 videri
643 2570 827 2615 poterat,
860 2579 953 2604 cum
986 2564 1184 2614 initiatos,
1213 2571 1305 2617 post
1332 2565 1407 2602 ista
1433 2576 1570 2602 lerum
1603 2562 1671 2599 in-

147 2618 326 2657 ferarum
346 2618 526 2670 mythica
559 2623 805 2672 spectacula,
838 2630 956 2674 porta
989 2623 1151 2661 emissos
1181 2636 1262 2661 esse
1298 2627 1545 2660 asseveraret
1571 2619 1671 2657 affa-

146 2676 218 2715 bre
241 2676 374 2714 efficta
396 2676 575 2727 adeoque
604 2679 780 2726 ebarna;
821 2680 891 2718 sed
922 2681 1030 2719 unde
1061 2681 1171 2719 istud
1197 2680 1360 2733 probari
1388 2678 1534 2731 possit,
1578 2691 1668 2716 mo-

147 2747 241 2773 nere
259 2734 422 2787 insuper
436 2733 590 2774 habuit.

262 2792 397 2833 Multis
418 2793 589 2831 aliorum
608 2800 821 2833 auctorum
842 2794 939 2833 locis
963 2795 1039 2833 hae
1061 2795 1222 2833 eaedem
1251 2794 1389 2832 Somni
1417 2800 1560 2847 portae
1582 2806 1670 2831 me-

147 2857 378 2902 morantur,
431 2852 577 2904 quippe
609 2865 709 2903 quae
740 2852 781 2890 in
822 2854 1025 2904 proverbii
1067 2854 1232 2892 tandem
1270 2854 1440 2892 sormam
1473 2852 1671 2901 abierunt,

148 2917 365 2959 praeeunte
393 2910 557 2949 Platone
583 2910 625 2949 in
660 2910 874 2949 Charmide
902 2925 941 2964 p.
976 2911 1059 2955 475
1077 2912 1130 2963 Ε,
1178 2925 1253 2950 nec
1273 2918 1408 2950 tamen
1437 2912 1478 2950 in
1508 2911 1555 2949 iis
1575 2910 1671 2949 loeis
