1779 3420
53 215 155 264 994

57 338 308 390 Orabunt
329 352 535 386 caussas
554 332 776 396 melius,
817 330 1066 397 coelique
1088 338 1300 380 meatus

379 209 433 258 P.
484 205 847 259 VIRGILII
897 202 1278 254 MARONIS

1497 332 1600 380 850

55 409 376 461 Describent
396 405 548 456 radio
563 446 576 468 ,
617 412 669 454 et
689 403 959 467 surgentia
983 399 1158 450 sidera
1183 399 1389 450 dicent:

59 484 144 530 Tu
173 495 363 544 regere
404 475 639 543 imperio
672 472 937 541 popuIOS,
972 474 1248 533 Romane,
1286 477 1600 527 memento;

57 554 170 600 Hae
194 550 289 598 tibi
320 557 478 598 erunt
507 555 670 604 artes3
712 543 965 609 pacisque
988 542 1255 606 inponere
1274 557 1509 605 morem,

57 624 284 671 Parcere
308 617 580 678 subiectiS,
617 623 670 663 et
691 611 966 662 debellare
986 611 1266 677 superbos

132 691 217 741 Sic
255 699 409 756 pater
451 685 734 748 Anchises,
785 692 945 748 atque
983 681 1117 730 haec
1156 679 1476 730 mirantibus
1508 678 1599 727 ad-

854 751 954 802 dit:

1499 753 1601 800 855

153 892 222 927 850
248 887 413 922 Orabam
437 886 529 920 Gud.
579 883 749 929 Solisque
774 894 801 915 s.
827 880 1037 927 Phoebique
1062 887 1206 913 meatus
1235 890 1303 911 em.
1334 879 1385 913 10.
1402 878 1602 918 Schrader„

59 938 119 972 sed
148 938 241 971 coeli
264 948 307 969 m.
334 943 413 968 sunt
439 934 591 967 siderum
617 937 764 964 meatus.

873 929 939 964 851
969 927 1191 961 Describam
1211 938 1281 959 sec.
1302 926 1432 959 Moret.
1476 927 1605 959 radios

60 985 167 1020 Goth.
200 990 284 1017 tert.
333 983 474 1016 lamina
500 982 639 1023 Menag.
666 991 719 1024 pr.
770 977 905 1010 ducent
942 975 1104 1011 Pari-has.
1135 986 1212 1007 cum
1241 973 1353 1007 Goth.
1388 980 1484 1016 tert„
1518 985 1605 1018 per-

59 1040 167 1079 petuo
188 1031 300 1076 lapsu.

369 1030 437 1065 853
467 1030 567 1061 Haec
585 1034 660 1059 tres
685 1027 867 1058 Burmann.
914 1024 1071 1070 pacique
1090 1021 1192 1054 multi
1213 1020 1335 1065 scripti
1356 1027 1391 1054 et
1413 1021 1499 1053 editi
1521 1020 1603 1053 inde

59 1082 102 1114 ab
122 1079 225 1113 Aldd.
252 1090 327 1111 cum
358 1078 459 1110 Rom.
487 1083 518 1108 et
551 1073 676 1107 Medic.
702 1074 752 1116 (ct
777 1074 811 1108 5.
838 1073 870 1106 6.
898 1072 934 1106 7.
964 1072 1032 1111 11.‚
1058 1068 1088 1102 si
1119 1080 1239 1102 verum
1265 1075 1385 1101 narrat
1409 1068 1604 1108 Potterius,

60 1127 139 1173 qui,
175 1137 263 1171 quae
289 1132 341 1157 est
364 1125 437 1157 eius
463 1123 607 1164 levitas,
639 1122 746 1167 pacis
768 1120 803 1152 in
827 1118 955 1152 Medic.
983 1124 1017 1149 et
1039 1118 1140 1149 Rom.
1167 1124 1306 1149 exstare
1327 1115 1462 1149 scribit.
1505 1115 1602 1159 lls'r.)

59 1175 129 1209 Sed
152 1175 243 1207 bene
268 1174 384 1205 Burm.
405 1170 576 1216 praetulit
599 1169 777 1215 pacisque
798 1179 841 1200 ex
869 1166 1030 1199 codicum
1054 1171 1154 1208 parte
1181 1163 1271 1196 Pier.
1303 1163 1425 1196 Heius.
1454 1170 1487 1196 et
1517 1174 1604 1196 suo—

59 1234 134 1256 rum
159 1233 229 1254 non
254 1219 532 1255 eontemnenda3
558 1228 636 1249 nam
664 1222 738 1256 est,
763 1227 896 1248 morem
919 1213 1027 1259 pacis
1050 1213 1255 1257 imponere,
1289 1210 1324 1244 h.
1351 1222 1382 1243 e.
1407 1210 1505 1254 leges
1531 1222 1599 1254 pa-

61 1270 110 1303 cis
134 1280 287 1314 ponere,
309 1267 423 1307 serre,
451 1273 485 1299 ut
509 1265 573 1297 lib.
598 1265 624 1305 Ι,
650 1261 741 1303 264,
772 1262 878 1295 verba
903 1267 1022 1293 tamen
1047 1259 1100 1291 vir
1125 1258 1350 1291 doctissimus
1374 1257 1487 1290 minus
1511 1257 1603 1290 bene

59 1317 324 1361 interpretatur.
374 1316 385 1358 (

59 1364 196 1398 Servio.
230 1362 307 1396 Liv.
342 1363 408 1403 IX,
446 1359 519 1396 14.:
561 1357 665 1400 „aliis
699 1357 879 1390 modum
915 1354 1048 1401 pacis
1082 1359 1118 1386 et
1159 1353 1278 1386 belli
1312 1353 1468 1386 facere.“

388 1315 471 1347 Non
495 1324 570 1345 sum
594 1322 696 1344 ausus
722 1316 858 1342 mutare
883 1307 1074 1341 lectionem
1100 1312 1292 1350 receptam,
1318 1305 1471 1349 agnitam
1497 1303 1602 1338 etiam

1508 1354 1563 1386 JV
1559 1351 1602 1394 r.)

56 1413 233 1458 pacisque
258 1411 281 1443 i.
307 1422 466 1443 amorem
491 1406 626 1440 Zulieh.
672 1406 830 1451 pacique
854 1406 877 1438 l.
903 1415 1031 1436 curam
1057 1414 1111 1447 pr.
1136 1400 1263 1434 Hamb.
1311 1412 1431 1434 mores
1453 1399 1602 1433 Dorvill.

61 1459 130 1494 855
156 1458 224 1491 lzoc
249 1458 340 1492 ven.
390 1457 449 1489 lzis
473 1455 564 1488 alter
589 1453 715 1487 Hamb.

61 1572 177 1619 parat
224 1565 385 1617 Olymp.
435 1562 520 1613 V11,
580 1564 631 1604 91
655 1583 710 1591 --
733 1562 802 1602 99.

62 1624 207 1664 Graeci
245 1638 369 1676 porro
406 1620 670 1675 praestabant
700 1619 802 1656 *elo-

63 1684 230 1735 quentia
250 1712 261 1732 ,
332 1688 373 1719 et
420 1680 584 1732 quidem
638 1677 802 1726 sorensi,

70 1741 251 1779 Oralnmt
298 1753 468 1778 caussas
518 1738 664 1775 melias
687 1766 698 1786 ,
764 1741 805 1773 et

62 1797 350 1853 philosophicis
428 1794 805 1845 mathematicisque

64 1857 230 1907 studiis3
261 1862 302 1894 at
334 1855 460 1904 enim,
491 1854 536 1892 id
564 1853 675 1904 quod
703 1864 804 1904 poe-

63 1923 149 1955 tam
168 1915 360 1963 decebat,
392 1926 443 1951 ex
464 1911 512 1950 iis
530 1925 658 1950 unum
678 1923 803 1962 genus

64 1974 199 2028 posuit
241 1973 379 2022 Maro,
431 1977 634 2009 astrorum
671 1969 803 2007 seien-

65 2033 186 2071 tiam:
215 2031 324 2069 caeli
342 2037 523 2077 meatus,
558 2027 599 2067 h.
629 2040 662 2066 e.
693 2026 804 2065 side-

64 2105 159 2130 rum
197 2103 359 2138 cursuS,
401 2086 644 2136 describent,
698 2084 803 2124 defi-

65 2149 179 2188 nient
196 2148 240 2187 in
257 2147 429 2200 sphaera
452 2145 638 2195 caelesti,
666 2144 800 2193 raclio,

66 2208 211 2259 virga,
265 2206 438 2259 petitum
485 2219 507 2242 a
552 2201 804 2255 geometricis

65 2266 226 2318 figuris,
269 2277 371 2316 quae
399 2263 443 2302 in
476 2262 644 2315 pulvere
677 2261 804 2299 duce—

65 2324 240 2362 bantur:
269 2328 318 2362 ut
339 2322 419 2361 Ecl.
447 2321 513 2371 ΙΙΙ,
544 2320 599 2364 41
631 2321 803 2359 Deseri-

59 2384 148 2434 psit
188 2382 306 2419 radio
345 2389 472 2419 totam
512 2381 584 2431 qui
616 2377 804 2430 gentibus

69 2439 214 2478 orbem.
287 2437 342 2477 At
391 2438 585 2476 Romanis
621 2437 804 2489 proprias

70 2504 177 2536 artes
214 2510 297 2535 esse
334 2496 565 2546 contendit,
597 2501 644 2534 ut
673 2495 805 2547 impe—

69 2561 163 2594 rent
192 2560 397 2593 terrarum
423 2555 535 2604 orbi,
577 2559 617 2591 et
657 2559 730 2592 aut
761 2553 804 2591 in

70 2613 281 2652 foederum
306 2626 452 2663 aequas
472 2613 574 2664 leges
594 2611 803 2664 recipiant,

72 2671 200 2723 quise
231 2670 284 2709 ad
313 2684 452 2709 eorum
483 2669 699 2708 amicitiam
729 2683 805 2722 ap·—

70 2729 243 2783 plicent,
276 2734 347 2767 aut
377 2742 466 2778 eos,
499 2729 568 2779 qui
594 2741 704 2766 arma
735 2741 807 2765 su—

71 2793 196 2837 mant,
215 2787 428 2826 debellent.
488 2787 666 2824 Tantum
682 2785 808 2824 verba

72 2845 314 2896 subiiciunt,
335 2846 460 2896 pacis
490 2858 639 2882 morem
668 2846 806 2894 impo-

72 2920 161 2943 nere
178 2935 189 2954 ,
222 2903 261 2942 h.
282 2916 314 2942 e.
338 2904 480 2955 legem,
513 2902 724 2940 foederum
745 2901 806 2938 le—

73 2977 137 3013 ges
158 2969 197 3001 et
219 2961 491 3012 conditiones,
514 2974 684 3013 parcere
707 2959 804 2998 sab—

862 1558 1000 1605 iecti35
1049 1570 1143 1595 nam
1194 1554 1389 1594 volebant
1430 1554 1602 1592 Romani

861 1616 992 1655 videri
1014 1615 1229 1653 clementes
1248 1619 1289 1651 et
1310 1612 1510 1651 moderati
1534 1626 1603 1651 er-

862 1689 910 1726 ga
931 1674 1087 1723 victos,
1129 1679 1171 1711 et
1205 1685 1297 1724 erga
1332 1672 1459 1710 socios
1486 1671 1603 1709 beni-

862 1734 929 1784 gni
955 1739 996 1771 et
1023 1731 1229 1781 liberale53
1260 1730 1411 1768 scilicet
1441 1729 1474 1767 si
1502 1728 1602 1767 nihil

863 1792 912 1829 ab
944 1791 990 1829 iis
1026 1795 1258 1829 metuerent
1296 1795 1337 1827 et
1372 1789 1421 1826 ab
1460 1788 1604 1840 opibus

863 1862 1005 1888 eorum
1024 1849 1154 1886 auctis
1174 1847 1393 1886 utilitatem
1414 1846 1487 1884 sibi
1508 1846 1603 1898 ipsis

860 1908 1101 1961 promittere
1128 1911 1306 1958 possent.
1366 1904 1430 1943 Ad
1463 1902 1603 1956 Augu-

861 1973 973 2004 stum
996 1964 1207 2004 transtulit
1234 1963 1378 2002 Horat.
1406 1963 1448 2002 C.
1478 1963 1516 2001 S.
1547 1963 1598 2004 51

862 2024 1036 2062 bellante
1061 2026 1200 2075 prior,
1245 2024 1442 2060 iacentem
1474 2021 1603 2058 Lenis

862 2085 905 2121 ιή
931 2082 1098 2120 hostem.
1164 2080 1220 2119 At
1241 2080 1319 2118 viri
1341 2080 1452 2118 docti
1478 2078 1521 2117 in
1541 2078 1603 2116 his

863 2154 988 2181 verss.
1007 2140 1214 2179 scientiam
1234 2138 1411 2187 civilem,
1435 2150 1505 2175 seu
1525 2151 1603 2190 po-

862 2200 1014 2238 liticam
1036 2229 1046 2249 ,
1090 2199 1223 2251 legum
1259 2197 1520 2235 ferendarum
1562 2201 1603 2233 et

862 2258 1106 2305 militarem,
1141 2268 1372 2309 expressam
1409 2268 1432 2292 a
1469 2259 1602 2306 poeta,

863 2318 1013 2367 verbo,
1045 2315 1178 2354 studia
1199 2314 1306 2366 pacis
1332 2320 1373 2352 et
1398 2312 1493 2352 belli
1515 2312 1603 2350 Ro-

863 2380 991 2414 manis
1018 2375 1175 2413 tributa
1200 2378 1405 2424 tamquam
1423 2370 1602 2424 propria,

862 2434 1032 2483 volunt,
1072 2432 1168 2471 satis
1197 2437 1358 2483 argute,
1410 2430 1444 2467 si
1479 2428 1602 2467 modo

863 2506 971 2532 vere.
1013 2492 1164 2530 Saltem
1183 2489 1239 2527 sic
1255 2491 1375 2541 pacis
1396 2490 1600 2539 imponere

863 2565 1013 2590 morem
1039 2550 1115 2589 erit
1146 2549 1250 2599 leges
1286 2559 1458 2600 ponere,
1499 2544 1601 2583 scri-

863 2611 981 2659 bere,
1013 2621 1085 2661 per
1104 2621 1267 2660 pacem,
1297 2605 1339 2643 in
1369 2616 1486 2657 pace:
1515 2603 1598 2640 sere

865 2675 914 2707 ut
934 2667 1032 2706 Aen.
1055 2667 1083 2714 I,
1104 2665 1188 2707 264
1203 2663 1462 2714 populosque
1478 2660 1601 2712 jero-

865 2741 929 2764 ces
957 2724 1176 2764 Contzindet
1202 2734 1407 2773 moresque
1436 2720 1534 2758 viris
1565 2726 1602 2756 et

866 2785 1026 2821 moenia
1048 2789 1186 2832 ponet.

924 2840 1007 2883 855
1025 2853 1111 2891 sqq.
1141 2837 1334 2888 Sequitur
1355 2835 1468 2873 locus
1489 2846 1601 2872 sum-

865 2913 930 2936 ma
950 2912 1041 2937 cum
1060 2902 1143 2935 arte
1165 2902 1203 2933 et
1223 2894 1369 2945 ingenii
1389 2897 1602 2932 venustate

863 2957 1092 2997 elaboratus
1113 2955 1161 2993 de
1180 2954 1221 2994 C.
1245 2951 1456 3003 Marcello,
1476 2949 1603 2989 Octa-
