1779 3420
159 228 292 276 1004
563 222 1269 272 EXCURSUSI

154 354 256 392 alius
285 352 457 401 Hades,
491 366 520 390 s,
551 352 700 401 Orcus,
730 350 771 390 h.
802 365 833 390 e.
864 351 1028 389 omnino
1047 352 1134 389 loca
1164 352 1312 389 infera:
1344 351 1386 388 in
1405 350 1549 402 quibus
1573 363 1672 402 pro—

153 413 303 451 miscue
332 410 520 448 habitant
549 411 704 449 animae
734 423 827 447 cum
856 410 1017 461 piorum
1055 415 1144 447 tum
1172 410 1408 461 impiorum:
1450 409 1552 446 conf.
1581 408 1672 445 Not.

154 470 208 509 ad
237 484 275 509 v.
309 471 392 511 608
423 467 544 506 huius
573 468 678 506 libri.
737 468 960 505 Exornavit
989 468 1167 519 Elysium
1197 467 1418 516 Hesiodus,
1450 466 1545 505 inde
1575 466 1673 503 Pin-

154 528 277 567 darus
308 526 370 565 Ol.
401 527 448 576 II,
484 530 563 569 123
586 540 713 577 seqq:
745 525 794 562 de
826 525 970 575 quibus
992 526 1068 563 alio
1096 525 1184 563 loeo
1209 526 1361 563 dictum
1395 524 1560 578 (Opusc.
1578 524 1623 562 T.
1644 524 1672 572 I,

152 600 192 638 p.
222 587 306 628 397
326 598 410 636 sqq.
431 582 547 636 400).
607 583 663 621 At
691 583 733 620 in
765 582 872 620 Orco
901 583 1016 620 novis
1046 583 1193 620 fabulis
1223 583 1458 621 exornando
1488 582 1673 634 inprimis

151 643 362 682 hominum
391 641 548 692 ingenia
578 655 618 679 se
648 653 887 689 exercuere,
919 654 1010 678 cum
1038 641 1080 678 in
1113 641 1376 690 carminibus,
1415 647 1504 679 tum
1534 641 1577 677 in
1607 640 1672 692 pi-

153 702 303 748 eturis,
333 705 382 738 ut
411 699 548 751 paullo
580 705 673 737 ante
699 699 854 737 dictum
884 704 954 736 est.

267 760 357 798 Non
388 758 510 809 igitur
538 771 625 796 rem
660 771 809 796 novam
839 762 877 794 et
907 756 1133 794 inauditam
1155 762 1407 795 commentus
1435 754 1567 794 videri
1599 754 1673 791 de-

151 818 220 857 bet
250 822 387 870 poeta,
419 829 511 853 cum
543 816 778 854 descensum
807 815 963 854 Aeneae
1001 815 1053 852 ad
1087 816 1236 853 inferos
1266 814 1433 853 carmini
1462 813 1673 851 intexeret.

152 876 367 915 Enimvero
399 873 547 925 ingenii
577 874 637 912 sui
669 874 796 913 divini
827 874 1058 912 felicitatem
1090 873 1311 912 declaravit
1340 874 1381 910 in
1411 871 1509 921 hoc,
1550 869 1673 922 quod,

152 947 242 972 cum
273 946 319 971 eo
351 944 450 970 aevo
481 931 662 981 viveret,
714 946 794 984 quo
826 933 1016 970 Graeciae
1051 932 1235 970 doctrina
1277 938 1316 969 et
1347 930 1536 982 sapientia
1578 928 1674 965 satis

150 992 228 1030 iam
264 990 429 1041 vulgata
471 996 581 1036 erat,
633 1005 716 1029 non
754 991 796 1029 in
835 991 980 1028 fabulis
1010 990 1246 1028 Homericae
1287 990 1428 1027 aetatis
1460 986 1672 1038 acquievit,

151 1049 221 1088 sed
251 1062 405 1087 novum
436 1061 531 1086 suae
558 1049 728 1101 Necyiae
760 1056 970 1098 ornatum,
1004 1062 1174 1100 eumque
1205 1048 1409 1096 eximium,
1440 1045 1601 1098 paravit
1622 1058 1673 1081 ex

148 1106 425 1160 philosophiae
455 1107 639 1158 inprimis
670 1108 897 1146 Platonicae
926 1107 1103 1159 placitis5
1134 1121 1184 1145 ex
1220 1107 1384 1158 quibus,
1418 1106 1487 1142 etsi
1509 1102 1671 1142 omnino

149 1166 256 1204 inter
286 1178 523 1216 magnorum
554 1173 764 1218 poetarum
793 1167 960 1205 inventa
992 1166 1112 1204 etiam
1142 1165 1221 1204 hoc
1251 1172 1322 1214 est,
1354 1170 1401 1203 ut
1423 1164 1606 1213 vulgares
1632 1167 1672 1197 et

148 1224 333 1262 indoctas
368 1223 575 1274 opiniones
605 1224 657 1262 ad
697 1224 1014 1277 philosophicam
1051 1224 1224 1274 aliquam
1256 1223 1483 1262 doctrinam
1513 1232 1671 1257 accom-

148 1283 335 1321 modent:
365 1281 445 1319 hoc
473 1288 608 1321 tamen
639 1283 824 1335 inprimis
855 1289 1127 1333 consequutus
1156 1289 1227 1331 est,
1258 1288 1307 1320 ut
1326 1294 1408 1319 non
1429 1279 1563 1327 modo,
1583 1278 1671 1315 Ho-

147 1342 248 1380 meri
278 1340 482 1391 exemplo‚
514 1354 604 1391 eos,
635 1342 703 1393 qui
733 1343 814 1379 iam
845 1348 938 1380 ante
968 1342 1142 1379 Aeneam
1173 1340 1390 1388 obiissent,
1422 1350 1565 1376 verum
1594 1350 1669 1387 po-

149 1400 371 1437 steritatem
404 1412 563 1450 quoque
592 1400 635 1438 in
666 1400 883 1438 Aeneidem
924 1401 1093 1449 inferre,
1131 1400 1268 1450 reique
1309 1397 1486 1436 novitate
1531 1401 1670 1432 tanto-

147 1471 320 1509 rumque
350 1456 532 1495 virorum
566 1459 815 1508 nominibus,
849 1458 1135 1497 auctoritatem
1166 1458 1331 1496 carmini
1363 1462 1402 1493 et
1432 1454 1671 1492 suavitatem

148 1529 383 1568 comparare
413 1522 558 1567 posset.
619 1517 788 1568 Sequuti
813 1517 922 1555 idem
943 1517 1154 1555 inventum
1183 1522 1279 1554 sunt
1303 1514 1547 1553 recentiores
1573 1524 1671 1562 poe-

146 1581 212 1612 tae
244 1575 365 1626 epici,
408 1575 456 1612 de
499 1574 645 1626 quibus
674 1575 780 1614 infra
821 1590 893 1614 suo
937 1576 1027 1613 loco
1070 1575 1255 1622 (Excurs.
1289 1571 1400 1625 XIII)
1434 1570 1670 1610 videbimus.

147 1633 362 1671 Intellectu
391 1633 528 1683 itaque
558 1633 673 1670 facile
705 1640 787 1683 est,
829 1634 945 1672 varia
984 1639 1025 1671 et
1054 1633 1182 1671 multa
1222 1632 1449 1670 eruditione
1480 1628 1590 1666 hunc
1619 1628 1671 1665 li-

146 1691 267 1729 brum
298 1704 380 1728 esse
410 1692 617 1729 refertum.
676 1693 782 1730 Bene
814 1693 976 1731 Servius
1009 1691 1060 1728 ad
1091 1704 1129 1729 v.
1164 1695 1183 1733 1
1226 1693 1350 1728 Tonas
1380 1688 1539 1741 quidem
1569 1687 1670 1725 Vir-

144 1750 273 1800 gilius
304 1751 473 1786 scienda
496 1750 645 1799 plenus
675 1759 746 1799 est,
781 1753 823 1787 in
854 1765 936 1802 qua
963 1750 1030 1787 hie
1048 1748 1147 1787 liber
1169 1749 1349 1800 possidet
1369 1747 1664 1798 principatum,

148 1809 264 1844 cuias
295 1821 343 1843 ex
373 1808 552 1844 Homero
588 1822 690 1857 pars
731 1810 863 1845 maior
900 1816 1036 1845 summ
1077 1815 1147 1844 esl.
1209 1808 1263 1843 Ec
1303 1806 1489 1842 diezmtur
1525 1803 1668 1852 aliqua

147 1866 412 1915 simpliciter,
446 1865 575 1902 malta
606 1865 654 1901 cle
685 1865 875 1913 historia,
905 1866 1034 1902 mulla
1056 1878 1134 1914 per
1169 1865 1299 1901 allam
1328 1864 1536 1899 scientiam
1558 1859 1669 1897 I’lzc'-

148 1923 407 1973 losoplzorum
447 1922 781 1972 leeologicorum
815 1923 1136 1974 slegypliorum,
1181 1922 1281 1959 adeo
1321 1929 1365 1958 ut
1399 1920 1581 1970 plerique
1621 1917 1669 1954 de

147 1981 213 2019 his
244 1981 420 2031 singulis
450 1980 571 2017 huius
600 1980 693 2018 libri
727 1983 905 2031 integras
933 1981 1159 2030 semp-serint
1187 1981 1476 2034 πραγματείας.
1547 1975 1669 2013 Forte

147 2052 198 2076 ex
229 2038 291 2076 his
323 2037 517 2075 nonnulla
547 2038 653 2076 inter
693 2038 973 2089 grammaticas
1015 2037 1244 2089 quisquilias
1285 2036 1413 2074 Servii
1451 2039 1547 2072 sunt
1582 2047 1669 2071 ser-

145 2104 265 2146 vata,
320 2096 390 2134 etsi
435 2109 485 2134 ex
524 2096 569 2133 iis
611 2097 802 2148 pleraque
842 2103 982 2149 poetae
1022 2102 1062 2133 et
1092 2095 1328 2133 sententiam
1366 2100 1406 2132 et
1435 2092 1667 2143 elegantiam

146 2156 345 2193 offuscant
376 2154 533 2206 potius,
564 2169 683 2205 quam
713 2156 932 2194 illustrant.
991 2153 1055 2191 Ad
1085 2160 1226 2206 poetae
1252 2159 1379 2191 artem
1407 2159 1446 2189 et
1464 2150 1667 2203 ingenium

143 2214 400 2252 referendum
432 2212 529 2250 mihi
559 2213 724 2251 videtur
755 2220 794 2251 et
821 2213 922 2263 hoc,
966 2211 1096 2263 quod,
1130 2226 1221 2250 cum
1256 2225 1277 2249 a
1308 2210 1594 2250 vaticiniorum
1627 2214 1667 2245 et

143 2273 468 2324 praedictionum
500 2271 732 2322 ambagibus
761 2272 981 2309 maximum
1013 2270 1086 2308 sibi
1117 2270 1248 2321 epicae
1280 2268 1534 2316 narrationis,
1565 2279 1667 2317 quae

145 2331 299 2368 animos
339 2343 475 2368 rerum
507 2329 701 2367 mirarum
733 2330 1029 2382 exspectatione
1061 2328 1278 2377 detineret,
1328 2326 1569 2378 praesidium
1595 2337 1666 2376 pe—

143 2389 289 2437 tiisset,
339 2402 448 2425 nunc
487 2401 647 2438 quoque
687 2389 863 2439 primum
894 2387 1159 2425 Troianorum
1203 2386 1255 2423 ad,
1283 2386 1436 2423 Italiam
1467 2396 1666 2421 accessum

145 2460 350 2485 sacrorum
384 2452 423 2483 et
455 2446 713 2484 oraculorum
743 2447 932 2496 religione
965 2445 1077 2495 quasi
1109 2444 1377 2493 consecravit,
1407 2443 1544 2493 reique
1566 2441 1665 2478 adeo

147 2518 322 2542 summae
354 2504 496 2542 miram
529 2504 787 2555 dignitatem,
829 2510 869 2541 et
898 2504 990 2542 fatis
1022 2503 1073 2539 ad
1103 2504 1254 2540 exitum
1285 2502 1363 2539 iam
1394 2499 1665 2552 spectantibus

147 2576 295 2601 novam
326 2570 461 2601 tamen
492 2576 541 2600 ex
573 2563 689 2600 novis
711 2562 885 2613 Sibyllae
907 2560 1107 2613 responsis
1133 2560 1471 2612 exspectationem
1496 2557 1663 2609 paravit.
