1779 3420
157 216 259 266 586
411 211 1426 262 EXCURSUSXIII.XIV

158 343 321 396 quidem
352 341 500 382 Aetolis
529 340 689 379 ademta
719 355 740 378 a
769 340 983 390 Romanis,
1035 338 1131 378 hinc
1170 340 1446 379 Acarnanibus
1480 340 1682 392 restituta,

155 402 293 456 paullo
334 407 427 453 post
465 401 721 439 Acarnanum
768 399 936 437 concilio
986 399 1182 437 eximitur
1222 413 1284 452 ap.
1327 400 1411 437 Liv.
1455 400 1576 449 XLV,
1615 403 1682 443 31.

155 462 421 499 Anactorium
440 472 537 497 vero
561 457 718 496 colonia
739 458 816 496 fuit
845 457 1148 495 Corinthiorum
1182 454 1238 510 (v.
1273 457 1411 509 steph.
1441 458 1537 510 Byz.
1569 458 1608 497 h.
1643 473 1682 498 v.

156 526 197 558 et
215 518 361 557 Strabo
384 518 434 566 X,
460 531 497 568 p.
519 515 644 570 452),
681 516 730 553 iis
756 516 891 566 itaque
923 515 1126 553 ademtum
1167 530 1186 552 a
1222 516 1435 565 Romanis,
1467 517 1683 568 Dionysius

155 582 304 617 narrat.
363 575 488 614 Iidem
510 574 706 612 Corinthii
727 573 949 612 Leucadem
968 580 1184 611 tenuerant
1206 571 1261 627 (v.
1283 575 1426 612 Strabo
1447 589 1485 626 p.
1511 576 1595 613 ead.
1619 574 1680 628 B.)

156 650 247 675 cum
277 640 365 673 toto
395 633 474 672 hoc
500 632 748 671 Acarnaniae
784 638 920 670 tractu
948 632 1136 681 littorali,
1179 632 1298 669 etiam
1322 631 1598 682 Ambraciam,
1632 634 1682 671 de

155 708 231 746 qua
254 693 347 733 vide
366 691 552 744 mythum
575 690 811 741 antiquioris
832 690 919 729 aevi
951 704 1011 742 ap.
1032 690 1222 728 Antonin.
1252 690 1380 728 Liber.
1412 704 1444 729 e.
1476 690 1514 731 4.
1547 691 1680 730 Schol.

154 752 339 805 Apollon.
361 751 425 799 IV,
453 753 560 791 1212
581 755 619 786 et
643 752 764 791 1216.
827 748 1029 786 Oeniadae
1045 748 1211 786 tandem
1237 748 1508 798 Acarnanum,
1541 756 1680 802 captae

156 826 179 850 a
200 810 374 849 Laevino
397 814 436 846 et
452 807 600 845 Aetolis
618 807 884 855 contributae,
919 805 974 859 (v.
995 807 1079 844 Liv.
1092 808 1240 857 XXVI,
1260 807 1331 862 24)
1354 821 1449 845 mox
1474 821 1570 859 pace
1588 822 1680 847 cum

154 869 304 909 Aetolis
318 866 433 906 victis
456 867 558 904 sacta
578 865 858 903 Acarnanibus
881 871 977 903 sunt
1005 865 1228 904 restitutae.
1265 880 1304 904 v.
1336 866 1420 904 Liv.
1453 867 1678 917 XXXVIII,

158 931 233 977 113
265 940 343 978 quo
372 926 477 963 sacto
511 925 614 962 forte
648 925 795 962 iterum
828 930 980 963 veteres
1007 924 1161 962 incolae
1195 926 1305 962 suere
1336 924 1506 962 reducti.
1566 925 1679 964 Inter

154 985 253 1024 haec
294 990 429 1021 tamen
470 982 603 1020 omnia
642 982 694 1019 ad.
742 995 817 1030 ea,
868 996 969 1033 quae
1006 983 1209 1034 Augustus
1248 983 1362 1033 fecit,
1406 983 1578 1021 maxime
1611 998 1678 1022 re-

156 1043 327 1097 spexisse
370 1041 500 1080 videri
540 1040 660 1079 debet
700 1047 831 1093 poeta.

501 1354 1077 1414 EXCURSUS
1157 1354 1331 1410 XIV

305 1460 414 1504 De
506 1459 986 1503 Herculeo
1080 1458 1521 1501 Tarento.

266 1567 330 1616 III,
363 1568 442 1609 551
478 1569 590 1604 Hine
619 1568 731 1604 sinus
761 1567 974 1614 Herc-ulei,
1026 1567 1062 1602 si
1090 1579 1184 1602 vera
1218 1573 1273 1601 est
1301 1564 1458 1616 filma,
1513 1566 1678 1602 Tarenti

157 1627 350 1663 Cernitur.
415 1626 527 1673 Quae
563 1625 612 1662 de
642 1626 817 1663 Tarante
848 1623 971 1662 heroe
1005 1629 1045 1661 et
1081 1622 1326 1670 Phalantho,
1367 1621 1675 1660 Partheniarum

153 1684 321 1722 ductore
354 1680 407 1736 (v.
440 1683 571 1721 Strab.
600 1683 665 1731 Vl,
699 1697 737 1735 p.
768 1685 853 1725 278
887 1696 971 1732 sqq.
1013 1682 1059 1719 cf.
1094 1695 1181 1732 sup.
1214 1681 1266 1718 ad
1293 1680 1346 1718 IV
1388 1682 1530 1731 Georg.
1561 1679 1672 1734 125),

152 1742 314 1780 Servius
340 1747 380 1779 et
408 1742 472 1779 alii
496 1741 562 1779 hic
595 1747 841 1789 memorant,
877 1741 1004 1778 aliena
1042 1745 1147 1777 sunt.
1206 1740 1307 1777 Nam
1336 1739 1478 1786 Taras,
1509 1739 1674 1777 Tarenti

153 1801 361 1847 conditor,
403 1799 630 1838 notissimus
665 1800 730 1837 ille
767 1799 832 1836 vel
870 1811 889 1835 e
930 1798 1242 1836 Tarentinorum
1273 1799 1404 1835 numis
1438 1795 1494 1849 (v.
1522 1796 1674 1835 Eckhel

151 1865 243 1911 post
281 1857 487 1907 Golzium,
533 1858 726 1909 Magnam,
768 1856 1009 1894 Pellerinum
1042 1856 1188 1907 Suppl.
1217 1857 1295 1894 JV
1320 1870 1375 1893 au
1404 1856 1574 1892 Recueil
1604 1855 1673 1892 cles

153 1917 376 1955 Alesiailles
397 1917 455 1954 acl
466 1917 530 1966 pl.
555 1916 602 1965 II,
628 1918 709 1965 10),
740 1915 914 1967 Neptuni
933 1915 1008 1953 suit
1030 1914 1158 1962 filius,
1194 1913 1373 1964 nihilque
1403 1913 1526 1951 habet
1560 1926 1672 1951 com-

152 1988 273 2013 mune
300 1988 392 2012 cum
420 1974 605 2012 Hercule.
664 1973 914 2012 Phalanthus
943 1979 1098 2022 autem,
1139 1985 1257 2023 quem
1290 1972 1453 2010 Servius
1483 1977 1672 2010 octavum

152 2033 200 2071 ab
241 2032 413 2071 Hercule
452 2033 566 2081 facit,
614 2032 723 2071 ultra
759 2038 960 2070 trecentos
1003 2045 1129 2069 annos
1164 2036 1255 2083 post
1285 2031 1458 2069 Troiana
1488 2036 1672 2081 tempora

151 2091 268 2131 vixit.
298 2091 390 2130 vide
412 2091 477 2129 vel
497 2091 665 2129 Simson.
697 2090 880 2129 Clu-onie.
941 2090 1078 2140 Neque
1101 2102 1174 2141 per
1205 2089 1406 2142 prolepsin
1434 2088 1545 2139 loqui
1570 2101 1670 2139 poe-

150 2156 236 2188 tam
277 2149 497 2188 admodum
530 2149 670 2198 velim,
715 2149 824 2200 quod
853 2147 1082 2186 Mazochius
1115 2148 1322 2200 amplexus
1351 2154 1410 2185 est
1449 2147 1498 2184 de
1539 2146 1665 2184 Tabh.

150 2209 412 2246 Heracleens.
433 2208 576 2245 Proclr.
602 2221 634 2245 c.
659 2206 699 2257 4,
731 2207 799 2245 ubi
820 2206 957 2244 multis
976 2206 1024 2245 de
1045 2207 1220 2245 Tarento
1252 2212 1388 2244 vetere
1417 2205 1508 2256 agit.
1568 2205 1670 2242 Nam

149 2268 214 2304 Io.
240 2268 428 2314 [uveni-s,
463 2266 532 2316 qui
556 2265 606 2304 de
625 2266 794 2317 sllzliqu.
822 2273 857 2302 et
875 2280 964 2302 var.
996 2264 1171 2316 sorluna
1208 2266 1367 2304 Tarent.
1393 2262 1574 2315 scripsit,
1605 2263 1669 2301 ni—

149 2323 209 2361 hil
243 2323 292 2361 de
326 2337 397 2362 suo
429 2324 579 2362 attulit.
636 2324 785 2362 Ceteris
815 2323 1176 2361 Grammaticorum
1203 2322 1311 2374 apud
1340 2321 1526 2360 Servium
1555 2321 1668 2373 nugis

149 2381 456 2433 praeferendum
499 2381 598 2430 hoc,
646 2379 757 2433 quo‘d
800 2382 993 2434 Ponipon.
1030 2382 1120 2419 Sal).
1159 2380 1301 2419 habet:
1345 2382 1562 2418 Tarentum
1597 2378 1668 2416 sub

151 2440 340 2476 Herculis
365 2440 489 2476 tulela
512 2440 623 2489 ῘΞιίίς
665 2443 707 2477 iu
737 2455 786 2477 ea
820 2439 1053 2477 servabatur
1085 2440 1276 2476 Herculis
1310 2452 1437 2475 aenea
1472 2440 1612 2487 imago
1640 2451 1668 2474 a

150 2498 336 2548 Lysippo
345 2496 470 2548 sacta
486 2527 496 2543 ,
530 2511 655 2549 quam
690 2497 844 2535 Fabius
869 2499 994 2534 flsax.
1023 2498 1194 2534 seeundo
1224 2496 1324 2533 bello
1356 2496 1516 2534 Punico
1544 2497 1670 2532 victor

151 2556 193 2591 in
219 2555 465 2605 Capitolium
485 2555 684 2592 trsmsmlu
709 2553 764 2606 (v.
786 2555 884 2592 Plin.
903 2555 1091 2602 XXXIV,
1115 2557 1154 2603 7,
1182 2568 1211 2595 s,
1243 2552 1327 2606 18).
1387 2552 1465 2590 Sed
1489 2553 1666 2603 Pompo-

151 2612 279 2650 niusc
302 2612 497 2650 Strabone
525 2612 666 2649 sumsit
690 2613 757 2650 lib.
794 2613 858 2659 VI,
890 2626 928 2663 p.
960 2614 1043 2653 378
1073 2612 1124 2660 B,
1156 2610 1264 2649 unde
1298 2617 1431 2648 tamen
1465 2609 1666 2661 posterius

149 2676 309 2708 tantum
349 2670 556 2708 firmatur:
611 2675 650 2706 at
678 2670 790 2720 prius
820 2669 941 2717 illud,
983 2669 1093 2719 quod
1124 2670 1345 2706 Tarentum
1378 2667 1450 2705 sub
1482 2667 1666 2705 Herculis

149 2728 276 2766 tutela
297 2727 395 2777 suit,
421 2728 494 2765 etsi
510 2727 552 2765 id
574 2740 624 2764 ex
643 2740 688 2764 eo
708 2727 914 2778 probabile
934 2726 1063 2765 facere
1083 2727 1228 2779 possis,
1258 2725 1368 2777 quod
1398 2725 1521 2763 ducta
1548 2731 1666 2777 post-

149 2786 314 2824 modum
346 2799 392 2824 eo
434 2799 484 2823 ex
520 2784 814 2822 Lacedaemone
846 2785 1001 2823 colonia
1030 2784 1273 2834 Herculem,
1312 2789 1454 2836 utpote
1481 2783 1665 2822 Heracli-

150 2844 293 2883 darum
312 2857 478 2882 suorum
496 2849 723 2892 auctorem,
755 2842 937 2894 inprimis
959 2843 1136 2895 religiose
1163 2843 1292 2881 colere
1319 2841 1458 2880 debuit
1467 2855 1479 2892 ;
1522 2847 1562 2880 et
1597 2855 1665 2880 re-

148 2903 363 2956 periuntur
385 2900 498 2939 numi
521 2901 833 2939 Tarentinorum
859 2914 951 2939 cum
974 2901 1159 2940 Herculis
1187 2900 1336 2953 capite,
1369 2906 1409 2938 et
1438 2913 1531 2938 cum
1556 2899 1664 2938 Her-

150 2961 236 2999 cule
265 2960 462 3012 clavigero
490 2959 647 2998 leonem
675 2958 912 3010 suffoc-ante3
953 2957 1008 3011 (v.
1037 2957 1147 2999 nune
1173 2958 1334 2999 Eckhel.
1363 2958 1552 2997 Doctrina
1578 2957 1664 2996 Nu-
