<?xml version="1.0" encoding="UTF-8"?>
<!DOCTYPE html PUBLIC "-//W3C//DTD XHTML 1.0 Transitional//EN"
    "http://www.w3.org/TR/xhtml1/DTD/xhtml1-transitional.dtd">
<html xmlns="http://www.w3.org/1999/xhtml" xml:lang="en" lang="en">
 <head>
  <title>
</title>
<meta http-equiv="Content-Type" content="text/html;charset=utf-8" />
  <meta name='ocr-system' content='tesseract 3.04.00' />
  <meta name='ocr-capabilities' content='ocr_page ocr_carea ocr_par ocr_line ocrx_word'/>
</head>
<body>
  <div class='ocr_page' id='page_1' title='image "./publiusvirgilius02virguoft/publiusvirgilius02virguoft_0739.png"; bbox 0 0 1811 3388; ppageno 0'>
   <div class='ocr_carea' id='block_1_1' title="bbox 397 235 1630 300">
    <p class='ocr_par' dir='ltr' id='par_1_1' title="bbox 397 235 1630 300">
     <span class='ocr_line' id='line_1_1' title="bbox 397 235 1630 300; baseline 0.007 -14"><span class='ocrx_word' id='word_1_1' title='bbox 397 235 808 286; x_wconf 86' lang='lat' dir='ltr'><strong>AENEIDOS</strong></span> <span class='ocrx_word' id='word_1_2' title='bbox 845 238 986 287; x_wconf 86' lang='lat' dir='ltr'>Llss.</span> <span class='ocrx_word' id='word_1_3' title='bbox 1016 239 1077 300; x_wconf 83' lang='lat' dir='ltr'>v,</span> <span class='ocrx_word' id='word_1_4' title='bbox 1109 242 1333 290; x_wconf 84' lang='lat'>37—49</span> <span class='ocrx_word' id='word_1_5' title='bbox 1531 248 1630 295; x_wconf 87' lang='lat'>731</span> 
     </span>
    </p>
   </div>
   <div class='ocr_carea' id='block_1_2' title="bbox 127 360 1640 774">
    <p class='ocr_par' dir='ltr' id='par_1_2' title="bbox 131 360 1636 426">
     <span class='ocr_line' id='line_1_2' title="bbox 131 360 1636 426; baseline 0 -15"><span class='ocrx_word' id='word_1_6' title='bbox 131 365 374 411; x_wconf 83' lang='lat' dir='ltr'>Gratatur</span> <span class='ocrx_word' id='word_1_7' title='bbox 394 360 642 421; x_wconf 81' lang='lat' dir='ltr'>reduceS,</span> <span class='ocrx_word' id='word_1_8' title='bbox 681 370 733 409; x_wconf 80' lang='lat' dir='ltr'>et</span> <span class='ocrx_word' id='word_1_9' title='bbox 754 377 877 425; x_wconf 84' lang='lat' dir='ltr'>gaza</span> <span class='ocrx_word' id='word_1_10' title='bbox 906 361 1073 410; x_wconf 85' lang='lat' dir='ltr'>laetus</span> <span class='ocrx_word' id='word_1_11' title='bbox 1100 364 1287 426; x_wconf 79' lang='lat' dir='ltr'>agresti</span> <span class='ocrx_word' id='word_1_12' title='bbox 1571 371 1636 418; x_wconf 83' lang='lat'>40</span> 
     </span>
    </p>

    <p class='ocr_par' dir='ltr' id='par_1_3' title="bbox 127 428 1274 496">
     <span class='ocr_line' id='line_1_3' title="bbox 127 428 1274 496; baseline 0.002 -17"><span class='ocrx_word' id='word_1_13' title='bbox 127 431 350 495; x_wconf 78' lang='lat' dir='ltr'>Excipit,</span> <span class='ocrx_word' id='word_1_14' title='bbox 383 447 438 477; x_wconf 88' lang='lat' dir='ltr'>ac</span> <span class='ocrx_word' id='word_1_15' title='bbox 462 428 629 478; x_wconf 86' lang='lat' dir='ltr'>fessos</span> <span class='ocrx_word' id='word_1_16' title='bbox 651 431 840 496; x_wconf 88' lang='lat' dir='ltr'>opibus</span> <span class='ocrx_word' id='word_1_17' title='bbox 863 431 1062 480; x_wconf 84' lang='lat' dir='ltr'>solatur</span> <span class='ocrx_word' id='word_1_18' title='bbox 1082 433 1274 482; x_wconf 84' lang='lat' dir='ltr'>amicis,</span> 
     </span>
    </p>

    <p class='ocr_par' dir='ltr' id='par_1_4' title="bbox 128 499 1404 565">
     <span class='ocr_line' id='line_1_4' title="bbox 128 499 1404 565; baseline 0.001 -17"><span class='ocrx_word' id='word_1_19' title='bbox 128 503 343 548; x_wconf 84' lang='lat' dir='ltr'>Postera</span> <span class='ocrx_word' id='word_1_20' title='bbox 369 516 536 564; x_wconf 88' lang='lat' dir='ltr'>quum</span> <span class='ocrx_word' id='word_1_21' title='bbox 561 501 736 564; x_wconf 89' lang='lat' dir='ltr'>primo</span> <span class='ocrx_word' id='word_1_22' title='bbox 759 501 932 549; x_wconf 86' lang='lat' dir='ltr'>stellas</span> <span class='ocrx_word' id='word_1_23' title='bbox 957 501 1178 550; x_wconf 79' lang='lat' dir='ltr'>Oriente</span> <span class='ocrx_word' id='word_1_24' title='bbox 1200 499 1404 565; x_wconf 82' lang='lat' dir='ltr'>fugarat</span> 
     </span>
    </p>

    <p class='ocr_par' dir='ltr' id='par_1_5' title="bbox 130 567 1399 622">
     <span class='ocr_line' id='line_1_5' title="bbox 130 567 1399 622; baseline 0.001 -5"><span class='ocrx_word' id='word_1_25' title='bbox 130 568 277 618; x_wconf 89' lang='lat' dir='ltr'>Clara</span> <span class='ocrx_word' id='word_1_26' title='bbox 302 567 437 622; x_wconf 80' lang='lat' dir='ltr'>dies;</span> <span class='ocrx_word' id='word_1_27' title='bbox 475 570 646 617; x_wconf 87' lang='lat' dir='ltr'>socios</span> <span class='ocrx_word' id='word_1_28' title='bbox 669 569 722 617; x_wconf 93' lang='lat' dir='ltr'>in</span> <span class='ocrx_word' id='word_1_29' title='bbox 747 580 960 619; x_wconf 86' lang='lat' dir='ltr'>coetum</span> <span class='ocrx_word' id='word_1_30' title='bbox 983 570 1137 619; x_wconf 86' lang='lat' dir='ltr'>litore</span> <span class='ocrx_word' id='word_1_31' title='bbox 1165 571 1227 618; x_wconf 88' lang='lat' dir='ltr'>ab</span> <span class='ocrx_word' id='word_1_32' title='bbox 1251 572 1399 619; x_wconf 89' lang='lat' dir='ltr'>omni</span> 
     </span>
    </p>

    <p class='ocr_par' dir='ltr' id='par_1_6' title="bbox 129 636 1640 774">
     <span class='ocr_line' id='line_1_6' title="bbox 129 636 1443 705; baseline 0.001 -17"><span class='ocrx_word' id='word_1_33' title='bbox 129 636 364 688; x_wconf 83' lang='lat' dir='ltr'>Advocat</span> <span class='ocrx_word' id='word_1_34' title='bbox 385 641 589 686; x_wconf 85' lang='lat' dir='ltr'>Aeneas</span> <span class='ocrx_word' id='word_1_35' title='bbox 605 679 616 701; x_wconf 83' lang='lat'>‚</span> <span class='ocrx_word' id='word_1_36' title='bbox 657 640 957 705; x_wconf 78' lang='lat' dir='ltr'>tumulique</span> <span class='ocrx_word' id='word_1_37' title='bbox 988 656 1047 688; x_wconf 85' lang='lat' dir='ltr'>ex</span> <span class='ocrx_word' id='word_1_38' title='bbox 1070 655 1257 704; x_wconf 78' lang='lat' dir='ltr'>aggere</span> <span class='ocrx_word' id='word_1_39' title='bbox 1280 639 1443 690; x_wconf 81' lang='lat' dir='ltr'>satur:</span> 
     </span>
     <span class='ocr_line' id='line_1_7' title="bbox 195 706 1640 774; baseline 0.002 -18"><span class='ocrx_word' id='word_1_40' title='bbox 195 706 529 757; x_wconf 78' lang='lat' dir='ltr'>Dardanidae</span> <span class='ocrx_word' id='word_1_41' title='bbox 567 710 743 772; x_wconf 86' lang='lat' dir='ltr'>magni</span> <span class='ocrx_word' id='word_1_42' title='bbox 765 751 777 773; x_wconf 81' lang='lat'>‚</span> <span class='ocrx_word' id='word_1_43' title='bbox 834 725 1001 774; x_wconf 87' lang='lat' dir='ltr'>genus</span> <span class='ocrx_word' id='word_1_44' title='bbox 1052 710 1155 758; x_wconf 83' lang='lat' dir='ltr'>alto</span> <span class='ocrx_word' id='word_1_45' title='bbox 1199 727 1226 758; x_wconf 94' lang='lat' dir='ltr'>a</span> <span class='ocrx_word' id='word_1_46' title='bbox 1267 709 1518 774; x_wconf 82' lang='lat' dir='ltr'>sanguine</span> <span class='ocrx_word' id='word_1_47' title='bbox 1560 710 1640 759; x_wconf 91' lang='lat' dir='ltr'>di-</span> 
     </span>
    </p>
   </div>
   <div class='ocr_carea' id='block_1_3' title="bbox 128 783 1640 912">
    <p class='ocr_par' dir='ltr' id='par_1_7' title="bbox 128 783 1640 912">
     <span class='ocr_line' id='line_1_8' title="bbox 907 783 1640 839; baseline 0.008 -12"><span class='ocrx_word' id='word_1_48' title='bbox 907 795 1050 839; x_wconf 78' lang='lat' dir='ltr'>vom,</span> <span class='ocrx_word' id='word_1_49' title='bbox 1574 783 1640 833; x_wconf 83' lang='lat'>45</span> 
     </span>
     <span class='ocr_line' id='line_1_9' title="bbox 128 845 1332 912; baseline 0.002 -19"><span class='ocrx_word' id='word_1_50' title='bbox 128 847 348 893; x_wconf 86' lang='lat' dir='ltr'>Annuus</span> <span class='ocrx_word' id='word_1_51' title='bbox 370 845 555 910; x_wconf 78' lang='lat' dir='ltr'>exactis</span> <span class='ocrx_word' id='word_1_52' title='bbox 578 846 858 912; x_wconf 80' lang='lat' dir='ltr'>conpletur</span> <span class='ocrx_word' id='word_1_53' title='bbox 878 847 1153 895; x_wconf 88' lang='lat' dir='ltr'>mensibus</span> <span class='ocrx_word' id='word_1_54' title='bbox 1176 847 1332 909; x_wconf 82' lang='lat' dir='ltr'>orbis,</span> 
     </span>
    </p>
   </div>
   <div class='ocr_carea' id='block_1_4' title="bbox 127 914 1657 1122">
    <p class='ocr_par' dir='ltr' id='par_1_8' title="bbox 127 914 1657 1122">
     <span class='ocr_line' id='line_1_10' title="bbox 127 914 1283 982; baseline 0.002 -20"><span class='ocrx_word' id='word_1_55' title='bbox 127 915 201 962; x_wconf 87' lang='lat' dir='ltr'>Ex</span> <span class='ocrx_word' id='word_1_56' title='bbox 226 930 332 978; x_wconf 89' lang='lat' dir='ltr'>quo</span> <span class='ocrx_word' id='word_1_57' title='bbox 354 914 601 979; x_wconf 79' lang='lat' dir='ltr'>reliquias</span> <span class='ocrx_word' id='word_1_58' title='bbox 622 915 891 982; x_wconf 83' lang='lat' dir='ltr'>divinique</span> <span class='ocrx_word' id='word_1_59' title='bbox 919 933 1031 965; x_wconf 84' lang='lat' dir='ltr'>ossa</span> <span class='ocrx_word' id='word_1_60' title='bbox 1053 918 1283 982; x_wconf 84' lang='lat' dir='ltr'>parentis</span> 
     </span>
     <span class='ocr_line' id='line_1_11' title="bbox 130 983 1523 1051; baseline 0.004 -19"><span class='ocrx_word' id='word_1_61' title='bbox 130 983 483 1032; x_wconf 87' lang='lat' dir='ltr'>Condidimus</span> <span class='ocrx_word' id='word_1_62' title='bbox 508 993 667 1047; x_wconf 83' lang='lat' dir='ltr'>terra,</span> <span class='ocrx_word' id='word_1_63' title='bbox 704 995 1037 1051; x_wconf 82' lang='lat' dir='ltr'>maestasque</span> <span class='ocrx_word' id='word_1_64' title='bbox 1063 988 1377 1035; x_wconf 81' lang='lat' dir='ltr'>sacravimus</span> <span class='ocrx_word' id='word_1_65' title='bbox 1400 1003 1523 1038; x_wconf 77' lang='lat' dir='ltr'>aras,</span> 
     </span>
     <span class='ocr_line' id='line_1_12' title="bbox 127 1052 1657 1122; baseline 0.002 -21"><span class='ocrx_word' id='word_1_66' title='bbox 127 1053 349 1119; x_wconf 87' lang='lat' dir='ltr'>Iamque</span> <span class='ocrx_word' id='word_1_67' title='bbox 373 1052 500 1117; x_wconf 79' lang='lat' dir='ltr'>dies,</span> <span class='ocrx_word' id='word_1_68' title='bbox 533 1054 630 1102; x_wconf 89' lang='lat' dir='ltr'>nisi</span> <span class='ocrx_word' id='word_1_69' title='bbox 665 1053 836 1119; x_wconf 82' lang='lat' dir='ltr'>fallor,</span> <span class='ocrx_word' id='word_1_70' title='bbox 873 1055 1033 1116; x_wconf 77' lang='lat' dir='ltr'>adest,</span> <span class='ocrx_word' id='word_1_71' title='bbox 1075 1072 1238 1121; x_wconf 90' lang='lat' dir='ltr'>quem</span> <span class='ocrx_word' id='word_1_72' title='bbox 1257 1072 1473 1122; x_wconf 81' lang='lat' dir='ltr'>semper</span> <span class='ocrx_word' id='word_1_73' title='bbox 1495 1073 1657 1106; x_wconf 88' lang='lat' dir='ltr'>acer--</span> 
     </span>
    </p>
   </div>
   <div class='ocr_carea' id='block_1_5' title="bbox 199 1125 1056 1242">
    <p class='ocr_par' dir='ltr' id='par_1_9' title="bbox 199 1125 1056 1242">
     <span class='ocr_line' id='line_1_13' title="bbox 908 1125 1056 1189; baseline -0.014 -15"><span class='ocrx_word' id='word_1_74' title='bbox 908 1125 1056 1189; x_wconf 79' lang='lat' dir='ltr'>bum,</span> 
     </span>
     <span class='ocr_line' id='line_1_14' title="bbox 199 1193 538 1242; baseline 0.003 -2"><span class='ocrx_word' id='word_1_75' title='bbox 199 1193 277 1242; x_wconf 83' lang='lat'>49.</span> <span class='ocrx_word' id='word_1_76' title='bbox 315 1207 369 1239; x_wconf 82' lang='lat' dir='ltr'>NI</span> <span class='ocrx_word' id='word_1_77' title='bbox 396 1206 538 1242; x_wconf 81' lang='lat' dir='ltr'>FALL.</span> 
     </span>
    </p>
   </div>
   <div class='ocr_carea' id='block_1_6' title="bbox 131 1325 1644 2072">
    <p class='ocr_par' dir='ltr' id='par_1_10' title="bbox 131 1325 1644 2072">
     <span class='ocr_line' id='line_1_15' title="bbox 222 1325 1640 1377; baseline 0.001 -15"><span class='ocrx_word' id='word_1_78' title='bbox 222 1325 268 1362; x_wconf 82' lang='lat'>40</span> <span class='ocrx_word' id='word_1_79' title='bbox 302 1330 483 1361; x_wconf 72' lang='lat' dir='ltr'>Gratatzzs</span> <span class='ocrx_word' id='word_1_80' title='bbox 518 1330 627 1364; x_wconf 87' lang='lat' dir='ltr'>Goth.</span> <span class='ocrx_word' id='word_1_81' title='bbox 662 1342 729 1363; x_wconf 82' lang='lat' dir='ltr'>sec.</span> <span class='ocrx_word' id='word_1_82' title='bbox 788 1331 912 1377; x_wconf 76' lang='lat' dir='ltr'>(gazza</span> <span class='ocrx_word' id='word_1_83' title='bbox 945 1331 1086 1372; x_wconf 67' lang='lat' dir='ltr'>Medic„</span> <span class='ocrx_word' id='word_1_84' title='bbox 1129 1331 1191 1363; x_wconf 91' lang='lat' dir='ltr'>sed</span> <span class='ocrx_word' id='word_1_85' title='bbox 1224 1330 1343 1376; x_wconf 77' lang='lat' dir='ltr'>priore</span> <span class='ocrx_word' id='word_1_86' title='bbox 1378 1344 1396 1364; x_wconf 88' lang='lat' dir='ltr'><strong><em>z</em></strong></span> <span class='ocrx_word' id='word_1_87' title='bbox 1428 1332 1640 1372; x_wconf 77' lang='lat' dir='ltr'>transfossa5</span> 
     </span>
     <span class='ocr_line' id='line_1_16' title="bbox 131 1373 1639 1422; baseline 0.004 -17"><span class='ocrx_word' id='word_1_88' title='bbox 131 1373 199 1406; x_wconf 77' lang='lat' dir='ltr'>vid.</span> <span class='ocrx_word' id='word_1_89' title='bbox 226 1377 268 1407; x_wconf 63' lang='lat' dir='ltr'>Y.</span> <span class='ocrx_word' id='word_1_90' title='bbox 296 1376 332 1407; x_wconf 88' lang='lat' dir='ltr'>L.</span> <span class='ocrx_word' id='word_1_91' title='bbox 360 1376 405 1407; x_wconf 81' lang='lat' dir='ltr'>ad</span> <span class='ocrx_word' id='word_1_92' title='bbox 430 1380 514 1408; x_wconf 80' lang='lat' dir='ltr'>Aen.</span> <span class='ocrx_word' id='word_1_93' title='bbox 548 1378 588 1414; x_wconf 81' lang='lat' dir='ltr'>ll,</span> <span class='ocrx_word' id='word_1_94' title='bbox 622 1378 701 1411; x_wconf 73' lang='grc'>763.</span> <span class='ocrx_word' id='word_1_95' title='bbox 741 1380 838 1421; x_wconf 81' lang='lat' dir='ltr'>IVr.)</span> <span class='ocrx_word' id='word_1_96' title='bbox 934 1378 977 1413; x_wconf 79' lang='lat'>41</span> <span class='ocrx_word' id='word_1_97' title='bbox 1017 1387 1051 1410; x_wconf 82' lang='lat' dir='ltr'>et</span> <span class='ocrx_word' id='word_1_98' title='bbox 1078 1377 1112 1422; x_wconf 91' lang='lat' dir='ltr'><em>s</em></span> <span class='ocrx_word' id='word_1_99' title='bbox 1151 1378 1283 1422; x_wconf 78' lang='lat' dir='ltr'>aliquot</span> <span class='ocrx_word' id='word_1_100' title='bbox 1318 1378 1407 1410; x_wconf 80' lang='lat' dir='ltr'>Pier.</span> <span class='ocrx_word' id='word_1_101' title='bbox 1448 1378 1576 1422; x_wconf 74' lang='lat' dir='ltr'>sessos</span> <span class='ocrx_word' id='word_1_102' title='bbox 1597 1399 1639 1402; x_wconf 90' lang='lat'>—</span> 
     </span>
     <span class='ocr_line' id='line_1_17' title="bbox 132 1422 1642 1467; baseline 0.003 -15"><span class='ocrx_word' id='word_1_103' title='bbox 132 1422 264 1453; x_wconf 70' lang='lat' dir='ltr'>amieos</span> <span class='ocrx_word' id='word_1_104' title='bbox 289 1422 327 1453; x_wconf 87' lang='lat' dir='ltr'>it.</span> <span class='ocrx_word' id='word_1_105' title='bbox 354 1423 512 1455; x_wconf 76' lang='lat' dir='ltr'>Parrhas-</span> <span class='ocrx_word' id='word_1_106' title='bbox 538 1423 673 1466; x_wconf 75' lang='lat' dir='ltr'>aliquot</span> <span class='ocrx_word' id='word_1_107' title='bbox 697 1436 753 1467; x_wconf 85' lang='lat' dir='ltr'>ap.</span> <span class='ocrx_word' id='word_1_108' title='bbox 781 1425 882 1457; x_wconf 86' lang='lat' dir='ltr'>eund.</span> <span class='ocrx_word' id='word_1_109' title='bbox 910 1433 943 1457; x_wconf 88' lang='lat' dir='ltr'>et</span> <span class='ocrx_word' id='word_1_110' title='bbox 967 1432 1039 1456; x_wconf 83' lang='lat' dir='ltr'>tres</span> <span class='ocrx_word' id='word_1_111' title='bbox 1065 1426 1188 1465; x_wconf 64' lang='lat' dir='ltr'>Burro„</span> <span class='ocrx_word' id='word_1_112' title='bbox 1216 1431 1304 1467; x_wconf 49' lang='lat' dir='ltr'>tcum</span> <span class='ocrx_word' id='word_1_113' title='bbox 1330 1426 1363 1459; x_wconf 81' lang='lat'>3.</span> <span class='ocrx_word' id='word_1_114' title='bbox 1389 1427 1421 1459; x_wconf 87' lang='lat'>8.</span> <span class='ocrx_word' id='word_1_115' title='bbox 1454 1426 1548 1466; x_wconf 77' lang='lat' dir='ltr'>Wr.)</span> <span class='ocrx_word' id='word_1_116' title='bbox 1579 1425 1642 1457; x_wconf 87' lang='lat' dir='ltr'>sed</span> 
     </span>
     <span class='ocr_line' id='line_1_18' title="bbox 133 1467 1641 1515; baseline 0.003 -17"><span class='ocrx_word' id='word_1_117' title='bbox 133 1467 259 1512; x_wconf 72' lang='lat' dir='ltr'>opibus</span> <span class='ocrx_word' id='word_1_118' title='bbox 283 1470 404 1500; x_wconf 60' lang='lat' dir='ltr'>anneis</span> <span class='ocrx_word' id='word_1_119' title='bbox 430 1469 520 1501; x_wconf 83' lang='lat' dir='ltr'>haud</span> <span class='ocrx_word' id='word_1_120' title='bbox 546 1470 650 1502; x_wconf 82' lang='lat' dir='ltr'>dubie</span> <span class='ocrx_word' id='word_1_121' title='bbox 684 1471 895 1514; x_wconf 75' lang='lat' dir='ltr'>elegantius,</span> <span class='ocrx_word' id='word_1_122' title='bbox 933 1471 1090 1514; x_wconf 82' lang='lat' dir='ltr'>inprimis</span> <span class='ocrx_word' id='word_1_123' title='bbox 1124 1471 1157 1502; x_wconf 87' lang='lat' dir='ltr'>in</span> <span class='ocrx_word' id='word_1_124' title='bbox 1191 1470 1363 1512; x_wconf 79' lang='lat' dir='ltr'>carmine,</span> <span class='ocrx_word' id='word_1_125' title='bbox 1396 1471 1430 1503; x_wconf 92' lang='lat' dir='ltr'>h.</span> <span class='ocrx_word' id='word_1_126' title='bbox 1466 1484 1496 1505; x_wconf 89' lang='lat' dir='ltr'>e.</span> <span class='ocrx_word' id='word_1_127' title='bbox 1532 1472 1641 1515; x_wconf 77' lang='lat' dir='ltr'>gratis</span> 
     </span>
     <span class='ocr_line' id='line_1_19' title="bbox 133 1515 1640 1561; baseline 0.003 -16"><span class='ocrx_word' id='word_1_128' title='bbox 133 1521 167 1545; x_wconf 84' lang='lat' dir='ltr'>et</span> <span class='ocrx_word' id='word_1_129' title='bbox 194 1515 343 1557; x_wconf 80' lang='lat' dir='ltr'>optatiS‚</span> <span class='ocrx_word' id='word_1_130' title='bbox 380 1522 415 1546; x_wconf 91' lang='lat' dir='ltr'>ut</span> <span class='ocrx_word' id='word_1_131' title='bbox 442 1515 505 1547; x_wconf 85' lang='lat' dir='ltr'>iam</span> <span class='ocrx_word' id='word_1_132' title='bbox 532 1516 663 1548; x_wconf 82' lang='lat' dir='ltr'>Pierius</span> <span class='ocrx_word' id='word_1_133' title='bbox 692 1518 855 1561; x_wconf 80' lang='lat' dir='ltr'>praetulit</span> <span class='ocrx_word' id='word_1_134' title='bbox 964 1518 1009 1551; x_wconf 67' lang='lat'>44</span> <span class='ocrx_word' id='word_1_135' title='bbox 1042 1521 1183 1550; x_wconf 74' lang='lat' dir='ltr'>Avocat</span> <span class='ocrx_word' id='word_1_136' title='bbox 1217 1519 1328 1558; x_wconf 53' lang='grc' dir='ltr'>γεω,</span> <span class='ocrx_word' id='word_1_137' title='bbox 1363 1518 1424 1549; x_wconf 82' lang='lat' dir='ltr'>sed</span> <span class='ocrx_word' id='word_1_138' title='bbox 1460 1530 1490 1550; x_wconf 80' lang='lat' dir='ltr'>v.</span> <span class='ocrx_word' id='word_1_139' title='bbox 1528 1520 1640 1550; x_wconf 80' lang='lat' dir='ltr'>Burin.</span> 
     </span>
     <span class='ocr_line' id='line_1_20' title="bbox 132 1561 1641 1608; baseline 0.003 -17"><span class='ocrx_word' id='word_1_140' title='bbox 132 1561 336 1605; x_wconf 73' lang='lat' dir='ltr'>cumultque</span> <span class='ocrx_word' id='word_1_141' title='bbox 360 1573 428 1593; x_wconf 66' lang='lat' dir='ltr'>sec.</span> <span class='ocrx_word' id='word_1_142' title='bbox 461 1563 597 1606; x_wconf 79' lang='lat' dir='ltr'>Menag.</span> <span class='ocrx_word' id='word_1_143' title='bbox 647 1562 690 1595; x_wconf 76' lang='lat' dir='ltr'>ab</span> <span class='ocrx_word' id='word_1_144' title='bbox 726 1576 862 1608; x_wconf 73' lang='lat' dir='ltr'>aggere</span> <span class='ocrx_word' id='word_1_145' title='bbox 895 1564 1000 1596; x_wconf 81' lang='lat' dir='ltr'>Witt.</span> <span class='ocrx_word' id='word_1_146' title='bbox 1105 1564 1150 1598; x_wconf 77' lang='lat'>45</span> <span class='ocrx_word' id='word_1_147' title='bbox 1190 1577 1211 1595; x_wconf 78' lang='lat' dir='ltr'>a</span> <span class='ocrx_word' id='word_1_148' title='bbox 1245 1564 1344 1595; x_wconf 83' lang='lat' dir='ltr'>deest</span> <span class='ocrx_word' id='word_1_149' title='bbox 1377 1564 1492 1596; x_wconf 78' lang='lat' dir='ltr'>multis</span> <span class='ocrx_word' id='word_1_150' title='bbox 1527 1566 1641 1599; x_wconf 80' lang='lat' dir='ltr'>Burm.</span> 
     </span>
     <span class='ocr_line' id='line_1_21' title="bbox 133 1605 1640 1653; baseline 0.004 -16"><span class='ocrx_word' id='word_1_151' title='bbox 133 1605 177 1638; x_wconf 74' lang='lat' dir='ltr'>ab</span> <span class='ocrx_word' id='word_1_152' title='bbox 203 1619 230 1638; x_wconf 69' lang='lat' dir='ltr'>s.</span> <span class='ocrx_word' id='word_1_153' title='bbox 257 1607 325 1638; x_wconf 85' lang='lat' dir='ltr'>duo</span> <span class='ocrx_word' id='word_1_154' title='bbox 352 1608 470 1640; x_wconf 85' lang='lat' dir='ltr'>Heius.</span> <span class='ocrx_word' id='word_1_155' title='bbox 519 1622 564 1641; x_wconf 73' lang='lat' dir='ltr'>ex</span> <span class='ocrx_word' id='word_1_156' title='bbox 589 1622 616 1642; x_wconf 77' lang='lat' dir='ltr'>s.</span> <span class='ocrx_word' id='word_1_157' title='bbox 644 1611 711 1641; x_wconf 91' lang='lat' dir='ltr'>duo</span> <span class='ocrx_word' id='word_1_158' title='bbox 739 1611 808 1642; x_wconf 85' lang='lat' dir='ltr'>alii.</span> <span class='ocrx_word' id='word_1_159' title='bbox 858 1622 885 1642; x_wconf 78' lang='lat' dir='ltr'>s.</span> <span class='ocrx_word' id='word_1_160' title='bbox 914 1611 1059 1642; x_wconf 72' lang='lat' dir='ltr'>clm-tum</span> <span class='ocrx_word' id='word_1_161' title='bbox 1085 1609 1195 1642; x_wconf 72' lang='lat' dir='ltr'>Wall.</span> <span class='ocrx_word' id='word_1_162' title='bbox 1230 1622 1293 1653; x_wconf 86' lang='lat' dir='ltr'>pro</span> <span class='ocrx_word' id='word_1_163' title='bbox 1329 1622 1399 1642; x_wconf 83' lang='lat' dir='ltr'>var.</span> <span class='ocrx_word' id='word_1_164' title='bbox 1435 1610 1515 1643; x_wconf 80' lang='lat' dir='ltr'>lect.</span> <span class='ocrx_word' id='word_1_165' title='bbox 1564 1624 1587 1643; x_wconf 81' lang='grc' dir='ltr'><em>α</em></span> <span class='ocrx_word' id='word_1_166' title='bbox 1612 1623 1640 1643; x_wconf 86' lang='lat' dir='ltr'>S.</span> 
     </span>
     <span class='ocr_line' id='line_1_22' title="bbox 138 1653 1641 1700; baseline 0.003 -16"><span class='ocrx_word' id='word_1_167' title='bbox 138 1654 268 1685; x_wconf 77' lang='lat' dir='ltr'>Teucri</span> <span class='ocrx_word' id='word_1_168' title='bbox 294 1653 428 1697; x_wconf 82' lang='lat' dir='ltr'>aliquot</span> <span class='ocrx_word' id='word_1_169' title='bbox 456 1667 512 1698; x_wconf 76' lang='lat' dir='ltr'>ap.</span> <span class='ocrx_word' id='word_1_170' title='bbox 538 1656 628 1688; x_wconf 70' lang='lat' dir='ltr'>Pier.</span> <span class='ocrx_word' id='word_1_171' title='bbox 677 1657 749 1688; x_wconf 75' lang='lat' dir='ltr'>Sed</span> <span class='ocrx_word' id='word_1_172' title='bbox 774 1657 948 1699; x_wconf 76' lang='lat' dir='ltr'>vulgatum</span> <span class='ocrx_word' id='word_1_173' title='bbox 983 1656 1198 1700; x_wconf 77' lang='lat' dir='ltr'>generosius.</span> <span class='ocrx_word' id='word_1_174' title='bbox 1260 1658 1394 1699; x_wconf 81' lang='lat'><strong>(—-46.</strong></span> <span class='ocrx_word' id='word_1_175' title='bbox 1427 1656 1529 1689; x_wconf 80' lang='lat' dir='ltr'>orbes</span> <span class='ocrx_word' id='word_1_176' title='bbox 1563 1659 1641 1689; x_wconf 81' lang='grc' dir='ltr'>Μο-</span> 
     </span>
     <span class='ocr_line' id='line_1_23' title="bbox 133 1699 1642 1747; baseline 0.003 -16"><span class='ocrx_word' id='word_1_177' title='bbox 133 1699 198 1732; x_wconf 87' lang='lat' dir='ltr'>dic.</span> <span class='ocrx_word' id='word_1_178' title='bbox 231 1700 326 1742; x_wconf 65' lang='lat' dir='ltr'>ll&#39;r.)</span> <span class='ocrx_word' id='word_1_179' title='bbox 353 1738 356 1745; x_wconf 43' lang='grc' dir='ltr'>Ι</span> <span class='ocrx_word' id='word_1_180' title='bbox 423 1701 466 1734; x_wconf 70' lang='lat'>48</span> <span class='ocrx_word' id='word_1_181' title='bbox 493 1709 616 1733; x_wconf 79' lang='lat' dir='ltr'>terrae</span> <span class='ocrx_word' id='word_1_182' title='bbox 639 1708 709 1734; x_wconf 82' lang='lat' dir='ltr'>tres</span> <span class='ocrx_word' id='word_1_183' title='bbox 737 1704 918 1735; x_wconf 84' lang='lat' dir='ltr'>Burmann.</span> <span class='ocrx_word' id='word_1_184' title='bbox 945 1715 1020 1735; x_wconf 81' lang='lat' dir='ltr'>cuni</span> <span class='ocrx_word' id='word_1_185' title='bbox 1046 1703 1155 1735; x_wconf 85' lang='lat' dir='ltr'>Goth.</span> <span class='ocrx_word' id='word_1_186' title='bbox 1182 1715 1232 1747; x_wconf 89' lang='lat' dir='ltr'>pr.</span> <span class='ocrx_word' id='word_1_187' title='bbox 1294 1706 1382 1735; x_wconf 82' lang='lat' dir='ltr'>Sane</span> <span class='ocrx_word' id='word_1_188' title='bbox 1408 1704 1516 1735; x_wconf 71' lang='lat' dir='ltr'>condi</span> <span class='ocrx_word' id='word_1_189' title='bbox 1542 1712 1642 1736; x_wconf 78' lang='lat' dir='ltr'>terra</span> 
     </span>
     <span class='ocr_line' id='line_1_24' title="bbox 134 1745 1641 1789; baseline 0.003 -12"><span class='ocrx_word' id='word_1_190' title='bbox 134 1752 168 1777; x_wconf 83' lang='lat' dir='ltr'>et</span> <span class='ocrx_word' id='word_1_191' title='bbox 193 1754 315 1778; x_wconf 78' lang='lat' dir='ltr'>terrae</span> <span class='ocrx_word' id='word_1_192' title='bbox 339 1745 407 1778; x_wconf 71' lang='lat' dir='ltr'>dici</span> <span class='ocrx_word' id='word_1_193' title='bbox 434 1747 542 1787; x_wconf 80' lang='lat' dir='ltr'>solet,</span> <span class='ocrx_word' id='word_1_194' title='bbox 568 1755 605 1779; x_wconf 88' lang='lat' dir='ltr'>ut</span> <span class='ocrx_word' id='word_1_195' title='bbox 631 1750 744 1781; x_wconf 82' lang='lat' dir='ltr'>Burm.</span> <span class='ocrx_word' id='word_1_196' title='bbox 771 1750 813 1781; x_wconf 85' lang='lat' dir='ltr'>ad</span> <span class='ocrx_word' id='word_1_197' title='bbox 840 1750 966 1781; x_wconf 82' lang='lat' dir='ltr'>Lucan.</span> <span class='ocrx_word' id='word_1_198' title='bbox 994 1751 1018 1788; x_wconf 82' lang='grc' dir='ltr'>Ι,</span> <span class='ocrx_word' id='word_1_199' title='bbox 1055 1750 1121 1783; x_wconf 88' lang='grc'>607</span> <span class='ocrx_word' id='word_1_200' title='bbox 1156 1757 1187 1781; x_wconf 85' lang='lat' dir='ltr'>et</span> <span class='ocrx_word' id='word_1_201' title='bbox 1221 1749 1279 1781; x_wconf 85' lang='lat' dir='ltr'>alii</span> <span class='ocrx_word' id='word_1_202' title='bbox 1313 1748 1397 1781; x_wconf 69' lang='lat' dir='ltr'>alibi</span> <span class='ocrx_word' id='word_1_203' title='bbox 1432 1749 1641 1789; x_wconf 81' lang='lat' dir='ltr'>docuerunt3</span> 
     </span>
     <span class='ocr_line' id='line_1_25' title="bbox 132 1792 1641 1839; baseline 0.004 -16"><span class='ocrx_word' id='word_1_204' title='bbox 132 1792 201 1824; x_wconf 90' lang='lat' dir='ltr'>hoc</span> <span class='ocrx_word' id='word_1_205' title='bbox 243 1800 356 1824; x_wconf 84' lang='lat' dir='ltr'>tamen</span> <span class='ocrx_word' id='word_1_206' title='bbox 401 1794 603 1838; x_wconf 80' lang='lat' dir='ltr'>exquisitius</span> <span class='ocrx_word' id='word_1_207' title='bbox 649 1808 723 1827; x_wconf 80' lang='lat' dir='ltr'>esse</span> <span class='ocrx_word' id='word_1_208' title='bbox 768 1796 912 1828; x_wconf 79' lang='lat' dir='ltr'>videtur.</span> <span class='ocrx_word' id='word_1_209' title='bbox 962 1796 1043 1839; x_wconf 80' lang='lat' dir='ltr'>(vid.</span> <span class='ocrx_word' id='word_1_210' title='bbox 1090 1795 1183 1827; x_wconf 87' lang='lat' dir='ltr'>Cort.</span> <span class='ocrx_word' id='word_1_211' title='bbox 1227 1796 1270 1827; x_wconf 77' lang='lat' dir='ltr'>ad</span> <span class='ocrx_word' id='word_1_212' title='bbox 1307 1796 1407 1828; x_wconf 84' lang='lat' dir='ltr'>eund.</span> <span class='ocrx_word' id='word_1_213' title='bbox 1443 1796 1509 1828; x_wconf 84' lang='lat' dir='ltr'>loc.</span> <span class='ocrx_word' id='word_1_214' title='bbox 1547 1799 1641 1837; x_wconf 46' lang='lat' dir='ltr'>lls&#39;r.)</span> 
     </span>
     <span class='ocr_line' id='line_1_26' title="bbox 132 1839 1643 1886; baseline 0.001 -14"><span class='ocrx_word' id='word_1_215' title='bbox 132 1839 177 1872; x_wconf 81' lang='grc'>49</span> <span class='ocrx_word' id='word_1_216' title='bbox 203 1841 276 1871; x_wconf 75' lang='lat' dir='ltr'>nisi</span> <span class='ocrx_word' id='word_1_217' title='bbox 295 1840 328 1884; x_wconf 52' lang='lat' dir='ltr'>Ji</span> <span class='ocrx_word' id='word_1_218' title='bbox 354 1840 451 1872; x_wconf 86' lang='lat' dir='ltr'>multi</span> <span class='ocrx_word' id='word_1_219' title='bbox 477 1841 565 1872; x_wconf 82' lang='lat' dir='ltr'>Pier.</span> <span class='ocrx_word' id='word_1_220' title='bbox 593 1841 709 1874; x_wconf 83' lang='lat' dir='ltr'>Heius.</span> <span class='ocrx_word' id='word_1_221' title='bbox 759 1844 845 1886; x_wconf 73' lang='lat' dir='ltr'>(nisi</span> <span class='ocrx_word' id='word_1_222' title='bbox 869 1842 903 1874; x_wconf 86' lang='lat' dir='ltr'>in</span> <span class='ocrx_word' id='word_1_223' title='bbox 928 1842 1176 1874; x_wconf 76' lang='lat' dir='ltr'>vetustioribus</span> <span class='ocrx_word' id='word_1_224' title='bbox 1210 1855 1246 1874; x_wconf 82' lang='lat' dir='ltr'>se</span> <span class='ocrx_word' id='word_1_225' title='bbox 1283 1842 1558 1886; x_wconf 76' lang='lat' dir='ltr'>deprehendisse</span> <span class='ocrx_word' id='word_1_226' title='bbox 1595 1843 1643 1875; x_wconf 86' lang='lat' dir='ltr'>ait</span> 
     </span>
     <span class='ocr_line' id='line_1_27' title="bbox 134 1885 1643 1933; baseline 0.003 -17"><span class='ocrx_word' id='word_1_227' title='bbox 134 1885 316 1920; x_wconf 73' lang='lat' dir='ltr'>heinsius:</span> <span class='ocrx_word' id='word_1_228' title='bbox 343 1894 446 1929; x_wconf 79' lang='lat' dir='ltr'>atque</span> <span class='ocrx_word' id='word_1_229' title='bbox 472 1887 538 1918; x_wconf 81' lang='lat' dir='ltr'>hoc</span> <span class='ocrx_word' id='word_1_230' title='bbox 564 1887 700 1919; x_wconf 73' lang='lat' dir='ltr'>invenio</span> <span class='ocrx_word' id='word_1_231' title='bbox 727 1888 761 1920; x_wconf 88' lang='lat' dir='ltr'>in</span> <span class='ocrx_word' id='word_1_232' title='bbox 787 1889 913 1921; x_wconf 76' lang='lat' dir='ltr'>Medic.</span> <span class='ocrx_word' id='word_1_233' title='bbox 934 1890 1031 1921; x_wconf 81' lang='lat' dir='ltr'>Rom.</span> <span class='ocrx_word' id='word_1_234' title='bbox 1055 1895 1204 1933; x_wconf 86' lang='lat' dir='ltr'>utroque</span> <span class='ocrx_word' id='word_1_235' title='bbox 1224 1888 1339 1933; x_wconf 74' lang='lat' dir='ltr'>Lips.;</span> <span class='ocrx_word' id='word_1_236' title='bbox 1366 1889 1456 1920; x_wconf 86' lang='lat' dir='ltr'>idem</span> <span class='ocrx_word' id='word_1_237' title='bbox 1478 1889 1643 1921; x_wconf 78' lang='lat' dir='ltr'>exhibent</span> 
     </span>
     <span class='ocr_line' id='line_1_28' title="bbox 136 1934 1642 1978; baseline 0.001 -13"><span class='ocrx_word' id='word_1_238' title='bbox 136 1934 166 1965; x_wconf 84' lang='lat' dir='ltr'>l.</span> <span class='ocrx_word' id='word_1_239' title='bbox 193 1934 225 1967; x_wconf 94' lang='grc'>7.</span> <span class='ocrx_word' id='word_1_240' title='bbox 251 1934 283 1966; x_wconf 86' lang='grc'>8.</span> <span class='ocrx_word' id='word_1_241' title='bbox 312 1935 387 1970; x_wconf 86' lang='lat'>10.;</span> <span class='ocrx_word' id='word_1_242' title='bbox 432 1934 471 1965; x_wconf 82' lang='lat' dir='ltr'>ni</span> <span class='ocrx_word' id='word_1_243' title='bbox 502 1941 618 1965; x_wconf 77' lang='lat' dir='ltr'>tuctur</span> <span class='ocrx_word' id='word_1_244' title='bbox 651 1938 747 1967; x_wconf 79' lang='lat' dir='ltr'>Serv,</span> <span class='ocrx_word' id='word_1_245' title='bbox 783 1936 907 1967; x_wconf 68' lang='lat' dir='ltr'>Dresd.</span> <span class='ocrx_word' id='word_1_246' title='bbox 958 1934 1132 1967; x_wconf 72' lang='lat' dir='ltr'>particula</span> <span class='ocrx_word' id='word_1_247' title='bbox 1166 1937 1240 1967; x_wconf 80' lang='lat' dir='ltr'>nisi</span> <span class='ocrx_word' id='word_1_248' title='bbox 1276 1935 1443 1978; x_wconf 70' lang='lat' dir='ltr'>Virgilius</span> <span class='ocrx_word' id='word_1_249' title='bbox 1484 1947 1552 1967; x_wconf 89' lang='lat' dir='ltr'>non</span> <span class='ocrx_word' id='word_1_250' title='bbox 1588 1943 1642 1967; x_wconf 72' lang='lat' dir='ltr'>est</span> 
     </span>
     <span class='ocr_line' id='line_1_29' title="bbox 136 1978 1642 2023; baseline 0.004 -14"><span class='ocrx_word' id='word_1_251' title='bbox 136 1990 236 2019; x_wconf 85' lang='lat' dir='ltr'>usus,</span> <span class='ocrx_word' id='word_1_252' title='bbox 262 1978 326 2009; x_wconf 88' lang='lat' dir='ltr'>nisi</span> <span class='ocrx_word' id='word_1_253' title='bbox 353 1991 555 2022; x_wconf 78' lang='lat' dir='ltr'>praegressa</span> <span class='ocrx_word' id='word_1_254' title='bbox 583 1981 789 2023; x_wconf 81' lang='lat' dir='ltr'>negationc;</span> <span class='ocrx_word' id='word_1_255' title='bbox 825 1982 867 2013; x_wconf 79' lang='lat' dir='ltr'>cs.</span> <span class='ocrx_word' id='word_1_256' title='bbox 894 1981 966 2014; x_wconf 88' lang='lat' dir='ltr'>Ecl.</span> <span class='ocrx_word' id='word_1_257' title='bbox 1002 1983 1093 2019; x_wconf 82' lang='lat' dir='ltr'>VIII,</span> <span class='ocrx_word' id='word_1_258' title='bbox 1127 1983 1182 2016; x_wconf 83' lang='grc'>67.</span> <span class='ocrx_word' id='word_1_259' title='bbox 1217 1982 1280 2021; x_wconf 87' lang='grc' dir='ltr'>ΙΧ,</span> <span class='ocrx_word' id='word_1_260' title='bbox 1319 1983 1370 2015; x_wconf 79' lang='lat'>14.</span> <span class='ocrx_word' id='word_1_261' title='bbox 1406 1983 1468 2014; x_wconf 78' lang='lat' dir='ltr'>Ge.</span> <span class='ocrx_word' id='word_1_262' title='bbox 1503 1983 1526 2020; x_wconf 92' lang='grc' dir='ltr'>Ι,</span> <span class='ocrx_word' id='word_1_263' title='bbox 1566 1983 1642 2016; x_wconf 88' lang='lat'>155.</span> 
     </span>
     <span class='ocr_line' id='line_1_30' title="bbox 136 2026 1644 2072; baseline 0.003 -16"><span class='ocrx_word' id='word_1_264' title='bbox 136 2027 220 2057; x_wconf 82' lang='lat' dir='ltr'>Aen.</span> <span class='ocrx_word' id='word_1_265' title='bbox 246 2026 307 2066; x_wconf 89' lang='grc' dir='ltr'>ΧΙ,</span> <span class='ocrx_word' id='word_1_266' title='bbox 338 2027 433 2065; x_wconf 65' lang='grc'>1125</span> <span class='ocrx_word' id='word_1_267' title='bbox 468 2027 604 2071; x_wconf 83' lang='lat' dir='ltr'>saepius</span> <span class='ocrx_word' id='word_1_268' title='bbox 635 2028 723 2059; x_wconf 86' lang='lat' dir='ltr'>enirn</span> <span class='ocrx_word' id='word_1_269' title='bbox 749 2029 822 2060; x_wconf 77' lang='lat' dir='ltr'>nisi</span> <span class='ocrx_word' id='word_1_270' title='bbox 845 2028 937 2072; x_wconf 84' lang='lat' dir='ltr'>apud</span> <span class='ocrx_word' id='word_1_271' title='bbox 973 2027 1157 2071; x_wconf 64' lang='lat' dir='ltr'>Virgilium</span> <span class='ocrx_word' id='word_1_272' title='bbox 1191 2028 1261 2070; x_wconf 76' lang='lat' dir='ltr'>legi</span> <span class='ocrx_word' id='word_1_273' title='bbox 1297 2040 1366 2060; x_wconf 90' lang='lat' dir='ltr'>non</span> <span class='ocrx_word' id='word_1_274' title='bbox 1402 2028 1551 2060; x_wconf 85' lang='lat' dir='ltr'>memini.</span> <span class='ocrx_word' id='word_1_275' title='bbox 1600 2032 1644 2060; x_wconf 81' lang='lat' dir='ltr'>At</span> 
     </span>
    </p>
   </div>
   <div class='ocr_carea' id='block_1_7' title="bbox 138 2131 864 2977">
    <p class='ocr_par' dir='ltr' id='par_1_11' title="bbox 138 2131 859 2354">
     <span class='ocr_line' id='line_1_31' title="bbox 138 2131 859 2182; baseline 0.006 -17"><span class='ocrx_word' id='word_1_276' title='bbox 138 2141 243 2179; x_wconf 85' lang='lat' dir='ltr'>penu</span> <span class='ocrx_word' id='word_1_277' title='bbox 276 2131 502 2178; x_wconf 86' lang='lat' dir='ltr'>rusticano,</span> <span class='ocrx_word' id='word_1_278' title='bbox 536 2131 759 2182; x_wconf 75' lang='lat' dir='ltr'>explicatur</span> <span class='ocrx_word' id='word_1_279' title='bbox 787 2145 859 2182; x_wconf 86' lang='lat' dir='ltr'>per</span> 
     </span>
     <span class='ocr_line' id='line_1_32' title="bbox 138 2189 854 2238; baseline 0.004 -16"><span class='ocrx_word' id='word_1_280' title='bbox 138 2201 255 2235; x_wconf 44' lang='lat' dir='ltr'>optem</span> <span class='ocrx_word' id='word_1_281' title='bbox 300 2194 446 2224; x_wconf 81' lang='lat' dir='ltr'>ornant</span> <span class='ocrx_word' id='word_1_282' title='bbox 482 2189 610 2224; x_wconf 65' lang='lat' dir='ltr'>laesus</span> <span class='ocrx_word' id='word_1_283' title='bbox 643 2195 680 2225; x_wconf 85' lang='lat' dir='ltr'>et</span> <span class='ocrx_word' id='word_1_284' title='bbox 704 2190 854 2238; x_wconf 59' lang='lat' dir='ltr'>sessos.</span> 
     </span>
     <span class='ocr_line' id='line_1_33' title="bbox 140 2241 854 2294; baseline 0.004 -15"><span class='ocrx_word' id='word_1_285' title='bbox 140 2241 302 2294; x_wconf 73' lang='lat'>(—42.</span> <span class='ocrx_word' id='word_1_286' title='bbox 323 2258 378 2293; x_wconf 87' lang='lat' dir='ltr'>sq.</span> <span class='ocrx_word' id='word_1_287' title='bbox 422 2246 585 2281; x_wconf 64' lang='lat' dir='ltr'>Postera</span> <span class='ocrx_word' id='word_1_288' title='bbox 614 2247 727 2282; x_wconf 72' lang='lat' dir='ltr'>clara</span> <span class='ocrx_word' id='word_1_289' title='bbox 755 2247 854 2294; x_wconf 57' lang='lat' dir='ltr'>dies,</span> 
     </span>
     <span class='ocr_line' id='line_1_34' title="bbox 139 2300 744 2354; baseline 0.003 -18"><span class='ocrx_word' id='word_1_290' title='bbox 139 2300 219 2336; x_wconf 90' lang='lat' dir='ltr'>vid.</span> <span class='ocrx_word' id='word_1_291' title='bbox 250 2301 292 2338; x_wconf 87' lang='lat' dir='ltr'>V.</span> <span class='ocrx_word' id='word_1_292' title='bbox 313 2301 350 2338; x_wconf 82' lang='lat' dir='ltr'>L,</span> <span class='ocrx_word' id='word_1_293' title='bbox 379 2301 426 2337; x_wconf 89' lang='lat' dir='ltr'>ad</span> <span class='ocrx_word' id='word_1_294' title='bbox 461 2315 515 2338; x_wconf 75' lang='lat' dir='ltr'>vs.</span> <span class='ocrx_word' id='word_1_295' title='bbox 535 2302 601 2342; x_wconf 66' lang='grc'>24.</span> <span class='ocrx_word' id='word_1_296' title='bbox 627 2302 744 2354; x_wconf 74' lang='lat' dir='ltr'>lVr.)</span> 
     </span>
    </p>

    <p class='ocr_par' dir='ltr' id='par_1_12' title="bbox 139 2357 862 2694">
     <span class='ocr_line' id='line_1_35' title="bbox 195 2357 858 2410; baseline 0.003 -17"><span class='ocrx_word' id='word_1_297' title='bbox 195 2357 260 2397; x_wconf 73' lang='grc'>44.</span> <span class='ocrx_word' id='word_1_298' title='bbox 302 2359 446 2394; x_wconf 66' lang='lat' dir='ltr'>[amuli</span> <span class='ocrx_word' id='word_1_299' title='bbox 474 2373 520 2394; x_wconf 69' lang='lat' dir='ltr'>ex</span> <span class='ocrx_word' id='word_1_300' title='bbox 548 2373 696 2408; x_wconf 71' lang='lat' dir='ltr'>aggere</span> <span class='ocrx_word' id='word_1_301' title='bbox 718 2358 858 2410; x_wconf 80' lang='lat' dir='ltr'>(orna—</span> 
     </span>
     <span class='ocr_line' id='line_1_36' title="bbox 140 2415 861 2467; baseline 0.006 -17"><span class='ocrx_word' id='word_1_302' title='bbox 140 2420 198 2461; x_wconf 87' lang='lat' dir='ltr'>te,</span> <span class='ocrx_word' id='word_1_303' title='bbox 230 2428 301 2465; x_wconf 79' lang='lat' dir='ltr'>pro</span> <span class='ocrx_word' id='word_1_304' title='bbox 324 2428 372 2452; x_wconf 86' lang='lat' dir='ltr'>ex</span> <span class='ocrx_word' id='word_1_305' title='bbox 402 2415 597 2467; x_wconf 85' lang='lat' dir='ltr'>tumulo),</span> <span class='ocrx_word' id='word_1_306' title='bbox 639 2417 764 2454; x_wconf 84' lang='lat' dir='ltr'>socios</span> <span class='ocrx_word' id='word_1_307' title='bbox 797 2417 861 2453; x_wconf 82' lang='lat' dir='ltr'>al—</span> 
     </span>
     <span class='ocr_line' id='line_1_37' title="bbox 139 2472 861 2521; baseline 0.004 -13"><span class='ocrx_word' id='word_1_308' title='bbox 139 2472 338 2521; x_wconf 61' lang='lat' dir='ltr'>loquium-3</span> <span class='ocrx_word' id='word_1_309' title='bbox 371 2486 480 2509; x_wconf 86' lang='lat' dir='ltr'>more</span> <span class='ocrx_word' id='word_1_310' title='bbox 511 2473 691 2521; x_wconf 83' lang='lat' dir='ltr'>militari,</span> <span class='ocrx_word' id='word_1_311' title='bbox 722 2480 768 2511; x_wconf 91' lang='lat' dir='ltr'>ut</span> <span class='ocrx_word' id='word_1_312' title='bbox 796 2480 861 2511; x_wconf 79' lang='lat' dir='ltr'>to-</span> 
     </span>
     <span class='ocr_line' id='line_1_38' title="bbox 140 2529 862 2581; baseline 0.003 -15"><span class='ocrx_word' id='word_1_313' title='bbox 140 2529 211 2566; x_wconf 83' lang='lat' dir='ltr'>ties</span> <span class='ocrx_word' id='word_1_314' title='bbox 235 2532 339 2580; x_wconf 85' lang='lat' dir='ltr'>apud</span> <span class='ocrx_word' id='word_1_315' title='bbox 376 2530 456 2567; x_wconf 91' lang='lat' dir='ltr'>Liv.</span> <span class='ocrx_word' id='word_1_316' title='bbox 491 2537 530 2567; x_wconf 86' lang='lat' dir='ltr'>et</span> <span class='ocrx_word' id='word_1_317' title='bbox 565 2531 656 2571; x_wconf 77' lang='lat' dir='ltr'>Tac.</span> <span class='ocrx_word' id='word_1_318' title='bbox 688 2532 736 2568; x_wconf 86' lang='lat' dir='ltr'>de</span> <span class='ocrx_word' id='word_1_319' title='bbox 769 2545 862 2581; x_wconf 79' lang='lat' dir='ltr'>sug-</span> 
     </span>
     <span class='ocr_line' id='line_1_39' title="bbox 140 2588 861 2637; baseline 0.007 -16"><span class='ocrx_word' id='word_1_320' title='bbox 140 2593 251 2635; x_wconf 77' lang='lat' dir='ltr'>gestu</span> <span class='ocrx_word' id='word_1_321' title='bbox 273 2593 311 2623; x_wconf 87' lang='lat' dir='ltr'>et</span> <span class='ocrx_word' id='word_1_322' title='bbox 332 2600 469 2637; x_wconf 69' lang='lat' dir='ltr'>aggere</span> <span class='ocrx_word' id='word_1_323' title='bbox 492 2588 528 2625; x_wconf 94' lang='lat' dir='ltr'>in</span> <span class='ocrx_word' id='word_1_324' title='bbox 553 2589 688 2626; x_wconf 80' lang='lat' dir='ltr'>castris</span> <span class='ocrx_word' id='word_1_325' title='bbox 710 2589 861 2626; x_wconf 83' lang='lat' dir='ltr'>allocu-</span> 
     </span>
     <span class='ocr_line' id='line_1_40' title="bbox 142 2644 494 2694; baseline 0.009 -15"><span class='ocrx_word' id='word_1_326' title='bbox 142 2644 198 2679; x_wconf 84' lang='lat' dir='ltr'>tio</span> <span class='ocrx_word' id='word_1_327' title='bbox 222 2645 321 2680; x_wconf 83' lang='lat' dir='ltr'>sacta</span> <span class='ocrx_word' id='word_1_328' title='bbox 342 2645 494 2694; x_wconf 69' lang='lat' dir='ltr'>legitur.</span> 
     </span>
    </p>

    <p class='ocr_par' dir='ltr' id='par_1_13' title="bbox 143 2700 864 2977">
     <span class='ocr_line' id='line_1_41' title="bbox 200 2700 863 2750; baseline 0.003 -14"><span class='ocrx_word' id='word_1_329' title='bbox 200 2700 253 2741; x_wconf 76' lang='lat'>45</span> <span class='ocrx_word' id='word_1_330' title='bbox 277 2715 331 2750; x_wconf 80' lang='lat' dir='ltr'>sq.</span> <span class='ocrx_word' id='word_1_331' title='bbox 367 2702 441 2738; x_wconf 80' lang='lat' dir='ltr'>Etsi</span> <span class='ocrx_word' id='word_1_332' title='bbox 466 2708 505 2739; x_wconf 84' lang='lat' dir='ltr'>et</span> <span class='ocrx_word' id='word_1_333' title='bbox 532 2702 693 2739; x_wconf 83' lang='lat' dir='ltr'>inseriae</span> <span class='ocrx_word' id='word_1_334' title='bbox 716 2701 790 2738; x_wconf 88' lang='lat' dir='ltr'>hae</span> <span class='ocrx_word' id='word_1_335' title='bbox 823 2708 863 2739; x_wconf 85' lang='lat' dir='ltr'>et</span> 
     </span>
     <span class='ocr_line' id='line_1_42' title="bbox 144 2757 861 2809; baseline 0.006 -17"><span class='ocrx_word' id='word_1_336' title='bbox 144 2757 225 2793; x_wconf 90' lang='lat' dir='ltr'>ludi</span> <span class='ocrx_word' id='word_1_337' title='bbox 257 2759 438 2795; x_wconf 84' lang='lat' dir='ltr'>funebres</span> <span class='ocrx_word' id='word_1_338' title='bbox 468 2759 580 2809; x_wconf 86' lang='lat' dir='ltr'>plane</span> <span class='ocrx_word' id='word_1_339' title='bbox 619 2759 666 2796; x_wconf 93' lang='lat' dir='ltr'>ad</span> <span class='ocrx_word' id='word_1_340' title='bbox 703 2759 861 2796; x_wconf 84' lang='lat' dir='ltr'>llomeri</span> 
     </span>
     <span class='ocr_line' id='line_1_43' title="bbox 143 2813 862 2863; baseline 0.006 -14"><span class='ocrx_word' id='word_1_341' title='bbox 143 2813 346 2863; x_wconf 74' lang='lat' dir='ltr'>inprimis,</span> <span class='ocrx_word' id='word_1_342' title='bbox 379 2821 463 2852; x_wconf 85' lang='lat' dir='ltr'>tum</span> <span class='ocrx_word' id='word_1_343' title='bbox 492 2822 531 2852; x_wconf 87' lang='lat' dir='ltr'>et</span> <span class='ocrx_word' id='word_1_344' title='bbox 552 2817 719 2853; x_wconf 77' lang='lat' dir='ltr'>alioruin</span> <span class='ocrx_word' id='word_1_345' title='bbox 751 2823 862 2853; x_wconf 81' lang='lat' dir='ltr'>vete—</span> 
     </span>
     <span class='ocr_line' id='line_1_44' title="bbox 143 2874 862 2924; baseline 0.006 -18"><span class='ocrx_word' id='word_1_346' title='bbox 143 2884 231 2907; x_wconf 84' lang='lat' dir='ltr'>rum</span> <span class='ocrx_word' id='word_1_347' title='bbox 281 2878 507 2921; x_wconf 83' lang='lat' dir='ltr'>poetarum,</span> <span class='ocrx_word' id='word_1_348' title='bbox 568 2874 791 2924; x_wconf 69' lang='lat' dir='ltr'>exemplum</span> <span class='ocrx_word' id='word_1_349' title='bbox 842 2887 862 2909; x_wconf 89' lang='lat' dir='ltr'>a</span> 
     </span>
     <span class='ocr_line' id='line_1_45' title="bbox 143 2928 864 2977; baseline 0.004 -13"><span class='ocrx_word' id='word_1_350' title='bbox 143 2928 304 2977; x_wconf 77' lang='lat' dir='ltr'>Virgilio</span> <span class='ocrx_word' id='word_1_351' title='bbox 328 2928 607 2977; x_wconf 82' lang='lat' dir='ltr'>instituuntur,</span> <span class='ocrx_word' id='word_1_352' title='bbox 631 2937 763 2967; x_wconf 83' lang='lat' dir='ltr'>tamen</span> <span class='ocrx_word' id='word_1_353' title='bbox 781 2930 864 2967; x_wconf 76' lang='lat' dir='ltr'>eius</span> 
     </span>
    </p>
   </div>
   <div class='ocr_carea' id='block_1_8' title="bbox 916 2131 1645 2982">
    <p class='ocr_par' dir='ltr' id='par_1_14' title="bbox 916 2131 1643 2341">
     <span class='ocr_line' id='line_1_46' title="bbox 916 2131 1641 2182; baseline 0 -13"><span class='ocrx_word' id='word_1_354' title='bbox 916 2132 1115 2182; x_wconf 66' lang='lat' dir='ltr'>ingenium</span> <span class='ocrx_word' id='word_1_355' title='bbox 1136 2131 1176 2169; x_wconf 91' lang='lat' dir='ltr'>in</span> <span class='ocrx_word' id='word_1_356' title='bbox 1202 2145 1246 2169; x_wconf 87' lang='lat' dir='ltr'>eo</span> <span class='ocrx_word' id='word_1_357' title='bbox 1268 2146 1454 2182; x_wconf 76' lang='lat' dir='ltr'>agnoscas</span> <span class='ocrx_word' id='word_1_358' title='bbox 1485 2145 1641 2181; x_wconf 82' lang='lat' dir='ltr'>moneo,</span> 
     </span>
     <span class='ocr_line' id='line_1_47' title="bbox 917 2189 1643 2240; baseline 0.001 -15"><span class='ocrx_word' id='word_1_359' title='bbox 917 2190 1023 2239; x_wconf 85' lang='lat' dir='ltr'>quod</span> <span class='ocrx_word' id='word_1_360' title='bbox 1047 2189 1092 2225; x_wconf 83' lang='lat' dir='ltr'>iis</span> <span class='ocrx_word' id='word_1_361' title='bbox 1113 2189 1231 2226; x_wconf 86' lang='lat' dir='ltr'>rebus</span> <span class='ocrx_word' id='word_1_362' title='bbox 1260 2190 1311 2226; x_wconf 92' lang='lat' dir='ltr'>ad</span> <span class='ocrx_word' id='word_1_363' title='bbox 1341 2190 1526 2240; x_wconf 78' lang='lat' dir='ltr'>pietatem</span> <span class='ocrx_word' id='word_1_364' title='bbox 1557 2204 1643 2226; x_wconf 80' lang='lat' dir='ltr'>ina-</span> 
     </span>
     <span class='ocr_line' id='line_1_48' title="bbox 916 2246 1640 2284; baseline 0 -1"><span class='ocrx_word' id='word_1_365' title='bbox 916 2247 1024 2283; x_wconf 71' lang='lat' dir='ltr'>xime</span> <span class='ocrx_word' id='word_1_366' title='bbox 1060 2246 1212 2283; x_wconf 81' lang='lat' dir='ltr'>Aeneae</span> <span class='ocrx_word' id='word_1_367' title='bbox 1255 2246 1314 2283; x_wconf 89' lang='lat' dir='ltr'>sui</span> <span class='ocrx_word' id='word_1_368' title='bbox 1362 2247 1640 2284; x_wconf 85' lang='lat' dir='ltr'>declarandam</span> 
     </span>
     <span class='ocr_line' id='line_1_49' title="bbox 916 2309 1102 2341; baseline -0.005 0"><span class='ocrx_word' id='word_1_369' title='bbox 916 2317 1011 2341; x_wconf 85' lang='lat' dir='ltr'>usus</span> <span class='ocrx_word' id='word_1_370' title='bbox 1035 2309 1102 2340; x_wconf 84' lang='lat' dir='ltr'>est.</span> 
     </span>
    </p>

    <p class='ocr_par' dir='ltr' id='par_1_15' title="bbox 919 2361 1645 2854">
     <span class='ocr_line' id='line_1_50' title="bbox 975 2361 1635 2409; baseline -0.002 -12"><span class='ocrx_word' id='word_1_371' title='bbox 975 2361 1041 2401; x_wconf 82' lang='grc'>45.</span> <span class='ocrx_word' id='word_1_372' title='bbox 1074 2361 1155 2396; x_wconf 76' lang='lat' dir='ltr'>allo</span> <span class='ocrx_word' id='word_1_373' title='bbox 1187 2374 1212 2396; x_wconf 85' lang='lat' dir='ltr'>a</span> <span class='ocrx_word' id='word_1_374' title='bbox 1247 2363 1446 2409; x_wconf 66' lang='lat' dir='ltr'>sanguine</span> <span class='ocrx_word' id='word_1_375' title='bbox 1481 2361 1635 2407; x_wconf 64' lang='lat' dir='ltr'>(livam,</span> 
     </span>
     <span class='ocr_line' id='line_1_51' title="bbox 919 2417 1642 2468; baseline 0.004 -17"><span class='ocrx_word' id='word_1_376' title='bbox 919 2423 1084 2468; x_wconf 77' lang='lat' dir='ltr'>propter</span> <span class='ocrx_word' id='word_1_377' title='bbox 1128 2417 1356 2454; x_wconf 76' lang='lat' dir='ltr'>Dardanum</span> <span class='ocrx_word' id='word_1_378' title='bbox 1396 2417 1498 2454; x_wconf 91' lang='lat' dir='ltr'>lovis</span> <span class='ocrx_word' id='word_1_379' title='bbox 1536 2418 1562 2454; x_wconf 90' lang='lat' dir='ltr'>s.</span> <span class='ocrx_word' id='word_1_380' title='bbox 1605 2430 1642 2454; x_wconf 90' lang='lat' dir='ltr'>v.</span> 
     </span>
     <span class='ocr_line' id='line_1_52' title="bbox 921 2474 1644 2523; baseline -0.001 -11"><span class='ocrx_word' id='word_1_381' title='bbox 921 2475 983 2521; x_wconf 86' lang='grc' dir='ltr'>ΙΙΙ,</span> <span class='ocrx_word' id='word_1_382' title='bbox 1011 2477 1102 2514; x_wconf 82' lang='lat'><strong>167.</strong></span> <span class='ocrx_word' id='word_1_383' title='bbox 1162 2475 1270 2512; x_wconf 76' lang='lat' dir='ltr'>solet</span> <span class='ocrx_word' id='word_1_384' title='bbox 1292 2481 1421 2512; x_wconf 85' lang='lat' dir='ltr'>autem</span> <span class='ocrx_word' id='word_1_385' title='bbox 1448 2474 1548 2522; x_wconf 86' lang='lat' dir='ltr'>eius,</span> <span class='ocrx_word' id='word_1_386' title='bbox 1576 2475 1644 2523; x_wconf 87' lang='lat' dir='ltr'>qui</span> 
     </span>
     <span class='ocr_line' id='line_1_53' title="bbox 919 2531 1644 2582; baseline 0.001 -15"><span class='ocrx_word' id='word_1_387' title='bbox 919 2531 1044 2582; x_wconf 68' lang='lat' dir='ltr'>gentis</span> <span class='ocrx_word' id='word_1_388' title='bbox 1077 2538 1216 2569; x_wconf 80' lang='lat' dir='ltr'>auctor</span> <span class='ocrx_word' id='word_1_389' title='bbox 1243 2546 1287 2568; x_wconf 86' lang='lat' dir='ltr'>ac</span> <span class='ocrx_word' id='word_1_390' title='bbox 1311 2532 1419 2582; x_wconf 80' lang='lat' dir='ltr'>regni</span> <span class='ocrx_word' id='word_1_391' title='bbox 1446 2532 1508 2569; x_wconf 87' lang='lat' dir='ltr'>vel</span> <span class='ocrx_word' id='word_1_392' title='bbox 1534 2532 1644 2568; x_wconf 80' lang='lat' dir='ltr'>urbis</span> 
     </span>
     <span class='ocr_line' id='line_1_54' title="bbox 921 2588 1643 2639; baseline 0 -14"><span class='ocrx_word' id='word_1_393' title='bbox 921 2588 1108 2626; x_wconf 76' lang='lat' dir='ltr'>conditor</span> <span class='ocrx_word' id='word_1_394' title='bbox 1129 2590 1212 2635; x_wconf 82' lang='lat' dir='ltr'>snit,</span> <span class='ocrx_word' id='word_1_395' title='bbox 1236 2590 1418 2627; x_wconf 82' lang='lat' dir='ltr'>nobilitas</span> <span class='ocrx_word' id='word_1_396' title='bbox 1443 2589 1514 2626; x_wconf 75' lang='lat' dir='ltr'>toti</span> <span class='ocrx_word' id='word_1_397' title='bbox 1538 2589 1643 2639; x_wconf 81' lang='lat' dir='ltr'>genti</span> 
     </span>
     <span class='ocr_line' id='line_1_55' title="bbox 923 2647 1642 2696; baseline 0.001 -14"><span class='ocrx_word' id='word_1_398' title='bbox 923 2661 967 2682; x_wconf 75' lang='lat' dir='ltr'>uc</span> <span class='ocrx_word' id='word_1_399' title='bbox 995 2647 1141 2696; x_wconf 79' lang='lat' dir='ltr'>populo</span> <span class='ocrx_word' id='word_1_400' title='bbox 1173 2647 1306 2684; x_wconf 75' lang='lat' dir='ltr'>tribui.</span> <span class='ocrx_word' id='word_1_401' title='bbox 1367 2647 1430 2683; x_wconf 80' lang='lat' dir='ltr'>Sic</span> <span class='ocrx_word' id='word_1_402' title='bbox 1465 2647 1642 2692; x_wconf 72' lang='lat' dir='ltr'>lioniani,</span> 
     </span>
     <span class='ocr_line' id='line_1_56' title="bbox 922 2705 1644 2752; baseline 0 -12"><span class='ocrx_word' id='word_1_403' title='bbox 922 2706 1073 2740; x_wconf 63' lang='lat' dir='ltr'>Martis</span> <span class='ocrx_word' id='word_1_404' title='bbox 1106 2718 1259 2752; x_wconf 66' lang='lat' dir='ltr'>genus,</span> <span class='ocrx_word' id='word_1_405' title='bbox 1298 2705 1537 2740; x_wconf 53' lang='lat' dir='ltr'>[romulidae</span> <span class='ocrx_word' id='word_1_406' title='bbox 1571 2710 1644 2740; x_wconf 81' lang='lat' dir='ltr'>etc.</span> 
     </span>
     <span class='ocr_line' id='line_1_57' title="bbox 922 2761 1645 2798; baseline -0.001 0"><span class='ocrx_word' id='word_1_407' title='bbox 922 2761 1008 2798; x_wconf 86' lang='lat' dir='ltr'>lloc</span> <span class='ocrx_word' id='word_1_408' title='bbox 1050 2761 1299 2798; x_wconf 80' lang='lat' dir='ltr'>Burmannus</span> <span class='ocrx_word' id='word_1_409' title='bbox 1350 2761 1464 2798; x_wconf 84' lang='lat' dir='ltr'>unice</span> <span class='ocrx_word' id='word_1_410' title='bbox 1512 2767 1645 2798; x_wconf 80' lang='lat' dir='ltr'>tenere</span> 
     </span>
     <span class='ocr_line' id='line_1_58' title="bbox 922 2817 1102 2854; baseline 0 0"><span class='ocrx_word' id='word_1_411' title='bbox 922 2817 1102 2854; x_wconf 82' lang='lat' dir='ltr'>debebat.</span> 
     </span>
    </p>

    <p class='ocr_par' dir='ltr' id='par_1_16' title="bbox 922 2873 1645 2982">
     <span class='ocr_line' id='line_1_59' title="bbox 978 2873 1645 2914; baseline -0.001 -4"><span class='ocrx_word' id='word_1_412' title='bbox 978 2874 1044 2914; x_wconf 74' lang='grc'>48.</span> <span class='ocrx_word' id='word_1_413' title='bbox 1079 2889 1196 2911; x_wconf 71' lang='lat' dir='ltr'>aras:</span> <span class='ocrx_word' id='word_1_414' title='bbox 1243 2876 1358 2911; x_wconf 82' lang='lat' dir='ltr'>sunus</span> <span class='ocrx_word' id='word_1_415' title='bbox 1391 2888 1409 2909; x_wconf 81' lang='lat' dir='ltr'>a</span> <span class='ocrx_word' id='word_1_416' title='bbox 1451 2873 1645 2910; x_wconf 72' lang='lat' dir='ltr'>sacrificio</span> 
     </span>
     <span class='ocr_line' id='line_1_60' title="bbox 922 2931 1645 2982; baseline -0.001 -15"><span class='ocrx_word' id='word_1_417' title='bbox 922 2931 1076 2968; x_wconf 85' lang='lat' dir='ltr'>sunebri</span> <span class='ocrx_word' id='word_1_418' title='bbox 1096 2932 1284 2982; x_wconf 74' lang='lat' dir='ltr'>designat,</span> <span class='ocrx_word' id='word_1_419' title='bbox 1305 2931 1412 2980; x_wconf 82' lang='lat' dir='ltr'>quod</span> <span class='ocrx_word' id='word_1_420' title='bbox 1437 2931 1485 2967; x_wconf 86' lang='lat' dir='ltr'>ad</span> <span class='ocrx_word' id='word_1_421' title='bbox 1507 2943 1645 2980; x_wconf 75' lang='lat' dir='ltr'>rogum</span> 
     </span>
    </p>
   </div>
  </div>
 </body>
</html>
