1827 3436
343 266 750 320 AENEIDOS
786 268 1036 332 LIB.11‚
1077 273 1376 323 692-704
1520 280 1620 327 365

98 398 194 446 Hic
220 413 349 446 vero
373 396 539 444 victus
560 393 774 458 genitor
793 410 849 443 se
871 393 1010 443 tollit
1032 394 1099 444 ad
1133 412 1296 459 aurem,

98 465 435 532 Adfaturque
464 463 620 525 (1003,
661 472 713 513 et
742 473 984 513 sanctum
1007 465 1152 515 sidus
1177 466 1374 518 adorat.
1516 475 1621 521 700

95 539 208 586 Iam
241 536 346 584 iam
377 533 524 583 nulla
558 549 713 582 mora
753 543 856 596 est3
889 551 1114 600 sequor,
1155 544 1233 601 et,
1272 554 1376 603 qua
1413 536 1618 603 duciti5‚

880 603 1084 656 adsum.

93 674 157 723 Di
178 672 358 739 patrii,
396 680 599 721 servate
627 672 880 737 domum,
915 683 1121 723 servate
1144 681 1430 741 nepotem!

94 747 345 794 Vestrum
368 741 474 791 hoc
496 743 793 808 augurium,
817 752 1108 811 vestroque
1132 745 1185 793 in
1206 746 1432 796 numine
1455 748 1616 797 Troia

881 822 971 865 est.

95 881 244 933 Cedo
288 881 567 948 equidem,
615 897 740 945 nee,
785 891 934 948 nate,
967 883 1061 933 tibi
1091 900 1274 934 comes
1303 885 1380 935 ire
1405 902 1612 938 recuso,

161 981 191 1027 7
195 981 275 1026 01.
305 989 414 1026 EST.
487 976 722 1039 SEQUOR‚

184 1117 253 1152 699
279 1116 349 1148 His
373 1127 460 1148 vero
485 1126 539 1159 pr.
565 1114 735 1149 Rottend.
761 1127 827 1160 pro
851 1127 923 1148 var.
947 1115 1028 1149 lect.
1086 1129 1126 1150 se
1157 1117 1290 1149 tollere
1314 1117 1404 1150 Gud.
1431 1131 1450 1151 a
1475 1131 1519 1151 m.
1545 1132 1610 1165 pr..

92 1163 294 1206 eleganter,
318 1162 424 1194 modo
451 1161 564 1206 affari
587 1168 621 1194 et
648 1163 808 1195 adorare
840 1162 939 1207 sequi
973 1169 1108 1208 posset.
1141 1163 1224 1206 (vid.
1260 1165 1303 1205 Q.
1338 1166 1381 1197 V.
1417 1167 1541 1207 XXX,
1576 1168 1608 1201 6.

96 1210 193 1253 lVr.)
243 1211 281 1242 in
318 1221 434 1242 auras
468 1207 526 1240 alii
564 1209 658 1252 apud
692 1208 861 1249 Pierium5
900 1209 983 1252 (vid.
1017 1212 1059 1250 Q.
1086 1211 1128 1242 V.
1155 1212 1203 1251 X,
1230 1213 1261 1244 1.
1291 1211 1388 1254 lVr.)
1448 1214 1496 1245 ad
1522 1226 1611 1246 aras

90 1256 248 1289 nonnulli
274 1256 367 1300 apud
401 1255 568 1295 eundem,
613 1262 648 1287 et
679 1255 824 1296 Zulieh„
867 1256 930 1288 sed
963 1256 1032 1289 vid.
1069 1258 1252 1290 Burmann.

468 1303 535 1337 701
564 1314 634 1346 quo
658 1302 793 1346 aliquot
816 1302 907 1335 Pier.
931 1303 1032 1336 Leid.
1058 1310 1093 1335 et
1118 1304 1226 1337 Goth.
1252 1316 1334 1345 sec„
1360 1306 1422 1338 sed
1447 1319 1477 1339 v.
1502 1307 1562 1340 lib.
1581 1308 1607 1348 Ι,

510 1350 580 1383 702
605 1358 756 1394 nepotes
789 1361 857 1382 sec.
882 1350 1023 1390 Moret„
1058 1351 1122 1382 sed
1158 1363 1190 1382 v.
1216 1352 1330 1384 Burm.

92 1304 211 1336 lumen
239 1303 374 1336 Zulich.

90 1350 170 1384 401.
196 1349 268 1382 Ecl.
294 1350 358 1389 IX,
381 1349 415 1383 4.

90 1405 206 1429 strum
233 1409 252 1429 0
285 1397 482 1442 augurium
506 1406 562 1428 un.
586 1395 686 1429 Leid.
727 1409 757 1429 v.
784 1397 897 1429 Burin.
925 1397 969 1429 ad
995 1396 1094 1430 Ovid.
1120 1398 1135 1429 I
1158 1398 1222 1443 Ep.

360 1452 414 1474 esc
438 1442 472 1473 in
499 1442 566 1474 fine
591 1442 693 1475 deest
716 1443 847 1476 Moret.
873 1455 943 1477 sec.

90 1451 146 1475 est
170 1444 205 1474 M
211 1454 310 1486 enag.

90 1491 135 1523 V.
155 1491 363 1533 XXXVIII,
388 1490 421 1524 3.
452 1489 548 1533 er.)

147 1597 230 1637 699
242 1617 296 1625 ·—
310 1594 404 1637 704.
427 1598 568 1646 victas,
587 1602 815 1648 expugnata

89 1652 254 1690 tandem
279 1653 504 1692 voluntate.
564 1669 605 1691 se
632 1655 735 1692 tollit
759 1655 819 1691 ad

89 1725 212 1748 auras
233 1725 308 1762 pro
332 1711 529 1763 simplici,
571 1724 591 1749 e
615 1717 744 1750 strato
775 1724 814 1749 se

90 1769 260 1818 attollit,
308 1770 446 1820 surgit.
507 1769 667 1821 affatur
707 1770 813 1818 cleos,

88 1832 286 1878 precatur.
349 1836 551 1879 vestroque
581 1829 623 1864 in
654 1829 815 1864 numine

97 1886 217 1921 Troia
258 1892 336 1921 est:
389 1898 556 1922 acumen
594 1886 814 1936 tragicum:

89 1941 198 1991 quod
233 1942 394 1980 dubiam
430 1942 649 1981 admodum
681 1943 814 1981 iuter-

87 2000 353 2050 pretatiouem
383 1999 525 2049 habet,
567 2007 608 2038 et
637 2001 814 2038 insolens

89 2063 167 2094 est:
197 2059 238 2093 in
260 2060 420 2095 numine
440 2073 535 2095 esse.
593 2059 693 2097 Cum
715 2057 814 2095 haec

88 2114 210 2151 verba
240 2116 455 2153 coniuncta
486 2116 566 2153 sint
597 2129 688 2154 cum
719 2116 814 2154 illis:

95 2172 280 2209 Vestrum
313 2173 386 2209 hoc·
417 2175 655 2223 augurium,
687 2180 809 2224 poeta

90 2228 307 2265 declarasse
340 2230 524 2279 videtur,
566 2245 711 2267 numen
739 2231 813 2282 ipsi

89 2286 204 2323 simili
224 2287 445 2336 significatu
467 2301 548 2325 esse
573 2288 738 2336 dictum,
771 2287 811 2326 h.

89 2356 121 2382 e.
141 2357 214 2394 pro
238 2347 435 2395 augurio,
485 2348 635 2394 omine,
666 2351 713 2383 ut
743 2345 814 2384 inf.

92 2401 181 2450 VII,
233 2404 326 2442 119.
395 2403 438 2440 In
479 2401 558 2440 hoc
590 2403 721 2440 omine
758 2411 815 2440 est

94 2460 233 2507 Troia,
265 2458 304 2497 h.
333 2472 363 2497 e.
401 2461 529 2498 fatum
560 2461 726 2509 Troiae,
759 2466 811 2510 et,

87 2516 192 2565 quod
213 2529 261 2553 ex
283 2518 424 2555 ceteris
441 2518 589 2568 elicias,
620 2518 811 2557 indicium

86 2572 279 2610 Anchisae
322 2575 370 2613 de
399 2574 479 2613 hoc
510 2577 617 2615 sato:
668 2576 811 2614 Troiae

88 2630 286 2669 excidium
327 2633 476 2671 instare
516 2640 555 2671 et
594 2634 736 2672 urbem
776 2634 811 2672 ei

88 2699 168 2723 esse
188 2688 457 2729 deserendam.
517 2692 811 2743 simplicissima

88 2744 217 2793 itaque
231 2747 330 2784 ratio
344 2747 442 2785 haec
459 2756 537 2787 est:
561 2750 679 2788 Troia
699 2749 810 2799 haec,

89 2814 206 2850 quam
235 2815 303 2852 ego
330 2805 530 2855 deserere,
572 2808 635 2845 cui
666 2821 811 2859 super-

87 2864 164 2895 stes
196 2871 275 2895 esse
306 2863 414 2900 nolui
447 2864 548 2916 (sup.
580 2864 704 2918 637),
735 2877 809 2902 ve—

85 2921 169 2952 stro
188 2914 264 2952 hoc
284 2921 445 2969 augurio
468 2921 695 2960 declaratur
712 2922 810 2961 mihi

86 2972 302 3011 deserenda
325 2988 415 3014 esse.
453 2979 572 3016 Troia
594 2987 665 3029 est,
689 2980 808 3019 Troia

1347 1260 1417 1294 700
1441 1269 1610 1292 sanctum

1424 1354 1493 1388 703
1532 1356 1607 1387 Ve-

1262 1400 1339 1433 101.
1408 1402 1607 1446 augurium

1024 1445 1095 1479 704
1117 1453 1233 1490 gnate
1251 1445 1427 1480 Montalb.
1454 1447 1538 1491 (vid.
1562 1450 1604 1490 Q.

872 1596 970 1636 mihi
990 1597 1080 1647 erit⁷
1111 1611 1193 1636 non
1218 1596 1340 1649 haec,
1372 1612 1473 1651 quae
1495 1614 1605 1639 nunc

871 1656 1033 1693 incensa
1053 1661 1129 1705 est,
1161 1655 1243 1705 sed,
1273 1670 1513 1709 quocunque
1531 1673 1605 1698 ve-

874 1719 1001 1752 strum
1041 1713 1274 1765 augurium,
1314 1729 1335 1753 o
1365 1715 1440 1765 dii,
1482 1716 1603 1755 ducet

872 1785 958 1811 nos,
992 1771 1105 1819 Nam,
1130 1778 1178 1809 ut
1196 1786 1347 1810 novum
1372 1774 1513 1811 Troiae
1531 1789 1602 1813 or—

871 1835 960 1867 tum
988 1829 1146 1867 ostendi
1168 1830 1242 1868 sibi
1263 1830 1453 1869 Anchises
1473 1839 1601 1884 putet,

871 1887 1001 1925 multo
1027 1888 1216 1938 argutius,
1245 1902 1364 1938 quam
1382 1889 1496 1940 illud,
1521 1904 1602 1928 esse

870 1945 1059 1994 videtur,
1094 1946 1207 1996 quasi
1236 1946 1306 1984 sit:
1344 1949 1464 1985 Troia
1483 1957 1539 1985 est
1560 1952 1602 1986 in

872 2011 997 2040 vestro
1017 2006 1194 2052 numine,
1218 2002 1259 2041 11.
1275 2017 1308 2044 e.
1331 2005 1450 2042 Troia
1474 2006 1599 2044 altera

871 2061 1128 2112 promittitur
1156 2060 1235 2099 hoc
1264 2062 1414 2111 omine,
1455 2070 1503 2102 ut
1534 2064 1599 2113 Ill,

872 2121 926 2160 86
950 2120 1074 2156 Serva
1103 2120 1231 2156 altera
1268 2121 1410 2157 Troiae
1433 2123 1600 2172 Perga-

871 2190 954 2213 ma.
1027 2177 1088 2214 Ita
1129 2182 1261 2213 tamen
1289 2176 1454 2216 videtur
1483 2191 1599 2216 acce-

868 2233 992 2285 pisse,
1038 2233 1217 2284 quisquis
1265 2235 1464 2272 Servianis
1500 2235 1600 2274 haec

873 2290 1069 2328 attexuit:
1114 2291 1349 2342 Augurium
1374 2307 1598 2345 numenque

870 2356 1041 2385 reso-um
1068 2348 1223 2399 efficiat
1252 2347 1413 2401 (immo,
1454 2350 1595 2404 efficit)

869 2419 918 2442 ne
944 2414 1086 2455 putem
1120 2408 1284 2443 Troiam
1305 2409 1472 2456 perisse.
1543 2408 1598 2446 At

869 2463 1032 2500 Servius
1050 2463 1132 2515 ipse
1152 2462 1231 2501 hoc
1251 2463 1391 2502 habet:
1423 2468 1465 2502 in
1486 2466 1598 2504 vobis

869 2520 996 2558 habeo
1016 2523 1190 2570 Troiam,
1197 2530 1363 2573 propter
1379 2523 1485 2560 illud
1499 2539 1591 2575 sup.

870 2577 974 2620 642:
1024 2580 1120 2616 Has
1146 2579 1250 2616 mila*
1278 2589 1497 2618 servassent
1531 2596 1596 2618 se-

868 2636 952 2673 cles.
987 2636 1095 2686 quod
1118 2638 1221 2675 sorte
1242 2637 1283 2674 in
1313 2637 1486 2689 priorem
1517 2653 1596 2677 no-

869 2699 993 2731 stram
1014 2695 1208 2733 rationem
1222 2695 1480 2746 interpretari
1500 2710 1595 2748 pos-

869 2751 944 2800 sis3
974 2765 1146 2803 namque
1176 2753 1271 2790 alias
1292 2752 1391 2790 haec
1412 2767 1503 2791 cum
1529 2768 1595 2792 ce-

867 2809 964 2846 teris
1001 2823 1082 2847 non
1123 2811 1216 2848 satis
1242 2810 1342 2848 bene
1380 2812 1595 2850 convenire

867 2866 1083 2916 videntur,
1124 2868 1183 2905 uti
1205 2881 1279 2906 nec
1307 2868 1371 2905 illa
1390 2868 1595 2920 interpre-

867 2923 989 2973 tatio,
1021 2938 1141 2975 quam
1164 2926 1299 2964 Burm.
1319 2927 1521 2976 sequitur:
1552 2930 1593 2964 in

866 2990 996 3019 restra
1012 2991 1236 3033 potestate,
1279 2984 1430 3032 tulela,
1473 2986 1592 3021 Troia
