1827 3436
307 233 838 289 TRACTATARUM
876 225 1306 278 INVENTIONE
1495 229 1557 271 39

55 377 201 424 Maro
235 366 371 416 adeo
412 360 554 411 aliud
583 363 958 423 argumentum
999 351 1184 401 clarius
1225 357 1279 398 et
1311 346 1559 395 illustrius

57 439 346 501 excogitare
376 431 551 500 potuit
566 435 629 493 *).

190 529 252 578 II.
291 523 531 577 Omnino
562 518 783 586 quidem
817 521 881 565 de
914 518 1112 564 Aeneae
1141 515 1190 561 in
1227 511 1434 559 Italiam
1465 510 1561 554 ad-

54 609 196 650 ventu
222 593 430 645 fabulae
455 592 520 656 (si
529 593 767 656 fabulam
797 585 1036 642 dicimus,
1064 599 1176 631 non
1197 579 1317 628 ficta
1339 593 1396 626 ac
1416 591 1563 624 com-

54 666 295 718 mentitia
331 679 417 712 res
444 660 688 727 ponitur3
741 655 836 704 sed
864 652 1067 715 fabula,
1116 655 1302 716 μῦθος,
1342 660 1563 695 omnem

55 746 294 786 veterem
329 732 552 793 famam,
599 726 870 777 historiam
909 732 961 772 et
1003 720 1363 770 narrationem
1396 732 1421 763 a
1451 731 1564 762 ma—

57 806 256 857 ioribus
290 809 559 867 acceptam
597 797 858 860 designat,
906 801 1193 857 antequam
1224 785 1406 835 litteris
1438 799 1565 832 con-

57 875 247 940 signari
290 881 341 921 et
370 883 622 919 sermone
659 863 895 932 pedestri
928 859 1120 927 exponi
1157 856 1416 922 coepisset
1438 859 1565 914 **))‚

58 946 213 994 huius
258 942 413 1006 igitur
454 937 666 987 fabulae
704 932 903 983 fundus
946 930 1176 979 habetur
1212 923 1435 975 Homeri
1479 921 1564 970 ille

61 1015 208 1063 locus
237 1009 542 1060 notissimus
563 1003 707 1055 Iliad.
736 1010 781 1055 Υ
776 1044 788 1066 ‚
827 1007 941 1053 307.
967 1006 1068 1054 308
1080 1003 1206 1062 ***),
1242 995 1333 1044 ubi
1363 997 1566 1057 Neptu-

60 1100 159 1132 nus
196 1082 291 1131 diis
324 1087 507 1128 auctor
537 1084 637 1138 est,
682 1082 741 1122 ut
773 1075 1011 1121 Aeneam
1049 1084 1170 1117 cum
1204 1062 1405 1115 Achille
1441 1076 1568 1109 con-

61 1167 301 1217 gressum
335 1149 596 1213 imparem
626 1159 802 1210 pugna
840 1140 1092 1201 educant,
1141 1153 1210 1185 ne
1244 1135 1354 1183 eius
1392 1139 1568 1179 morte

61 1221 289 1272 Dardani
332 1216 609 1283 posteritas
654 1210 889 1272 deficiat,
945 1225 1108 1275 quem
1153 1215 1334 1254 tamen
1370 1201 1571 1266 Iupiter

65 1308 188 1357 prae
228 1287 413 1337 ceteris
450 1284 628 1333 liberis
670 1281 846 1344 diligat
889 1277 1164 1335 omnibus;
1215 1283 1265 1322 at
1300 1272 1568 1321 Priamum

66 1378 187 1410 cum
220 1356 478 1424 progenie
511 1352 622 1402 Iovi
653 1367 796 1399 nunc
830 1365 942 1397 esse
975 1347 1228 1403 invisum3
1266 1343 1442 1407 itaque
1469 1343 1571 1388 Ae-

67 1446 219 1478 neam
254 1428 473 1491 eiusque
503 1430 748 1489 posteros
776 1416 1019 1467 Troianis
1052 1431 1164 1464 esse
1194 1414 1571 1478 imperaturos:

171 1535 280 1586 Νὖν
314 1533 363 1581 δὲ
403 1529 461 1593 δή
492 1528 695 1577 Αἰνείαο
732 1526 816 1589 βίη
859 1520 1106 1584 Τρώεσσιν
1142 1516 1321 1574 α’νοῖξει,

170 1604 274 1652 Καὶ
313 1605 476 1653 παῖδες
513 1599 725 1656 παίδων,
778 1593 860 1644 τοί
895 1613 972 1642 κεν
1013 1587 1289 1654 μετόπισθε
1326 1587 1573 1650 γένωνται.

186 1808 222 1862 *)
254 1809 409 1846 Liceret
439 1806 544 1842 forte
579 1804 749 1841 certiora
780 1799 943 1848 docere,
982 1798 1014 1834 si
1046 1791 1198 1836 Νόστοι
1227 1795 1501 1844 superessent3
1532 1794 1578 1827 ut

68 1867 296 1914 Antenoris,
328 1865 383 1903 sic
412 1862 566 1900 Aeneae
598 1872 752 1898 errores
781 1859 824 1895 in
854 1857 902 1894 iis
931 1853 1102 1906 expositi
1133 1864 1214 1889 esse
1244 1856 1424 1902 potuere.
1482 1846 1578 1883 Fuit

70 1928 174 1964 sorte
201 1924 241 1962 iu
271 1918 341 1972 iis,
393 1922 459 1971 qui
499 1920 650 1971 primus
690 1918 844 1955 Aeneae
883 1925 1039 1951 errores
1079 1911 1130 1948 ad
1162 1909 1309 1961 Ulyssis
1352 1905 1581 1955 exemplum.

70 1983 302 2029 effinxerat,
348 1991 518 2028 cumque
557 1976 624 2014 hic
655 1974 763 2026 apud
794 1973 933 2010 Circen
965 1968 1222 2017 substitisset,
1271 1965 1422 2003 Aeneas
1453 1963 1502 2000 ab
1533 1974 1578 1998 eo

71 2041 121 2078 ad
153 2040 368 2085 ulteriora,
399 2043 439 2073 et
470 2035 520 2072 ad
539 2035 668 2085 ipsum
695 2032 854 2069 Latium
886 2028 963 2066 suit
994 2027 1201 2064 deductus.
1262 2023 1396 2060 Fuisse
1428 2021 1467 2058 in
1490 2032 1579 2070 my·-

72 2098 152 2136 this
194 2096 462 2146 antiquiorem
504 2093 675 2142 aliquam
704 2088 851 2126 horum
882 2087 1064 2124 locorum
1096 2083 1297 2127 notitiam,
1340 2079 1498 2128 colligas
1530 2089 1580 2112 ex

74 2154 233 2192 Hesiodi
276 2152 422 2201 Theog.
473 2151 580 2190 1013
625 2147 693 2185 ubi
737 2146 849 2183 Circe
899 2157 950 2181 ex
997 2141 1135 2193 Ulysse
1186 2138 1381 2192 peperisse
1432 2135 1581 2173 dicitur

62 2210 237 2264 ’Ἄγριον
266 2206 339 2262 η’δὲ
372 2212 553 2249 Λατῖνον
584 2201 774 2257 ἅμύμονά
804 2217 846 2242 τε
876 2197 1070 2253 κρατερόν
1101 2213 1162 2245 τε,
1204 2197 1255 2236 Οἳ
1292 2192 1343 2246 δή
1384 2209 1445 2233 τοι
1476 2188 1581 2241 μάλα

74 2272 165 2320 τῆλε
188 2270 297 2322 μυχῷ
322 2263 460 2317 νήσων
492 2258 639 2315 ἱεράων
666 2264 802 2301 Πᾶσιν
829 2258 1098 2311 Τυῤῥηνοῐσιν
1130 2250 1421 2307 ἀγακλειτοῖσιν
1452 2247 1581 2289 ἄνασ-

76 2339 163 2367 σον.
224 2325 374 2362 Habuit
405 2322 504 2359 adeo
534 2325 670 2372 poeta,
711 2318 779 2369 qui
808 2316 908 2353 haec
938 2314 1112 2365 scripsit,
1154 2311 1357 2349 notionem
1389 2309 1582 2345 Etrusco-

76 2397 187 2430 rum,
229 2388 268 2419 at
298 2380 414 2419 valde
446 2379 678 2424 obscuram,
723 2377 866 2425 longe,
918 2374 959 2410 in
992 2372 1214 2408 insularum
1245 2381 1417 2414 recessu,
1461 2365 1500 2403 h.
1541 2363 1582 2401 in

76 2441 214 2478 insulis
245 2453 309 2477 cos
339 2438 526 2475 collocat:
558 2447 693 2472 errore
725 2434 829 2470 sorte
861 2431 908 2468 ab
941 2429 1069 2467 insula
1101 2428 1232 2466 Circes
1262 2430 1369 2463 nato.

191 2520 248 2572 ‘*)
283 2519 385 2570 [vid.
416 2517 467 2555 ad
497 2515 735 2568 Apollodor.
762 2526 848 2565 pag.
878 2509 992 2561 911]

192 2598 269 2652 *⁴¹*)
302 2597 533 2635 Translatus
570 2595 633 2632 ille
661 2608 707 2631 ac
736 2592 930 2645 repetitus
960 2591 1000 2627 in
1031 2587 1084 2625 H.
1119 2585 1160 2623 in
1183 2585 1326 2622 Vener.
1362 2585 1453 2623 197.
1490 2582 1583 2626 198,

81 2665 126 2695 ut
164 2671 236 2708 pro
277 2655 544 2706 praedictione
584 2652 747 2690 Veneris
797 2650 847 2686 ad
878 2646 1078 2686 Anchisen
1122 2644 1225 2681 sacta
1266 2646 1386 2678 esset:
1429 2638 1584 2689 copiose

82 2721 247 2751 ornatus
279 2727 299 2749 a
331 2713 485 2759 Quinto
518 2714 735 2761 Smyrnaeo
777 2707 890 2752 XIII,
934 2707 1016 2745 300
1048 2715 1103 2751 sq.
1135 2702 1237 2751 inps.
1270 2702 1352 2739 336
1384 2711 1452 2746 ⁵q-‚
1496 2701 1533 2731 vt
1564 2707 1585 2731 a

84 2771 241 2820 Virgilio
276 2770 474 2820 praeclare
506 2769 543 2804 in
575 2766 780 2804 oraculum
804 2761 962 2813 Delphis
994 2760 1146 2798 Aeneae
1178 2757 1319 2794 datum
1351 2767 1584 2791 conversus:

86 2829 302 2877 Antiquam
335 2827 526 2877 exquirite
557 2833 733 2861 ηιαίιγήι.
800 2824 878 2858 llic
908 2821 1048 2856 ‹loma-s·
1090 2817 1245 2852 Aeneae
1273 2815 1424 2850 ‹vnn-lis
1455 2812 1584 2847 ‹lonni-

87 2883 244 2920 naham·
273 2885 351 2919 oris
382 2885 435 2920 Et
465 2883 553 2919 nati
587 2890 770 2918 natorum
798 2887 832 2915 et
860 2876 928 2929 qni
956 2882 1167 2912 luascenlm·
1194 2872 1245 2908 (tl)
1276 2872 1357 2907 illis
1379 2868 1440 2913 III,
1473 2870 1579 2907 96-

86 2936 152 2979 98.
212 2940 251 2976 ΕΙ
288 2939 379 2977 hine
408 2952 544 2977 versus
578 2938 633 2975 illi
664 2934 894 2990 pulcerrimi
925 2933 991 2971 lib.
1022 2931 1092 2979 IX,
1123 2927 1364 2970 446—449
1398 2923 1582 2975 expres-⁸¹⁴-
