1779 3420
94 193 196 240 206
421 188 473 236 P.
521 185 883 238 VIRGILII
924 184 1300 235 MARONIS

95 318 252 365 Hunc
277 314 479 363 laetum
501 313 779 378 Tyriisque
805 312 950 362 diem
976 313 1248 378 Troiaque
1269 307 1534 377 profectis

94 388 223 436 Esse
244 384 388 447 velis,
429 392 752 451 nostrosque
775 382 932 432 huius
958 383 1268 432 meminisse
1292 380 1549 430 minores.

96 455 250 506 Adsit
282 455 512 504 laetitiae
537 452 776 502 Bacchus
800 452 969 510 dator,
1009 461 1062 501 et
1081 453 1225 501 bona
1251 454 1408 500 Iuno.

96 528 165 576 Et
187 543 297 588 VOS,
336 542 385 586 o,
428 532 662 585 coetum,
703 523 862 587 Tyrii,
902 521 1172 571 celebrate
1205 521 1461 570 faventes

98 596 252 658 Dixit,
294 604 346 644 et
364 595 418 643 in
442 609 689 642 mensam
717 592 934 641 laticum
962 591 1143 640 libavit
1161 591 1452 654 honorem,

99 667 405 732 Primaque,
444 662 627 724 libato,
663 678 881 711 summo
908 671 1066 711 tenus
1092 661 1275 725 adtigit
1300 678 1423 722 ore3

1531 523 1632 571 735

196 783 265 818 733
291 795 360 828 que
383 781 485 813 abest
509 781 648 823 Menag.
675 779 787 812 alteri.
886 778 956 815 734
979 782 1070 812 Ante
1088 778 1241 811 Pierium
1266 777 1371 822 vulgo
1397 776 1539 819 lectum,
1565 776 1636 809 cul-

46 831 53 835 ”
102 832 164 864 sis.
214 830 283 863 Sed
311 840 430 861 omnes
456 828 529 860 eius
555 827 637 859 libri
664 828 845 860 habebant
870 827 971 860 adsit
1001 825 1057 859 vel
1085 828 1196 859 assit:
1241 837 1354 870 neque
1391 825 1496 857 aliter
1520 825 1636 856 Hein—

103 877 191 911 siani
229 889 305 909 cum
340 875 501 908 Macrob.
535 876 581 906 Ill
618 877 690 907 Sat.
724 873 757 908 4.
793 875 987 907 Comment.
1023 874 1153 918 Cruqu.
1193 874 1237 905 ad
1274 874 1401 905 Horat.
1437 871 1548 914 1‚,0d,
1576 873 1636 911 185

104 932 288 968 utramque
320 923 509 955 lectionem
546 922 708 965 agnoscit
741 922 895 955 Servius.
955 924 1006 954 At
1041 923 1090 954 sit
1130 921 1259 953 Medic.
1367 920 1436 955 735
1467 922 1496 952 Ο
1533 919 1640 963 Tyrii

103 980 246 1006 coetum
271 976 423 1015 quatuor
449 982 504 1013 ap.
532 970 647 1002 Burin.
745 971 815 1004 736
838 970 877 1001 in
904 981 1032 1002 mensa
1056 968 1175 1012 vulgg.
1210 968 1273 1001 sed
1306 969 1344 1001 in
1371 979 1532 1000 mensam
1558 967 1638 998 Ma—

105 1018 230 1060 crobii,
257 1017 542 1063 optimorumque
563 1015 734 1049 librorum
756 1024 791 1049 et
817 1016 1058 1061 exemplorum
1079 1016 1182 1060 copia
1210 1014 1362 1048 firmavit
1386 1021 1469 1060 post
1488 1013 1638 1047 Pierium

104 1066 226 1099 Heius.
278 1064 385 1098 Redit
419 1076 476 1096 res
510 1075 573 1105 eo,
617 1064 714 1108 quod
757 1064 896 1098 doctius
931 1063 1058 1096 dicitur
1092 1063 1182 1104 hoc,
1216 1074 1320 1108 quam
1344 1061 1443 1095 illud.
1478 1060 1640 1094 nonnulli

105 1113 213 1146 etiam
248 1112 341 1158 apud
379 1111 552 1149 Pierium,
592 1118 625 1143 et
660 1112 776 1144 nostri
812 1118 885 1144 tres
911 1110 1089 1151 Gothani,
1124 1112 1357 1151 immensum,
1391 1108 1487 1155 quod
1513 1108 1639 1141 eodem

105 1160 243 1195 alludit.
290 1159 381 1192 adde
415 1159 477 1191 lib.
513 1160 619 1199 Vlll,
654 1160 734 1193 279.
784 1158 1028 1204 Reprehendit
1061 1164 1205 1201 poetam
1230 1157 1388 1190 Macrob.
1414 1156 1569 1197 l.l.111‚
1605 1156 1639 1190 9.

106 1207 201 1253 quod
227 1207 263 1239 in
288 1218 443 1239 mensam
471 1206 510 1238 fit
535 1206 684 1247 libatio,
710 1219 785 1239 cum
812 1208 850 1239 in
877 1219 981 1239 aram
1008 1205 1083 1237 fieri
1109 1205 1270 1237 deberet.
1320 1203 1464 1238 Scilicet
1490 1204 1535 1236 ad
1560 1214 1640 1235 nio-

105 1267 178 1288 rem
208 1255 402 1288 Romanum
438 1253 526 1286 haec
553 1253 680 1297 exigit,
708 1261 745 1285 ut
770 1253 857 1293 ulia,
885 1265 955 1286 non
980 1252 1288 1293 animadvertens,
1312 1258 1454 1296 poetam
1490 1251 1641 1284 reddere

106 1302 213 1335 vitam
256 1300 435 1334 heroicum
479 1307 515 1332 et
540 1301 728 1334 Homerica
758 1301 981 1334 adumbrare.
1077 1301 1148 1335 737
1172 1299 1306 1333 libatos
1330 1311 1364 1332 n.
1392 1298 1515 1331 latices
1550 1297 1640 1331 coni.

105 1349 228 1383 Heius.
265 1355 301 1381 et
335 1348 396 1381 alii
422 1347 487 1380 viri
522 1348 631 1381 docti.
681 1350 757 1381 Nec
781 1348 1023 1389 infitiandum,
1046 1359 1184 1380 versum
1209 1346 1470 1379 concinniorem
1496 1352 1532 1378 et
1556 1357 1642 1378 sua—

106 1397 240 1430 viorem
272 1396 354 1429 inde
389 1396 496 1428 exire.
565 1395 702 1429 libatos
734 1397 864 1429 latices
899 1396 1025 1441 attigit
1062 1394 1097 1427 h.
1134 1407 1163 1427 e.
1201 1394 1388 1439 poculum,
1432 1393 1525 1426 uude
1562 1405 1643 1438 pars

107 1444 179 1477 vini
215 1444 251 1476 in
276 1456 431 1476 mensum
465 1443 533 1475 iam
569 1450 645 1475 erat
679 1443 799 1477 effusa.
850 1443 1002 1477 libatum
1028 1442 1119 1474 alter
1157 1442 1234 1474 cod.
1263 1441 1644 1485 Hanibu1·g.videlieet

107 1493 294 1525 honorem.
328 1489 498 1534 (libatam
524 1491 681 1533 Wakef„
717 1490 852 1525 libatos
870 1490 1019 1524 Bothius
1044 1489 1190 1534 recepit.
1240 1490 1332 1521 Num
1356 1489 1465 1533 igitur
1490 1487 1644 1521 libatum.

109 1541 236 1573 vinum
260 1550 331 1571 non
357 1538 477 1582 quod
503 1537 651 1570 libatum
685 1545 759 1579 est,
794 1539 857 1571 sed
883 1538 997 1571 unde
1031 1536 1198 1579 libatum,
1231 1537 1359 1570 Latine
1392 1535 1462 1569 dici
1497 1535 1644 1580 putabi-

108 1599 184 1620 mus
193 1586 209 1619 ἶ)

259 1586 373 1626 Vide,
411 1585 440 1618 si
472 1584 563 1617 tanti
599 1592 672 1627 est,
711 1586 756 1619 de
790 1599 851 1619 usu
885 1584 1066 1629 participii
1100 1584 1256 1617 absoluti
1283 1584 1446 1617 liuddim.
1471 1585 1556 1616 lust.
1584 1584 1644 1616 Gr.

110 1634 193 1668 Vol.
219 1635 261 1666 11.
287 1646 321 1678 p.
346 1634 428 1667 297.
466 1633 522 1665 ed.
551 1632 646 1678 Lips.
679 1633 774 1678 lVr.)
833 1646 940 1667 sacro
965 1641 1075 1666 tenus
1098 1635 1219 1677 Sprot.
1267 1644 1348 1665 cum
1372 1631 1516 1664 Bz'tlziae
1531 1631 1644 1663 Ham-

111 1682 212 1726 burg.
239 1693 294 1725 pr.
342 1682 488 1722 Ba'ciae,
513 1682 650 1725 Ilyciae
672 1680 715 1714 al.

112 1763 297 1803 bandum
327 1763 379 1801 ad
410 1764 546 1802 Iovem
579 1763 738 1813 ξένιον,
770 1763 848 1803 ho-

113 1823 321 1875 spitalem,
357 1823 496 1861 sactae.
546 1823 770 1874 lwspililms
813 1833 849 1861 te

113 1883 211 1919 (lare
238 1883 354 1931 iura,
388 1894 583 1933 praeesse,
616 1881 690 1920 sub
723 1883 849 1919 tutela

115 1953 181 1978 eos
202 1938 374 1990 habere,
408 1938 506 1993 (non
533 1940 648 1979 aliter
666 1955 761 1979 usus
786 1941 849 1978 lo-

115 1998 266 2050 quendi
287 1998 378 2048 sert,
411 2013 504 2036 nam
528 2000 624 2036 clare
641 2001 731 2036 iura
752 2000 850 2037 sini—

115 2057 276 2109 pliciter
297 2063 369 2106 est,
400 2057 612 2109 imperare.
673 2058 854 2097 Dicerem

115 2128 212 2165 esse,
235 2117 307 2168 qni
333 2115 555 2167 hospitibus
580 2117 721 2154 illatas
742 2119 853 2154 inin-

116 2176 200 2212 νίας
219 2175 422 2211 ulcisceris
434 2188 451 2221 ;
481 2174 565 2223 sed,
598 2189 648 2212 an
669 2176 764 2212 clare
786 2177 854 2213 iu—

116 2248 163 2270 ra
194 2246 268 2284 pro
297 2232 436 2270 ulcisci
469 2233 641 2282 dicatur,
674 2232 852 2288 dubito).

118 2292 318 2342 Expressa
361 2298 495 2329 autem
532 2292 599 2330 illa
641 2292 855 2330 Homerica

118 2349 266 2401 Odyss.
285 2365 324 2400 η,
346 2352 426 2391 179
444 2364 530 2402 sqq.
575 2350 690 2389 Adde
710 2351 854 2403 Odyss.

119 2424 155 2456 v,
189 2410 243 2449 50
278 2413 315 2444 et
343 2408 450 2459 plur.
490 2409 539 2447 al.
568 2410 669 2448 loca.
750 2409 857 2449 Illud

120 2480 219 2503 nam
255 2479 435 2504 caussam
474 2467 734 2521 interponens
767 2469 856 2506 Ho-

121 2523 315 2562 mericum
346 2537 427 2562 esse
460 2527 554 2564 satis
590 2532 761 2566 constat.
804 2527 856 2567 cf.

122 2582 279 2621 Ernest.
304 2582 355 2620 ad
375 2582 519 2636 Odyss.
532 2602 572 2638 μ,
590 2589 686 2628 320.
707 2587 857 2623 —mi-
884 2578 886 2580 ¹

120 2656 254 2689 nore-9,
297 2647 486 2693 nepotes,
535 2658 621 2696 sup.
663 2644 761 2686 532.
801 2666 859 2672 —

124 2698 244 2753 (Cum
264 2705 382 2737 nocte
403 2714 467 2738 res
488 2708 639 2753 agatur,
661 2708 858 2754 argutan-

121 2763 191 2796 tur
220 2757 404 2796 nonnulli
435 2759 476 2796 in
506 2761 704 2799 vocabulo
732 2761 854 2810 diem,

122 2816 236 2867 quasi
255 2816 407 2854 dictum
426 2832 500 2869 pro
521 2827 694 2870 tempore
716 2818 859 2857 noctis.

121 2874 323 2926 Loquitur
345 2882 481 2926 aperte
492 2876 594 2915 Dido
615 2884 754 2916 nostro
770 2891 860 2916 mo·-

122 2946 180 2983 re,
212 2938 251 2971 et
277 2932 560 2986 intelligendus
582 2942 642 2974 est
668 2935 764 2984 dies,
796 2935 862 2974 cui

907 1763 1038 1803 noctis
1059 1762 1124 1801 illa
1153 1777 1266 1816 pars,
1303 1775 1382 1813 qua
1417 1767 1645 1811 coenatum,

908 1822 1270 1862 adnumerabatur.
1312 1822 1420 1859 Caes.
1443 1821 1487 1859 B.
1512 1822 1558 1859 G.
1579 1820 1645 1869 IV,

909 1884 995 1923 29:
1030 1882 1188 1918 Eadem
1203 1888 1315 1918 nocte
1335 1880 1501 1928 accidit,
1522 1887 1567 1917 at
1583 1893 1647 1916 es-

910 1948 966 1977 set
1019 1940 1121 1976 luna
1165 1940 1318 1991 plena,
1364 1951 1491 1990 quae
1534 1937 1647 1975 dies

910 2007 1136 2036 marazanos
1186 2006 1322 2036 aes-lus
1363 2011 1566 2035 mammos
1606 2010 1648 2033 m

914 2071 1062 2094 oceano
1083 2056 1239 2108 efficere
1257 2058 1475 2093 consuevit.
1501 2056 1571 2094 W
1566 2052 1646 2107 cll.)

914 2114 1011 2157 734.
1052 2115 1246 2152 Bacchus
1288 2115 1468 2152 laetitiae
1504 2113 1644 2159 (λαῖον,-

915 2175 1142 2211 Germanus
1168 2173 1310 2212 laudat
1338 2175 1463 2226 Δῶρα
1491 2167 1648 2212 Διωνύ-

915 2245 989 2273 σου
1016 2232 1276 2286 πολυγηθέος
1298 2246 1360 2284 ap.
1387 2230 1551 2270 Hesiod.
1573 2230 1648 2281 Op.

915 2297 953 2328 et
975 2291 1018 2329 D.
1044 2291 1140 2333 614.
1172 2291 1276 2329 bona
1298 2293 1425 2339 luno,
1459 2288 1649 2342 propitia,

914 2347 1082 2402 χρηστή,
1101 2346 1257 2403 α’γαθὴ.
1292 2348 1429 2403 (iungo
1442 2348 1547 2386 bona
1570 2347 1648 2385 acl—

915 2410 993 2455 sit,·
1027 2408 1109 2446 Ecl.
1141 2409 1193 2457 V,
1223 2412 1312 2451 65.;
1341 2408 1436 2458 „Sis
1463 2407 1594 2445 bonus
1628 2420 1650 2443 ο

914 2466 1090 2517 felixque
1118 2467 1240 2505 tuis.“
1271 2466 1353 2505 vid.
1387 2466 1443 2504 ibi
1472 2466 1566 2507 Not.
1600 2463 1651 2502 ad

916 2539 975 2564 vs,
998 2528 1066 2568 61.
1105 2525 1224 2578 I‘Vr.)
1265 2525 1485 2563 Invocatur
1515 2529 1651 2562 autem

915 2583 1005 2633 hic,
1037 2588 1086 2621 ut
1113 2584 1293 2636 patrium
1326 2583 1545 2635 Tyriorum
1573 2594 1651 2620 nu-

916 2655 1021 2682 men.
1054 2643 1102 2680 cs.
1123 2656 1211 2694 sup.
1232 2655 1270 2681 v.
1298 2642 1361 2684 15.
1429 2641 1529 2683 735.
1561 2654 1653 2680 coe-

916 2710 1003 2739 tum
1031 2700 1244 2748 celebrate,
1278 2700 1381 2738 bene
1408 2700 1521 2740 Serv.
1551 2712 1654 2736 con-

917 2757 1092 2809 vivium,
1115 2760 1304 2811 favente-s
1336 2757 1531 2796 intersitis
1560 2756 1656 2795 huic

919 2817 1120 2856 convivio.

978 2875 1239 2919 736—740.
1275 2875 1486 2924 Laticum,
1512 2872 1656 2921 laticis,

919 2935 1124 2984 honorem,
1146 2933 1187 2973 h.
1207 2947 1239 2973 e.
1260 2934 1403 2973 vinum
1424 2933 1467 2972 in
1487 2932 1658 2971 deorum

1770 145 1771 153 ⁴
1764 0 1773 138 ⁴-.——-
