1779 3420
125 243 226 291 326

463 239 516 285 P.
556 238 906 287 VIRGILII
945 235 1323 285 MARONIS

129 363 530 430 Consequimur
550 364 748 423 cuncti,
789 371 841 411 et
867 361 1044 411 densis
1070 361 1393 412 incurrimus
1414 366 1586 417 armis,

127 436 224 485 Hic
244 435 484 501 primum
507 452 567 483 ex
590 434 694 483 alto
721 432 931 482 delubri
956 431 1193 482 culmine
1223 433 1341 483 telis

1556 441 1657 488 410

126 510 450 557 Nostrorum
474 505 783 565 obruimur,
823 502 1103 568 oriturque
1129 503 1432 554 miserrima
1466 506 1657 557 caedes

130 579 423 626 Armorum
445 573 578 624 facie
602 583 654 624 et
675 572 951 623 Graiarum
975 590 1161 622 errore
1184 574 1445 627 iubarum.

131 650 273 697 Tum
297 646 463 696 Danai
484 645 688 710 gemitu
718 652 877 709 atque
900 652 1116 709 ereptae
1137 644 1352 709 virginis
1374 645 1448 695 ira

130 716 384 783 Undique
404 715 629 765 conlecti
656 713 940 777 invadunt,
981 715 1271 763 acerrimus
1293 715 1432 778 Aiax,

129 790 195 837 Et
207 786 408 851 gemini
422 783 1050 851 Atridae,Dolopumque
1067 786 1325 834 exercitus
1343 787 1542 837 omnis:
1557 791 1659 840 415

131 857 349 907 Adversi
372 864 532 921 rupto
558 872 656 904 ceu
682 855 961 921 quondam
982 855 1198 905 turbine
1221 855 1366 905 venti

133 925 463 991 Confligunt,
495 925 905 992 Zephyrusque,
934 928 1245 993 Notusque,
1268 935 1320 975 et
1344 925 1513 976 laetus
1534 927 1661 977 Eois

201 1024 315 1073 415.
356 1034 532 1069 omnis,

220 1150 290 1185 409
324 1149 577 1183 concurrimus
618 1148 709 1181 alter
748 1148 874 1180 Hamb.

970 1148 1037 1184 411
1077 1147 1275 1183 obruimur
1313 1157 1526 1182 nostrorum
1555 1148 1661 1182 idem.

130 1198 199 1232 412
223 1198 379 1231 horrore
399 1196 529 1236 Witt.,
568 1201 607 1227 ut
642 1207 718 1240 sup.
746 1196 836 1235 301;
871 1194 965 1229 idem
996 1194 1169 1229 tubarum
1202 1209 1222 1229 a
1249 1208 1293 1229 m.
1324 1208 1397 1241 pr.,
1431 1202 1469 1229 ut
1499 1202 1536 1229 et
1563 1196 1662 1230 alibi.

130 1246 199 1279 414
222 1245 367 1277 vadunt
390 1244 445 1276 ed.
465 1243 577 1283 Ven.,
611 1242 690 1275 vide
713 1254 788 1287 sup.
817 1242 898 1278 359.

130 1291 241 1325 multi.
266 1292 347 1337 (vid.
369 1292 411 1332 Q.
434 1291 476 1324 V.
498 1291 675 1331 XXXVI,
699 1291 754 1325 13.
785 1289 882 1333 lVr.)

994 1243 1064 1279 415
1101 1244 1329 1290 Dolopumve
1362 1242 1485 1288 scripti
1517 1250 1553 1276 et
1581 1244 1661 1277 edd.

989 1291 1060 1326 416
1086 1291 1224 1324 diversi
1250 1303 1385 1337 magno
1417 1291 1579 1324 Macrob.
1601 1293 1663 1333 Vl,

129 1340 163 1379 Ξ,
184 1339 247 1372 sed
272 1339 450 1382 vulgatam
468 1336 561 1370 idem
588 1337 673 1370 alibi
695 1345 729 1370 et
748 1337 866 1370 Lutat.
886 1338 931 1370 ad
949 1338 1101 1371 Statium
1124 1343 1332 1382 agnoscunt.
1367 1350 1398 1370 v.
1425 1338 1539 1370 Burm.
1591 1339 1662 1372 ad—

132 1399 238 1419 verso
261 1388 364 1432 rupti
380 1385 487 1419 Witt.
507 1386 693 1431 quondam
714 1393 824 1430 rupto
844 1397 909 1418 ceu
937 1385 1029 1418 alter
1053 1386 1246 1429 Hamburg.

1343 1383 1413 1420 417
1439 1385 1664 1431 confugiunt

130 1434 239 1466 Goth.
258 1440 342 1465 tert.
361 1446 381 1466 a
400 1445 445 1465 m.
465 1444 555 1465 sec.:
582 1432 674 1464 forte
696 1444 772 1465 cum
795 1431 920 1465 fuisset
950 1431 1173 1479 confug-unt.
1225 1432 1461 1479 Zephyrique
1493 1433 1663 1466 Rottend.

130 1494 199 1514 sec.
249 1489 361 1514 notus
379 1481 469 1513 Eois
490 1492 543 1524 pr.
563 1480 754 1524 Hamburg.

130 1589 261 1627 iverat
279 1588 415 1639 Eurip.
431 1586 625 1625 Androm.
647 1586 742 1628 573.
762 1586 800 1627 4.
825 1587 865 1629 5.

131 1646 232 1698 χειρὶ
250 1643 289 1686 δ’
323 1642 398 1687 οὐκ
415 1645 540 1695 ἔξεστί
561 1661 630 1698 μοι
655 1651 729 1683 etc.
764 1643 864 1698 (vid.

132 1705 178 1743 V.
194 1704 295 1742 had
308 1704 348 1742 h.
361 1718 399 1743 v.
429 1702 542 1757 llsr.)
585 1702 681 1745 409.
715 1704 867 1740 Densis

133 1765 271 1813 armis,
302 1763 366 1800 vel
388 1763 462 1814 ipsi
486 1762 618 1800 densis
641 1761 866 1810 ordinibus,

134 1820 256 1859 denso
287 1821 465 1872 agmine,
504 1820 570 1859 vel
600 1819 794 1858 irruimus
822 1819 866 1857 in

133 1878 311 1917 hostium
348 1879 516 1917 densum
556 1890 710 1929 agmen.
751 1878 798 1915 cf.
827 1891 866 1916 v.

134 1940 230 1979 383.
268 1936 422 1990 3(pri0r
466 1936 681 1989 explicatio
720 1936 867 1974 verior.

141 1997 233 2034 Wr.
247 2018 298 2023 —
316 1996 380 2034 Ad
394 1995 737 2034 constructionem
755 2008 868 2032 coni-

135 2067 232 2105 para
270 2054 366 2092 Aen.
410 2054 480 2104 III,
519 2057 636 2098 222:
680 2055 870 2091 irruimus·

132 2112 248 2159 ferro.
288 2115 400 2159 lVi.)

193 2169 289 2211 410.
321 2169 548 2208 Delubrmn
565 2169 638 2206 int.
651 2168 868 2218 Minervae,

138 2240 187 2264 ex
209 2241 288 2277 quo
318 2227 541 2266 Cassandra
568 2233 656 2265 erat
680 2227 869 2265 abducta.

139 2286 186 2322 cf.
214 2299 251 2323 v.
272 2286 367 2329 425.
428 2286 527 2324 Erat
552 2292 687 2323 autem
704 2285 807 2323 illud
828 2286 869 2323 in

140 2344 335 2394 acropoli,
396 2344 448 2381 ad
487 2343 594 2382 hanc
630 2344 754 2395 igitur
790 2344 870 2382 iam

139 2408 378 2450 pervenerat
396 2402 570 2451 Aeneas,
602 2401 776 2440 mediam
799 2415 870 2454 per

140 2458 281 2495 urbem
302 2474 340 2497 v.
363 2460 456 2501 359.
486 2459 583 2502 412.
605 2460 728 2508 Quod
748 2474 872 2509 arma,

142 2530 243 2566 quae
272 2517 510 2566 induerant,
552 2519 705 2556 Graeca
743 2525 872 2568 erant,

144 2580 183 2611 ct
221 2575 362 2611 cristae
403 2575 588 2613 Graecae.
648 2577 745 2619 413.
789 2578 873 2615 Ge-

144 2634 267 2680 ηιίίιι,
309 2632 348 2670 h.
379 2645 411 2669 e.
457 2633 618 2682 dolore,
658 2644 778 2686 alque
810 2638 873 2673 ira

144 2698 299 2740 ereptae
331 2692 519 2738 virginis,
572 2698 738 2743 propter
774 2695 872 2732 Cas—

144 2747 331 2785 sandi-ain
355 2747 426 2785 sibi
448 2762 469 2784 a
496 2749 675 2787 Coroebo
706 2753 872 2791 ceteris—

145 2818 221 2856 que
243 2813 440 2857 ereptam,
465 2807 660 2844 invadant
681 2809 871 2863 undique,

145 2864 311 2901 ‹olla-li.
368 2864 468 2901 Aiax
490 2870 550 2901 cst
567 2864 672 2901 idem
694 2866 785 2916 ille,
807 2869 875 2919 qui

146 2922 409 2960 Cassandram
438 2921 685 2972 abduxerat,
720 2924 820 2964 Oilei
851 2928 877 2965 s.

149 2980 241 3017 Mox
290 2982 446 3030 gemini
491 2980 660 3017 Atridae
684 3011 692 3028 ‚
746 2984 878 3025 δισσοὶ

923 1582 1123 1639 Ἀτρεῖδαι
1148 1597 1225 1639 ἐρ.
1271 1586 1407 1639 Eurip.

927 1659 964 1683 v.
987 1659 1073 1697 sup.
1094 1645 1141 1694 II,
1161 1649 1199 1687 7.

985 1703 1069 1744 417
1088 1726 1140 1732 ———
1164 1702 1260 1744 419.
1292 1701 1355 1740 Ad
1385 1701 1553 1740 Homeri
1584 1702 1664 1741 du-

927 1768 1039 1799 ctum
1060 1760 1172 1799 Iliad.
1200 1777 1226 1809 ι,
1248 1759 1381 1801 4-7
1412 1767 1452 1798 et
1477 1761 1595 1798 Ennii
1614 1774 1665 1799 ex

927 1819 1068 1858 Annal.
1093 1819 1289 1870 XVILap.
1319 1818 1496 1857 Macrob.
1530 1819 1594 1869 VI,
1624 1822 1664 1869 2,

927 1879 997 1916 sed
1034 1878 1163 1916 multo
1195 1878 1377 1915 ornatius
1409 1884 1449 1915 et
1485 1877 1664 1927 variate3

927 1951 1052 1989 porro
1091 1935 1307 1974 Homerica
1345 1950 1437 1973 cuin
1475 1941 1582 1985 arte,
1621 1935 1664 1973 in

928 1994 1297 2047 comparationibus
1324 1994 1358 2032 ei
1378 1994 1569 2043 sollemni,
1602 1994 1664 2032 ef-

928 2054 1081 2092 fectum
1100 2053 1158 2091 rei
1181 2052 1375 2090 attexuit:
1404 2053 1575 2090 stridant
1591 2053 1664 2090 sil-

928 2126 1005 2150 vae
1025 2118 1100 2150 etc.
1120 2113 1255 2149 Eurus·
1272 2111 1402 2148 laetas·
1422 2112 1522 2148 Eois
1535 2113 1661 2163 equis,

929 2170 982 2208 ad
1018 2176 1208 2208 ornatum
1253 2175 1419 2220 spectat.
1458 2170 1572 2221 equi,
1618 2174 1666 2207 ut

926 2228 1061 2277 ἵπποι,
1084 2227 1297 2266 Homerico
1322 2241 1411 2276 usu,
1433 2241 1507 2278 pro
1528 2240 1663 2265 curru.

928 2287 1032 2338 Bigis
1052 2287 1157 2325 vecti
1175 2285 1288 2324 venti
1318 2285 1428 2337 apud
1460 2291 1599 2337 poetas
1627 2291 1665 2322 et

930 2346 1164 2397 sculptores.
1234 2343 1316 2381 Nec
1361 2342 1554 2395 Ζέφυρον
1595 2343 1665 2383 ἱπ-

930 2400 1139 2443 nazianzum
1171 2402 1309 2453 Eurip.
1346 2401 1547 2439 Phoeniss.
1582 2404 1665 2442 220

931 2468 971 2498 et
1022 2463 1180 2498 Earum
1225 2462 1470 2512 equitantem
1505 2460 1666 2497 Siculas·

928 2534 1002 2570 per
1021 2519 1153 2556 mula-s·
1172 2518 1315 2556 Horat.
1331 2518 1383 2555 IV
1400 2518 1531 2556 Carm.
1548 2516 1588 2566 4,
1611 2516 1666 2558 44

932 2577 1048 2614 aliter
1095 2577 1274 2628 accipere
1313 2575 1514 2613 debebant
1546 2589 1667 2626 quani

932 2635 983 2673 de
1023 2648 1147 2673 curru
1188 2634 1370 2672 invectis.
1446 2634 1668 2672 Commune

931 2693 1037 2731 enini
1057 2691 1136 2731 hoc
1156 2692 1340 2730 omnibus
1360 2691 1453 2740 diis,
1478 2691 1668 2742 quoniam

931 2751 1063 2804 prisco
1083 2751 1150 2789 illo
1171 2757 1352 2801 tempore
1366 2780 1375 2797 ,
1407 2763 1486 2799 quo
1507 2750 1669 2800 religio—-

932 2824 997 2848 sae
1018 2809 1092 2847 hae
1118 2809 1302 2846 notiones
1322 2808 1499 2860 primum
1520 2808 1562 2846 in
1590 2808 1667 2846 ho-

934 2869 1089 2907 minum
1126 2867 1279 2905 animos
1309 2872 1535 2916 venerunt,
1570 2866 1669 2918 bigis

936 2926 1043 2965 vecti
1072 2938 1181 2977 reges
1207 2925 1272 2964 vel
1299 2924 1527 2977 quadrigis,
1560 2939 1670 2963 nun-

937 2999 1059 3035 quam
1091 2984 1201 3035 equis
1231 2983 1472 3034 insidentes,
1508 2983 1670 3035 conspi-

1480 1587 1664 1638 Dolopes
