1779 3420
129 193 231 242 444

458 192 511 239 P.
550 190 901 239 VIRGILII
949 188 1323 238 MARONIS

198 319 364 365 Terra
381 314 573 381 procul
592 315 745 363 vastis
774 314 963 363 colitur
981 313 1237 363 Mavortia
1262 313 1475 379 campis,

117 385 361 435 Thraces
383 393 554 447 arant,
591 384 695 433 acri
716 383 990 450 quondam
1015 392 1229 447 regnata
1251 386 1518 447 Lycurgo3

125 455 430 522 Hospitium
455 454 732 520 antiquum
756 453 974 517 Troiae,
1012 453 1248 519 sociique
1268 455 1510 515 Penates,

717 525 888 571 Feror
906 522 1037 586 huc,
1078 531 1130 571 et
1153 522 1310 571 litore
1336 538 1498 571 curvo

110 528 269 575 'Dum
293 523 507 573 fortuna
531 522 646 573 suit.

1580 457 1640 505 15

125 595 340 644 Moenia
360 594 529 660 prima
557 592 703 655 1060,
741 589 861 640 fatis
886 593 1150 655 ingressus
1170 592 1388 656 iniquis;

125 663 510 729 Aeneadasque
531 677 658 711 meo
680 677 884 710 nomen
909 660 977 709 de
997 659 1221 709 nomine
1242 659 1403 724 fingo,

220 801 265 840 14
287 812 395 838 erant
429 815 498 837 sec.
524 803 652 836 Moret.
689 808 725 834 et
757 800 884 835 Medic.
918 815 937 836 a
968 814 1013 835 m.
1047 814 1101 847 pr.
1150 801 1332 847 Ligure-0,
1365 801 1565 845 Lygurgo,
1604 805 1640 831 et

125 854 293 897 Ligurgo
312 850 442 896 passim
458 850 493 882 in
516 849 618 882 codd.
634 848 811 881 scribitur.
860 848 924 892 (sic
943 853 1064 882 Arcus
1087 859 1153 892 pro
1172 852 1302 893 Argus
1322 846 1449 879 Medic.
1471 847 1545 885 Vll,
1558 847 1640 880 791.

122 898 192 930 vid.
214 899 310 930 Cort.
332 898 377 930 ad
396 898 482 930 Luc.
504 898 528 937 Ι,
555 896 635 930 575.
660 895 925 929 Drakenborch.
945 896 990 928 ad
1003 895 1078 929 Liv.
1100 896 1158 934 Vl,
1176 896 1235 936 25,
1254 895 1287 929 6.
1310 894 1408 937 Wr.)

121 944 222 977 Leid.
244 956 300 976 un.
349 952 386 976 et
403 945 442 977 in
468 944 576 976 litore
595 943 719 975 Franc.
767 955 895 983 corvo,
920 955 1048 983 curro,
1087 941 1156 974 duo
1178 943 1292 974 Burm.

1490 894 1534 928 16
1554 895 1639 925 Cum

1379 942 1423 976 18
1447 939 1641 973 Aeneades

121 990 250 1024 Medic.
263 1003 283 1023 a
300 1002 344 1023 m.
359 1002 411 1034 pr.
438 989 548 1035 (quod
567 1001 651 1022 cave
673 1001 713 1021 ex
723 989 911 1021 Aeneadis
931 996 1043 1021 ortum
1064 996 1096 1021 et
1119 988 1169 1021 sic
1189 987 1375 1032 legendum
1395 993 1520 1032 putes;
1546 986 1638 1019 iufra

121 1039 219 1073 693.:
251 1048 446 1080 „nomen
481 1036 600 1069 dixere
625 1036 762 1080 priores
788 1035 1082 1079 Ortygiam.“

1143 1035 1245 1079 Apud
1272 1034 1386 1067 Tacit.
1418 1033 1506 1066 Hist.
1534 1035 1577 1074 V,
1603 1035 1638 1068 2.

121 1085 219 1128 lege:
261 1083 455 1128 „Solymos
483 1103 526 1107 -κ
558 1083 797 1115 conditam
842 1082 998 1114 urbem
1038 1081 1379 1125 Hierosolyma
1423 1092 1583 1113 nomen
1620 1092 1639 1112 e

121 1143 197 1164 suo
223 1131 266 1163 fe
278 1131 371 1164 ciss
386 1133 440 1163 e.“
467 1131 510 1163 cf.
533 1130 597 1162 Ge.
615 1131 640 1171 Ι,
668 1130 745 1165 137.
768 1129 886 1174 ibique
908 1130 993 1162 Not.
1023 1129 1118 1172 er.)
1167 1136 1297 1175 gentes
1330 1128 1375 1160 de
1405 1140 1440 1161 n.
1465 1126 1636 1160 Montalb.

121 1189 186 1223 pro
207 1190 277 1211 var.
298 1177 379 1211 lect.
398 1189 430 1210 v.
449 1177 494 1210 ad
515 1178 560 1209 111
578 1177 708 1221 Georg.
732 1177 809 1211 122.
856 1177 920 1209 Est
940 1172 1144 1219 ἐπώνυμος.
1194 1183 1346 1208 cunctos
1362 1181 1445 1208 tert.
1467 1173 1635 1207 Rotteud.

119 1314 161 1345 et
179 1315 376 1360 perpetuo
397 1322 473 1361 pro
498 1308 639 1346 iisdem
669 1307 847 1345 habean-

119 1373 201 1415 tur,
233 1372 271 1403 et
309 1367 440 1405 nullos
473 1367 570 1404 alios
597 1366 751 1404 Aeneas
784 1379 849 1403 se-

120 1437 213 1461 cum
225 1424 345 1462 Troia
362 1424 569 1463 abstulisse
590 1429 847 1462 memoretur.

119 1482 367 1534 Explicative
407 1483 528 1534 igitur
558 1482 730 1520 alterum
770 1481 847 1519 ad-

116 1539 283 1578 iectum:
323 1554 414 1579 cum
449 1540 700 1589 Penatibus,
754 1553 842 1577 ma-

114 1600 210 1649 gnis
226 1599 305 1636 dtis
316 1614 332 1646 ,·
366 1604 437 1636 aut
455 1613 547 1636 cum
563 1599 727 1649 magnis
745 1598 840 1645 (liis,

117 1655 185 1706 qui
205 1658 329 1693 nostri
346 1658 524 1694 Penates
547 1662 665 1694 sunt:
707 1661 754 1693 ut
775 1655 842 1693 inf.

116 1727 155 1751 v.
188 1712 268 1754 148
299 1714 477 1765 Effigies
509 1728 648 1751 sacrae
689 1713 842 1761 divum,

118 1770 371 1823 Phrygiique
397 1772 569 1809 Penates.
629 1771 713 1809 Nisi
742 1770 843 1808 sim-

115 1828 374 1880 plicissimum
395 1835 455 1867 est
474 1829 650 1881 accipere
673 1829 840 1876 dictum,

116 1894 152 1923 et
180 1901 272 1923 eum
305 1888 468 1938 magnis
490 1887 569 1925 diis
603 1885 837 1924 Penatibus.

114 1943 214 1981 Nam
243 1945 304 1982 clii
327 1947 499 1983 Penates
515 1944 670 1997 vulgari
687 1956 846 1995 quoque

115 2015 296 2040 sermone
334 2002 431 2041 dicti
460 2008 564 2041 sunt.
628 2000 753 2055 (Haec
783 2007 844 2040 est

115 2059 290 2098 deterior
326 2061 453 2112 ratio,
496 2074 570 2099 nee
598 2060 688 2099 talis
713 2059 843 2097 ambi-

112 2118 243 2170 guitas
264 2119 304 2156 in
327 2119 434 2157 bono
462 2125 580 2171 poeta
609 2119 742 2156 locum
764 2117 841 2156 ha-

112 2176 190 2214 bet.
234 2176 345 2230 PVr.)
390 2178 437 2216 cs.
467 2178 566 2215 Exc.
595 2176 665 2215 IX.
696 2190 758 2228 pr.
790 2176 843 2214 ad

113 2234 178 2272 lib.
201 2234 245 2273 ΙΙ.

173 2296 223 2334 13
236 2315 292 2321 --
307 2295 370 2334 18.
417 2293 596 2331 Primum
626 2291 839 2330 Thraciam

112 2350 297 2388 universe
333 2350 532 2402 designat,
582 2353 701 2388 Terra
730 2352 838 2388 Ma-

112 2409 239 2445 vortia
279 2405 416 2459 (nam,
468 2408 679 2446 Thraciam
715 2407 837 2446 Marti

111 2465 242 2503 sedem
284 2466 407 2503 tribui
444 2466 522 2503 iam
565 2466 613 2504 ab
645 2466 835 2514 Homero,

110 2529 252 2561 notum
275 2528 354 2571 est,
385 2529 425 2560 et
447 2524 496 2561 cs.
521 2524 591 2561 ins.
612 2524 698 2576 35).
758 2538 835 2560 ra-

109 2583 181 2619 stis
224 2582 382 2630 eampis
414 2606 463 2610 ——
503 2581 677 2618 'l‘lzraces
715 2589 836 2617 arant

111 2637 267 2692 (natum
290 2638 395 2675 sorte
421 2651 468 2675 ex·
489 2638 626 2690 primis
646 2637 832 2676 Hecubae

110 2696 345 2749 Euripideae
383 2709 503 2733 verss.
540 2698 578 2735 8.
613 2698 667 2745 9).
728 2698 828 2743 acri,

107 2767 224 2793 saevo
252 2753 308 2806 (v.
328 2753 400 2791 h.l
435 2752 665 2806 Guellium),
705 2768 834 2804 ‹laon-

107 2815 203 2851 clam
235 2819 406 2861 regnata
438 2813 627 2862 Lycurgo
653 2824 674 2847 e
694 2811 835 2849 sabulis

108 2872 156 2910 de
168 2869 324 2909 Baccho
347 2874 463 2918 noto,
496 2883 533 2907 v.
552 2869 712 2907 Homer.
726 2870 835 2907 Iliad.

109 2933 137 2978 ζ,
168 2932 247 2971 130
270 2941 353 2979 sqq.
371 2936 567 2978 regnata:
600 2928 766 2979 passive,
798 2942 836 2966 v.

906 1307 1039 1346 Davis.
1083 1306 1135 1344 ad
1174 1306 1253 1344 Cic.
1289 1305 1338 1343 de
1366 1305 1439 1343 LL.
1481 1305 1554 1353 111,
1601 1307 1635 1343 1.

905 1365 1003 1403 Mox
1033 1364 1097 1406 15.
1139 1363 1235 1402 dum
1275 1363 1496 1414 hospitium
1525 1363 1635 1400 anti—

905 1437 1030 1475 quam
1070 1423 1214 1460 Troiae
1246 1427 1462 1471 memorat,
1503 1433 1635 1471 regem

906 1480 1109 1519 Thracum
1129 1479 1291 1532 hospitii
1309 1479 1396 1518 iure
1417 1493 1508 1517 cum
1521 1478 1634 1516 Pria-

904 1552 970 1577 mo
992 1538 1178 1576 iunctum
1212 1537 1382 1576 indicat:
1417 1549 1545 1588 neque
1567 1550 1634 1573 so-

903 1599 985 1635 cios
1021 1598 1194 1634 Penates
1232 1596 1365 1645 aliud,
1410 1609 1531 1646 quam
1561 1593 1633 1631 de—

902 1654 1159 1692 clarationem
1203 1653 1285 1691 eius
1341 1652 1505 1705 hospitii
1552 1664 1633 1688 esse

899 1718 1022 1764 puto;
1052 1718 1158 1749 certe
1177 1712 1364 1748 societate
1388 1711 1548 1749 iunctos
1564 1722 1633 1747 re-

899 1783 964 1821 ges
995 1769 1140 1808 innuit.
1201 1769 1323 1807 Docte
1354 1768 1537 1819 quidem,
1568 1767 1632 1805 ni-

902 1828 977 1865 mis
1022 1833 1155 1865 tamen
1194 1826 1398 1864 subtiliter
1438 1827 1630 1877 Pompon.

903 1886 993 1923 Sab.
1026 1885 1077 1923 ad
1100 1899 1352 1923 communem
1374 1883 1575 1922 Thracum
1592 1891 1633 1921 et

901 1942 1106 1994 Phrygum
1126 1943 1316 1994 originem
1336 1943 1474 1981 refert.
1517 1940 1634 1994 (socii

902 2004 1079 2040 Penates
1099 2007 1195 2039 sunt
1223 2001 1335 2038 sedes
1361 2000 1508 2049 sociae,
1539 1998 1579 2037 h.
1598 2012 1629 2036 e.

901 2059 1062 2098 foedere
1108 2072 1199 2097 cum
1236 2058 1421 2097 Troianis
1458 2058 1628 2096 iunctae.

901 2117 985 2156 vid.
1028 2117 1077 2154 de
1112 2116 1335 2155 Thracibus
1363 2117 1629 2154 Troianorum

901 2175 1017 2213 sociis
1035 2175 1154 2214 Hom.
1175 2174 1283 2213 lhad.
1308 2177 1356 2227 β,
1387 2174 1626 2216 844-851.

903 2232 1048 2286 I‘Vclz.)
1077 2233 1221 2284 Regem
1235 2232 1439 2281 Thraciae,
1460 2232 1527 2283 qui
1540 2237 1627 2268 tum

899 2298 997 2341 erat,
1035 2291 1243 2341 sequentia
1276 2305 1315 2330 v.
1344 2291 1398 2333 49
1422 2290 1627 2328 declarant

902 2363 984 2387 esse
1006 2349 1359 2401 Polymnestorem.
1416 2349 1497 2386 Iam
1519 2347 1628 2384 hune

898 2407 1187 2445 Chersonesum
1215 2406 1448 2444 Thracicam
1471 2404 1626 2443 tenuis-

897 2478 936 2502 se
968 2465 1087 2515 vulgo
1126 2470 1335 2502 narratum
1370 2469 1473 2512 erat,
1516 2462 1625 2512 quod

896 2523 1076 2573 inprimis
1125 2522 1326 2572 Euripidis
1383 2521 1625 2559 auctoritate

896 2585 1075 2627 constat,
1117 2579 1158 2616 in
1190 2579 1356 2616 Hecuba
1392 2594 1429 2618 v.
1457 2582 1481 2619 ὃ
1514 2584 1552 2615 et
1574 2578 1623 2619 al.

892 2638 1033 2687 Itaque
1052 2636 1262 2688 Virgilius,
1296 2637 1393 2674 dum
1420 2636 1471 2674 ad
1500 2635 1622 2674 Hebri

892 2695 991 2733 ostia
1018 2695 1158 2733 urbem
1189 2694 1236 2732 ab
1258 2694 1386 2732 Aenea
1419 2694 1623 2732 conditam

893 2753 1167 2800 memorabat,
1199 2753 1335 2790 sabula
1362 2768 1382 2789 a
1404 2753 1536 2791 vicina
1556 2765 1622 2790 re-

893 2811 1006 2862 gione
1034 2810 1158 2862 petita
1181 2812 1451 2849 narrationem
1478 2823 1623 2848 ornare

894 2869 1007 2907 facile
1028 2867 1171 2921 potuit.
1234 2870 1373 2917 Quid?
1406 2868 1515 2920 quod
1541 2869 1621 2906 Po-

895 2926 1150 2979 lymnestoris
1201 2926 1297 2965 ditio
1350 2926 1400 2965 ad
1440 2926 1620 2965 Hebrum
