1779 3420
117 210 220 256 262
397 205 899 256 EXCURSUS
969 208 1141 257 xxv.
1181 208 1389 271 XXVI„

441 388 1018 448 EXCURSUS
1098 391 1327 448 XXV.

213 506 586 565 Implere
657 520 1009 547 amorem
1073 507 1550 564 genitoris.

233 623 263 674 I,
294 626 392 667 716.
424 625 479 662 Ec
498 636 699 674 magnum
707 621 823 674 falsi
848 622 1021 672 inplevit
1035 624 1230 674 genitori-s·
1252 637 1446 662 amorem.
1492 622 1648 663 Videa-

116 695 205 720 mus
226 682 363 735 paullo
392 682 620 720 accuratius
656 680 706 718 de
738 679 778 718 h.
812 680 852 729 l.,
892 680 934 718 in
964 694 1046 732 quo
1078 680 1177 718 miln'
1203 680 1523 719 dissentiendum
1548 688 1609 719 est
1629 695 1652 719 a

117 740 280 779 doctiss.
303 741 539 793 interprete.
600 738 723 788 Nam,
754 751 857 789 quae
887 738 1020 790 prima
1046 738 1212 791 legentis
1241 739 1475 791 cogitationi
1505 753 1652 778 occur-

115 805 202 849 rat,
242 799 445 838 sententia
475 809 559 835 esse
591 797 760 836 videtur
790 796 912 846 haec,
944 803 992 835 ut
1029 796 1225 835 Ascanius
1252 798 1376 836 salsus
1406 797 1652 836 desiderium

115 857 264 910 patris,
308 871 330 895 a
361 870 442 909 quo
473 856 695 894 absentiam
722 855 796 894 filii
833 855 1091 907 impatienter
1121 857 1277 894 ferente
1306 856 1518 895 arcessitus
1550 862 1650 905 erat,

115 915 256 968 primis
284 915 538 968 amplexibus
558 920 599 952 et
625 914 770 952 osculis
793 915 987 966 expleret.
1049 914 1106 952 lta
1127 929 1327 966 magnum.
1350 927 1527 953 amorem
1548 915 1651 953 bene

116 974 245 1022 dixit,
274 974 469 1025 etficlsas
488 975 649 1024 genitor
676 979 736 1010 est
753 973 909 1022 elusus,
943 972 1159 1025 deceptus,
1190 973 1257 1012 vel
1288 973 1418 1025 simpl.
1441 973 1554 1011 cuius
1575 985 1651 1012 ve-

114 1046 185 1071 rus
218 1032 323 1071 filius
348 1033 473 1070 Amor
503 1045 586 1069 non
616 1036 728 1069 esset.
781 1031 955 1082 [mplere
980 1046 1182 1081 amorem,
1224 1037 1296 1081 ut,
1338 1032 1536 1080 dolorem,
1582 1032 1650 1069 la—

114 1099 247 1139 ctum,
281 1091 382 1129 bene
407 1090 579 1139 dicitur,
610 1091 864 1128 communius
884 1091 1057 1141 explere.
1101 1090 1361 1128 Burmannus
1384 1096 1520 1128 tamen
1545 1090 1650 1128 Cor-

113 1149 281 1197 radum,
329 1149 399 1201 qui
436 1149 492 1186 ita
525 1154 793 1200 exposuerat,
838 1147 1122 1200 reprehendit,
1162 1148 1412 1199 alteramque
1449 1149 1650 1187 rationem

112 1207 327 1260 proponit,
360 1213 406 1246 ut
429 1206 501 1245 sit:
537 1215 678 1258 parles
694 1206 810 1255 filii,
846 1215 1010 1258 palrem
1043 1207 1292 1245 vehementer
1311 1208 1516 1256 amanlis,
1553 1207 1649 1244 bene

113 1267 222 1317 egit;
268 1279 360 1318 erga
384 1271 539 1319 patrem
577 1278 756 1304 amorem
786 1265 965 1303 ostendit
1000 1265 1186 1304 omnibus
1220 1265 1398 1303 numeris
1428 1265 1487 1303 ita
1513 1266 1650 1318 perse-

113 1330 249 1373 ctum,
279 1330 327 1362 ut
347 1324 379 1363 is
415 1324 620 1372 crederet,
661 1335 744 1362 esse
770 1337 914 1362 verum
937 1323 1009 1362 filii
1033 1324 1234 1362 affectum.
1296 1325 1400 1362 Sane
1431 1338 1547 1361 amor
1570 1337 1650 1375 ge-

112 1384 253 1421 nitoris
273 1389 334 1422 est
364 1383 486 1421 etiam
517 1396 631 1420 amor
657 1382 700 1421 111
728 1382 976 1434 genitorem,
1008 1389 1048 1421 ct
1069 1389 1114 1421 ut
1144 1383 1308 1433 impleri
1329 1382 1515 1433 officium
1541 1381 1647 1420 dici-

112 1447 183 1480 tur
197 1473 207 1492 ‚
240 1442 304 1481 cui
331 1441 617 1490 satisfacimus,
663 1441 721 1480 ita
743 1456 860 1479 amor
876 1447 985 1479 recte
1006 1441 1172 1480 videtur
1195 1440 1327 1479 dietus
1346 1441 1519 1492 impleri,
1556 1454 1649 1478 cum

114 1499 272 1539 debitus
294 1514 408 1538 amor
426 1506 670 1553 praestatur.
731 1499 811 1537 Sed
831 1500 1008 1553 primum
1036 1499 1113 1538 toti
1132 1499 1282 1538 rationi
1311 1499 1471 1537 subesse
1495 1498 1649 1549 aliquid

114 1559 246 1597 coacti
276 1573 322 1597 ac
355 1558 448 1596 duri
479 1558 668 1608 videtur3
716 1572 810 1607 nec,
853 1572 1050 1609 quorsum
1078 1572 1257 1609 magnas
1288 1571 1402 1596 amor
1431 1557 1645 1609 pertineat,

114 1616 246 1655 dicere
264 1617 306 1655 in
328 1623 495 1669 promtu
514 1622 594 1666 est3
626 1623 666 1654 et
687 1616 844 1654 Aeneae
865 1617 1108 1655 desiderium
1128 1617 1260 1668 potius
1283 1622 1369 1654 erat
1386 1615 1646 1669 explendum,

113 1675 229 1713 cuius
251 1675 380 1714 omnis
400 1675 444 1713 in
466 1675 637 1713 Ascanio
669 1689 766 1713 cura
796 1675 927 1713 stabat
949 1682 987 1713 et
1009 1676 1165 1713 animus
1190 1674 1396 1713 haerebat.
1457 1675 1646 1712 Ceterum

112 1734 277 1773 Servius
305 1734 441 1772 locum
469 1734 638 1772 obscure
673 1733 988 1786 interpretatur,
1038 1747 1113 1773 nec
1140 1734 1323 1772 Donatus
1355 1733 1420 1772 vel
1448 1733 1644 1785 Pompon.

112 1792 205 1832 Sab.
227 1792 450 1844 quidquam
471 1791 630 1832 iuvant.

437 2091 1010 2151 EXCURSUS
1063 2090 1318 2148 XXVI

380 2209 525 2266 qui.
606 2207 912 2266 qualis.
993 2214 1385 2264 quantas.

230 2324 259 2374 l,
292 2324 551 2367 750—753,
588 2325 732 2363 ssffulta
755 2339 877 2376 super
899 2325 1072 2362 Priamo
1094 2325 1295 2375 rogitans,
1329 2337 1451 2375 super
1469 2323 1644 2360 Hectore

112 2382 268 2429 multa;
303 2383 444 2432 Avunc,
476 2382 621 2435 quibas
644 2384 828 2421 Aurorae
850 2384 1019 2421 venisset
1031 2382 1154 2431 filias
1171 2383 1324 2429 armis;
1357 2383 1500 2430 Nune,
1535 2394 1643 2433 qua-

111 2442 169 2479 les
188 2441 403 2478 Diomedis
422 2443 543 2492 equi,·
579 2442 727 2489 IVusw,
762 2449 938 2493 quantu-s
958 2440 1156 2477 Achilles.
1220 2439 1446 2478 Memnonis
1476 2437 1543 2492 (de
1563 2452 1643 2490 quo

113 2498 197 2537 vid.
228 2499 397 2539 Excurs.
431 2499 530 2536 XIX
558 2513 645 2550 sup.
675 2499 728 2537 ad
757 2497 859 2552 489)
889 2512 1007 2535 arma
1044 2511 1119 2535 nec
1151 2498 1261 2550 apud
1292 2498 1537 2546 Pindarum,
1570 2510 1645 2534 nec

113 2556 225 2609 apud
243 2557 390 2608 Dictyn
420 2563 461 2594 et
480 2556 681 2604 Quintum
703 2556 925 2608 quidquam
950 2555 1102 2593 habent
1130 2557 1351 2608 praecipui.
1411 2555 1534 2607 Apud
1557 2554 1644 2592 He—

113 2615 272 2654 siodum
302 2613 452 2666 Theog.
481 2614 565 2656 984
599 2614 791 2652 Memnon
811 2611 1158 2667 χαλκοκορυστής,
1204 2615 1273 2652 sed
1297 2614 1377 2652 hoc
1409 2613 1643 2665 simpliciter

112 2682 307 2722 armatus,
338 2679 383 2712 ut
398 2672 545 2725 passim
567 2672 632 2710 alii
659 2672 814 2711 heroes.
875 2672 957 2710 Nisi
986 2672 1121 2722 itaque
1144 2679 1263 2725 poeta
1292 2671 1469 2710 fabulam
1497 2685 1643 2723 parum

113 2746 223 2771 nunc
239 2737 380 2770 notam
399 2737 594 2781 sequutus
623 2737 703 2780 cst,
730 2743 803 2768 1100
820 2730 1144 2768 commentitium
1169 2738 1250 2779 est,
1283 2729 1394 2782 quod
1413 2730 1456 2767 in
1477 2729 1642 2767 Servia—

111 2792 174 2828 nis
196 2790 364 2842 legitur,
402 2803 424 2826 a
445 2789 627 2828 Vulcano
648 2790 755 2827 sacta
774 2788 894 2826 fuisse
924 2787 958 2825 ei
980 2802 1110 2838 arma,
1152 2789 1203 2826 ad
1234 2789 1491 2827 barbaricum
1522 2800 1642 2826 exer-

114 2849 215 2887 citus
242 2847 460 2887 Memnonii
497 2853 759 2899 apparatum,
791 2860 813 2883 a
840 2846 1016 2884 Troiano
1050 2860 1162 2884 more
1201 2847 1429 2896 diversum,
1460 2847 1643 2885 reseren-

114 2907 211 2945 dum
238 2914 310 2945 est.
343 2907 394 2944 cf.
423 2906 570 2957 Dictyn
589 2906 656 2954 IV,
690 2904 716 2945 4
743 2910 784 2942 et
810 2905 848 2947 5.
910 2904 1035 2952 Quod
1063 2905 1138 2943 nisi
1166 2906 1341 2957 probare
1365 2905 1503 2954 malis,
1535 2904 1643 2942 acci-

113 2965 259 3017 pienda
287 2965 411 3004 verba
439 2970 535 3003 sunt
564 2962 818 3015 simpliciter,
862 2968 910 3001 ut
938 2962 991 3001 sit
1016 2963 1172 3002 variata
1199 2965 1328 3004 oratio
1357 2977 1433 3016 pro
1466 2962 1643 3014 vulgari:
