1811 3388
396 210 800 260 AENEIDOS
839 212 977 262 LIB.
1007 213 1094 275 IV,
1133 217 1423 268 418—435
1572 228 1666 273 661

162 334 352 385 Aulide
375 335 559 397 iuravi,
600 334 887 385 classemve
918 337 981 385 ad
1003 340 1257 402 Pergama
1281 340 1424 401 misi3

160 407 270 454 Nec
293 404 452 469 patris
479 404 738 454 Anchisae
767 406 1001 455 cinerem
1025 410 1259 458 Manisve
1285 410 1494 462 revelli:

159 475 269 522 Cur
288 490 408 521 mea
432 473 567 521 dicta
590 484 746 540 negat
769 475 925 525 duras
947 476 1228 527 demittere
1251 479 1304 528 in
1329 481 1501 530 auris?

158 544 278 603 Quo
296 543 433 592 ruit?
457 552 753 593 extremum
769 545 873 595 hoc
885 547 1109 596 miserae
1128 547 1218 597 det
1232 566 1429 598 munus
1444 554 1662 604 amanti:

152 613 431 677 Exspectet
446 610 765 680 facilemque
781 612 976 679 sugam,
999 611 1538 684 ventosqueferentis
1562 626 1662 674 430

151 683 273 730 Non
298 682 403 729 iam
428 683 733 746 coniugium
758 687 1050 752 antiquum,
1086 688 1234 753 quod
1255 689 1508 754 prodidit,
1548 708 1660 755 oro,

150 753 260 800 Nec
291 750 476 816 pulcro
513 761 570 800 ut
599 754 748 802 Latio
785 765 968 817 careat,
1006 771 1341 824 regnumque
1373 759 1659 827 relinquat:

153 822 390 886 Tempus
413 822 568 870 inane
591 832 743 888 peto,
783 825 1028 891 requiem
1051 828 1387 894 spatiumque
1406 828 1591 896 furori,

147 893 290 939 Dum
316 907 434 939 mea
463 908 553 940 me
582 892 772 941 victam
796 893 986 943 doceat
1008 894 1223 946 fortuna
1247 898 1448 951 dolere.

146 960 452 1009 Extremam
473 960 609 1010 hanc
640 978 736 1011 oro
760 965 970 1013 veniam
993 966 1269 1028 (miserere
1290 969 1532 1034 sororis);
1555 974 1654 1025 435

239 1076 310 1112 426
333 1077 532 1111 classemve
549 1091 567 1112 e
587 1080 690 1113 codd.
709 1080 819 1113 edidit
839 1081 958 1115 Heins.
983 1082 1099 1127 Vulgo
1127 1096 1205 1130 que.
1239 1085 1321 1129 (vid.
1346 1088 1387 1128 Q.
1408 1088 1453 1121 V.
1479 1088 1654 1131 XXXVI,

144 1124 181 1158 7.
212 1125 307 1165 Wr.)
359 1124 550 1158 classinwe
567 1129 684 1171 Sprot.
708 1134 743 1159 et
763 1128 797 1161 h.
818 1128 840 1160 l.
865 1141 895 1162 v.
916 1129 959 1161 ad
986 1130 1041 1171 ΙΙΙ,
1064 1131 1097 1164 5.
1192 1130 1261 1166 427
1287 1134 1427 1166 revulsi
1446 1134 1515 1167 obl.
1538 1136 1652 1169 Vatic.

145 1170 237 1214 apud
258 1171 426 1211 Pierium3
454 1173 515 1204 sed
537 1173 677 1206 damnat
695 1174 783 1207 hanc
803 1175 948 1207 formam
970 1177 1120 1210 Servius.
1170 1180 1323 1212 cinerem
1345 1180 1464 1213 Heius.
1483 1194 1558 1214 cum
1575 1195 1653 1215 me—

144 1216 311 1258 lioribus5
352 1218 415 1259 (sic
452 1218 551 1251 etiam
583 1222 612 1253 1.
645 1223 676 1254 8.
708 1223 761 1254 11.
794 1223 848 1256 12.
887 1223 983 1266 lVr.)
1020 1223 1124 1267 vulgo
1153 1226 1303 1258 cineres.
1352 1228 1500 1271 (illimes
1524 1229 1651 1263 Medic.

149 1264 244 1306 Wr.)
339 1265 407 1298 4228
431 1274 538 1310 neget
554 1267 680 1299 Medic.
703 1280 720 1299 a
741 1280 783 1299 m.
802 1281 854 1312 pr.
875 1275 910 1300 et
929 1275 1009 1301 tert.
1029 1271 1196 1303 Rottend.
1224 1272 1299 1314 (sed
1325 1285 1379 1318 ap.
1407 1275 1554 1318 Foggin.
1583 1289 1651 1309 ne-

143 1319 209 1355 gat
231 1317 283 1342 est
305 1311 422 1354 prior,
448 1321 557 1357 neget
577 1312 686 1346 altera
707 1314 833 1347 Medic.
857 1315 973 1348 lectio.
1006 1318 1098 1359 lVr.)
1148 1319 1198 1350 lta
1220 1318 1348 1362 legisse
1368 1320 1496 1354 debent
1518 1321 1562 1362 ii,
1591 1323 1650 1366 qui

143 1358 235 1400 apud
253 1358 407 1390 Servium
431 1358 639 1401 iungebant:
664 1361 811 1401 revelli,
837 1374 902 1394 cur
931 1363 982 1405 (ut
1006 1364 1208 1407 propterea)
1239 1378 1318 1397 mea
1349 1367 1447 1399 dicta
1470 1381 1505 1400 n.
1528 1388 1571 1392 -—
1591 1371 1650 1402 di-

142 1406 285 1435 mittere
307 1404 386 1447 alii,
414 1417 453 1436 ex
475 1417 583 1438 more.
631 1408 820 1439 immittere
839 1408 947 1443 wall.
969 1421 1043 1441 cum
1071 1410 1198 1453 glossa.
1250 1413 1441 1445 admittere
1468 1415 1517 1447 ad
1541 1428 1651 1449 aures

141 1450 228 1482 alter
251 1451 371 1483 Hamb.
423 1452 539 1495 (auris
556 1452 693 1496 quidem
717 1454 863 1495 Medic.,
888 1455 949 1487 sed
970 1455 1069 1488 litera
1086 1459 1099 1489 i
1115 1457 1157 1489 ab
1181 1457 1292 1490 aliena
1320 1471 1444 1503 manu,
1474 1467 1511 1493 ut
1540 1463 1649 1495 refert

141 1496 287 1540 Foggin.
301 1523 308 1537 ,
331 1504 462 1530 mutata
483 1499 583 1531 estin
602 1512 630 1532 e.
660 1501 756 1543 Hfr.)
837 1501 905 1536 429
932 1505 1009 1543 Ouo
1030 1505 1142 1535 Struit
1160 1504 1248 1536 alter
1266 1506 1389 1539 Hamb.
1476 1508 1541 1542 431
1562 1509 1647 1542 ,Non

140 1556 206 1588 ego
229 1556 256 1576 c.
276 1555 327 1587 pr.
348 1545 512 1577 Rottend.
536 1558 554 1577 a
574 1558 618 1578 m.
638 1558 706 1579 sec.
733 1548 774 1579 cf.
790 1546 850 1580 inf.
862 1549 905 1589 V,
922 1549 999 1582 194.
1048 1549 1266 1583 connubium
1284 1558 1369 1585 tert.
1391 1554 1556 1587 Rottend.
1576 1556 1646 1589 Erf.

139 1590 237 1634 qnod
266 1591 427 1634 perdidit
457 1594 573 1635 Sprot.
605 1599 639 1625 et
668 1594 809 1636 Puget„
851 1601 889 1626 ut
915 1594 982 1626 iam
1014 1596 1107 1639 apud
1133 1597 1289 1630 Servium
1319 1599 1542 1645 interpretati
1567 1609 1646 1634 sunt

401 1637 470 1673 432
496 1647 561 1670 aut
577 1641 618 1671 L.
640 1639 708 1672 duo
727 1641 840 1673 Burm.
890 1654 1088 1686 regnumve
1112 1643 1202 1676 Gud.
1227 1656 1246 1676 a
1264 1657 1307 1677 m.
1326 1657 1395 1679 sec.
1488 1647 1557 1682 433
1572 1647 1645 1693 stt-

1024 1689 1094 1724 434
1119 1690 1247 1722 dolore
1266 1692 1393 1725 Medic.
1420 1692 1496 1737 (sed
1516 1693 1544 1726 is
1562 1706 1581 1727 a
1600 1707 1643 1728 m.

1480 1740 1547 1776 435
1579 1754 1644 1775 ora

136 1636 307 1669 nonnulli.

137 1685 233 1715 roris
251 1683 499 1717 alter'Mentel.
520 1697 538 1717 a
558 1697 602 1717 m.
625 1697 677 1729 pr.
700 1687 749 1730 (et
772 1689 802 1721 1.
832 1688 928 1728 lVr.)

136 1741 204 1762 sec.
228 1730 363 1763 dolere.
393 1731 488 1774 lVr.)
511 1744 585 1763 cum
605 1732 736 1766 maiore
757 1734 832 1766 fere
853 1734 955 1768 codd.
975 1742 1088 1780 parte.
1137 1736 1229 1770 Male
1259 1744 1387 1772 tamen.

134 1776 260 1809 alicubi
281 1776 352 1822 legi
373 1777 475 1811 video
494 1777 529 1810 in
549 1778 664 1823 vulgg.

133 1884 210 1921 qua
235 1871 285 1909 ad
304 1871 481 1910 infirmas
495 1887 630 1924 preces
645 1874 856 1925 delabitur,

133 1928 235 1966 nihil
265 1930 385 1980 magis
426 1932 661 1970 oratorium.
720 1933 858 1970 Plera-

131 1999 208 2036 que
258 1988 420 2037 argutiis
473 1988 693 2027 infirmavit
738 1990 856 2028 Ovid.

131 2043 256 2094 Epist.
287 2045 409 2081 Didus
449 2059 487 2083 v.
523 2048 602 2088 165
637 2061 715 2097 sq.,
759 2048 856 2085 dum

130 2099 227 2137 haee
251 2102 449 2152 exprimit.

187 2158 282 2199 425.
315 2160 370 2196 Cf.
392 2159 499 2196 Iliad.
521 2160 557 2210 β,
585 2161 667 2200 303
690 2172 746 2209 sq.
789 2161 852 2198 Si-

129 2214 230 2252 milis
253 2215 363 2253 locus
389 2230 474 2267 sup.
508 2217 572 2265 HI,
601 2219 695 2258 602.
755 2216 850 2258 427.

127 2275 295 2309 cinerem
315 2276 514 2310 stlanesve
539 2275 698 2321 revelli,
734 2273 850 2312 docte

126 2342 201 2380 pro
222 2329 336 2379 laesi,
368 2331 531 2368 violavi.
587 2331 752 2381 Proprie
782 2345 849 2369 re-

125 2387 331 2425 velluntur
364 2388 566 2439 sepulcra,
601 2402 691 2425 cum
717 2387 778 2426 his
809 2396 847 2427 et

122 2458 224 2482 urna
246 2445 460 2495 cineraria3
492 2459 582 2483 cum
606 2446 735 2483 cinere
758 2446 847 2484 vio-

120 2501 255 2540 lantur
278 2502 423 2541 Manes.
483 2503 579 2540 Mox
614 2504 721 2540 <licia
750 2511 845 2542 sunt

119 2572 284 2610 preces,
325 2566 372 2598 ut
410 2573 523 2612 saepe
560 2561 680 2598 latius
721 2574 843 2611 genus

120 2630 194 2667 pro
229 2618 474 2669 angustiore:
523 2624 569 2655 ut
599 2619 681 2660 457
712 2632 837 2656 voces.

121 2671 212 2723 (lioc
231 2690 399 2722 munus,
443 2675 548 2712 hane
573 2675 758 2725 gratiam,
793 2683 840 2714 ut

120 2728 250 2781 δωρεά
301 2732 408 2783 apud
459 2733 652 2780 Graecos,
704 2733 844 2772 Aesch.

118 2786 248 2826 Prom.
278 2792 370 2829 (337.
396 2790 536 2827 Bloms.
572 2788 684 2841 lVr.)
744 2792 840 2832 430.

112 2844 283 2893 facilem
309 2846 466 2895 sugam
488 2876 497 2893 ,
541 2847 839 2897 prosectionem,

116 2901 419 2952 navigationem,
444 2917 493 2940 ex
514 2904 721 2942 commoda
734 2910 837 2942 tem—

914 1883 1090 1928 pestate,
1116 1892 1190 1927 qua
1212 1879 1334 1918 facilis
1355 1881 1420 1919 illa
1450 1881 1508 1921 fit.
1542 1898 1641 1921 ven-

915 1943 974 1971 tos
992 1935 1169 1986 serentes
1208 1938 1353 1988 passim
1390 1947 1533 1990 poetae
1563 1955 1638 1993 pro

914 1993 1110 2031 secundis.
1157 1994 1235 2031 Res
1252 2001 1358 2034 nota.
1378 2010 1416 2034 v.
1437 1997 1638 2036 Burman-

916 2063 1032 2098 num,
1070 2064 1187 2100 quem
1215 2052 1393 2101 mireris,
1430 2060 1513 2092 tam
1549 2056 1638 2093 ina-

913 2119 1003 2144 nem
1044 2121 1204 2158 operam
1241 2109 1282 2146 in
1325 2109 1523 2149 Harduini
1569 2127 1636 2151 so-

909 2164 1028 2201 mniis
1052 2165 1277 2203 refellendis
1305 2168 1449 2217 passim
1474 2183 1634 2220 ponere.

909 2220 1007 2262 431.
1048 2222 1136 2259 Non
1175 2223 1253 2260 iam
1285 2224 1477 2275 coniugii,
1523 2227 1634 2265 cuius

908 2291 1015 2328 spem
1038 2285 1077 2316 et
1098 2279 1322 2330 opinionem
1342 2281 1392 2319 ab
1410 2284 1522 2321 initio
1535 2284 1632 2322 mihi

908 2335 1142 2374 ostendebat
1165 2366 1174 2384 ,
1233 2338 1352 2375 fidem
1398 2345 1446 2377 ut
1487 2349 1630 2391 servet,

907 2405 999 2439 oro,
1031 2394 1357 2444 quandoquidem
1379 2396 1486 2434 illam
1498 2399 1629 2450 sefel-

904 2450 953 2485 lit
982 2450 1073 2488 iam.
1136 2450 1350 2503 (prodidit,
1385 2455 1535 2505 perfide
1563 2470 1630 2494 re-

903 2505 1032 2557 liquit.
1058 2507 1207 2561 chlz.)
1250 2510 1436 2549 Graviter
1458 2514 1628 2564 singula!

960 2564 1055 2605 433.
1077 2565 1170 2608 434.
1198 2567 1301 2605 Petit
1320 2574 1476 2620 tempus
1495 2572 1545 2609 ad
1568 2573 1628 2609 le-

898 2620 1088 2659 niendam
1108 2624 1252 2661 amoris
1270 2625 1351 2662 vim
1371 2628 1625 2679 primumque

895 2678 1088 2729 impetum
1109 2681 1394 2733 frangendum,
1415 2684 1542 2724 donec
1560 2687 1625 2724 ille

901 2749 992 2773 cum
1011 2743 1190 2788 tempore
1206 2739 1247 2776 in
1281 2740 1459 2779 dolorem
1492 2744 1622 2781 subsi-

901 2792 993 2843 dat,
1025 2796 1073 2832 cs.
1098 2795 1216 2834 Ovid.
1238 2797 1262 2834 l.
1285 2810 1318 2834 c.
1347 2812 1385 2836 v.
1418 2803 1497 2841 177
1516 2815 1619 2851 sqq:

900 2851 1008 2899 quod
1037 2852 1163 2890 facere
1191 2867 1331 2904 graves
1364 2856 1526 2894 affectus
1552 2872 1617 2894 so—

896 2907 997 2957 lent,
1027 2915 1068 2947 et
1097 2910 1180 2961 ipsa
1207 2923 1321 2950 mora
1358 2912 1543 2951 discimus
1576 2920 1615 2952 et
