1779 3420
91 205 190 251 968
395 200 449 247 P.
488 198 848 249 VIRGILII
895 195 1270 246 MARONIS

92 326 358 377 Mittimur
375 324 612 389 Elysium
626 364 638 388 ‚
680 333 731 374 et
753 324 906 391 pauci
925 323 1061 373 laeta
1087 339 1205 372 arva
1225 331 1499 372 tenemus:

95 456 131 489 in
161 454 281 500 Elysio
312 454 352 487 fit
373 463 433 488 aut
458 454 626 488 inchoata
651 462 734 488 ante
772 453 963 487 animarum
988 452 1154 498 purgatio
1192 451 1229 485 in
1257 452 1379 497 Elysio
1410 449 1627 487 absolvitur;

97 503 191 549 quod
210 502 351 535 omnino
371 514 500 535 novum
522 510 575 535 est
603 509 639 534 et
664 501 834 536 insolens.
883 501 998 542 Nam,
1032 501 1062 532 si
1087 512 1156 532 vs5.
1182 500 1263 534 743.
1291 500 1362 534 744
1391 499 1461 532 iam
1488 504 1631 543 peracta

98 549 309 596 purgatione
330 551 366 583 in
387 549 544 594 Elysium
563 549 689 582 missae
707 553 789 581 sunt
817 546 972 588 animae,
1007 546 1184 590 quomodo
1213 547 1340 579 iterum
1373 559 1405 580 v.
1433 544 1504 581 745
1532 542 1632 589 sequi

97 604 238 640 potest:
265 601 390 630 Donec
418 597 532 642 longa
549 597 627 628 dies
643 603 710 628 etc.
744 595 813 627 hoc
842 600 919 635 est,
952 593 1066 625 donec
1099 600 1273 637 purgatae
1303 592 1458 626 fuerint?
1508 594 1633 636 Itaque

100 645 270 690 suspicari
286 645 370 677 licet
388 656 509 677 versus
529 655 605 676 esse
625 641 880 687 transpositos;
907 646 943 674 et
962 639 1199 672 retrahendos
1221 653 1289 673 VSS.
1317 641 1523 675 745—747
1551 645 1633 673 ante

100 694 192 733 743,
229 697 267 725 ut
293 704 311 724 a
344 691 495 733 Virgilio
525 701 645 722 versus
677 689 746 722 hoc
778 687 903 721 ordine
938 686 1090 732 profecti
1120 686 1206 719 sint:
1243 695 1309 720 aut
1340 687 1511 719 exuritur
1537 686 1633 732 igni:

101 744 227 774 Donec
245 739 360 783 longa
380 738 459 771 dies
479 735 648 783 perfecto
676 736 850 781 temporis
878 733 963 768 orbe
994 737 1208 767 concretam
1234 734 1364 766 exemit
1392 731 1532 775 labem,
1562 745 1636 779 pu-

104 798 256 832 rumque
283 785 430 830 reliquit
452 783 669 818 Aetherium
695 795 842 816 sensum
873 790 985 827 atque
1011 782 1122 814 aurai
1146 781 1320 827 simplicis
1343 781 1475 826 ignem.
1526 780 1637 822 Quis·-

102 846 172 879 que
200 845 287 865 suos
312 833 474 877 patimur
505 832 651 864 Manes.
699 830 1034 874 Transpositionem
1064 840 1204 873 quoque
1239 827 1382 861 admisit
1425 834 1461 860 et
1500 826 1638 868 recepit

103 880 229 914 Editor
251 879 457 912 Parmensis.
501 877 707 920 (Brunckius
736 889 876 922 quoque
910 885 944 909 et
974 875 1133 909 Bothius.
1171 874 1269 918 Jlfr.)
1318 874 1571 907 Difficultatem
1603 873 1639 905 in

105 929 266 961 oratione
285 933 410 969 poetae
431 925 520 958 vidit
540 937 679 970 quoque
700 924 924 957 doctissimus
945 923 1118 963 lortinus3
1144 923 1207 956 sed
1233 923 1289 955 vix
1309 921 1507 967 expediisse
1527 919 1639 954 videri

105 981 225 1020 potest
247 986 326 1017 pag.
345 974 414 1007 266
437 985 515 1016 sqq.
564 974 603 1005 ln
624 973 737 1017 ipsam
756 978 872 1005 autem
891 970 1147 1014 transponendi
1163 969 1335 1003 rationem
1357 969 1524 1002 incidisse
1548 978 1637 1012 quo—

106 1033 173 1066 que
193 1020 387 1064 Trappium
413 1032 503 1052 nunc
525 1019 779 1064 deprehendo3
805 1025 844 1052 ut
862 1026 980 1051 tamen
997 1030 1061 1050 nec
1084 1017 1234 1059 efficiat,
1258 1017 1294 1049 in
1319 1028 1388 1060 quo
1421 1014 1639 1049 conficiendo

109 1069 261 1101 laborat.
311 1067 518 1109 Enffinero,
548 1079 617 1112 quo
635 1066 788 1100 curatius
809 1066 901 1099 hunc
919 1065 1034 1098 locum
1055 1064 1206 1109 inspicio
1220 1090 1229 1106 ‚
1253 1076 1295 1097 eo
1314 1063 1532 1096 manifestius
1555 1060 1642 1094 mihi

107 1117 166 1154 fit,
190 1120 308 1147 versus
330 1127 407 1146 esse
427 1127 487 1146 seu
510 1127 528 1147 a
546 1122 654 1158 poeta
673 1114 828 1147 nondum
848 1113 1023 1157 expolitos
1046 1124 1110 1145 nec
1130 1112 1165 1144 in
1184 1123 1280 1144 suum
1307 1122 1486 1143 numerum
1516 1117 1550 1142 et
1579 1120 1641 1142 or-

107 1163 224 1196 dinem
245 1162 411 1194 redactos
425 1188 433 1202 ,
459 1174 542 1201 seu,
568 1162 662 1206 quod
684 1161 795 1194 multo
815 1162 924 1204 magis
943 1159 1132 1205 probabile
1146 1185 1155 1200 ,
1179 1157 1426 1203 supposititios
1454 1164 1489 1190 et
1509 1168 1527 1189 e
1548 1168 1641 1188 mar-

109 1211 190 1255 gine
210 1209 329 1241 illatos
347 1209 428 1243 743.
445 1209 515 1244 744
541 1210 702 1254 Quisque
721 1220 808 1242 suos
839 1209 1004 1254 patimur
1038 1208 1193 1239 Μαηεεῑ
1228 1206 1360 1239 exinde
1384 1218 1453 1250 per
1486 1203 1645 1249 amplum

110 1258 295 1291 BIt‘ctz'mur
312 1257 480 1298 Elysium
502 1264 538 1288 et
558 1258 673 1302 pauci
693 1257 796 1289 laeta
825 1267 918 1288 arva
946 1263 1120 1287 tenemus.
1170 1254 1261 1286 Nam
1289 1253 1402 1295 primo
1433 1250 1645 1284 sententiam

109 1303 337 1348 interpellant
359 1310 394 1335 et
412 1303 589 1347 iugulant3
615 1310 688 1336 tum
707 1314 846 1336 sensum
866 1302 1032 1335 idoneum
1051 1312 1121 1333 non
1146 1300 1300 1339 habent3
1332 1299 1441 1332 tertio
1472 1310 1492 1331 a
1517 1304 1646 1343 poetae

110 1358 228 1385 niente
248 1358 326 1383 suut
348 1350 473 1383 alieni:
508 1350 538 1383 si
568 1350 636 1383 iam
666 1358 749 1383 ante
779 1356 950 1394 purgatae
977 1355 1093 1389 erant,
1127 1354 1368 1392 purgataeque
1395 1345 1579 1378 mittuntur
1611 1343 1648 1376 iu

111 1399 288 1441 Elysium,
313 1410 478 1442 quorsum
503 1398 539 1430 in
559 1398 627 1430 hoc
647 1397 768 1441 Elysio
797 1404 932 1441 tempus
959 1396 1102 1440 longum
1121 1395 1265 1438 exigunt
1293 1393 1451 1435 animae,
1488 1399 1526 1425 ut
1559 1403 1648 1437 pur-

112 1445 263 1491 gentur?
311 1446 364 1477 De
382 1445 462 1478 loco
485 1445 706 1489 purgationis
724 1445 759 1476 in
778 1443 902 1476 inferis
922 1443 1009 1476 nihil
1034 1449 1139 1487 poeta
1159 1441 1313 1481 monuit;
1339 1452 1405 1473 nec
1427 1447 1544 1472 tamen
1566 1439 1648 1471 inde

113 1495 149 1527 in
177 1492 327 1537 Elysium
341 1519 349 1533 ‚
376 1493 438 1525 sed
460 1492 505 1525 ad
521 1493 661 1525 Lethen
683 1492 815 1525 animas
836 1491 926 1524 mitti
949 1491 1025 1536 ipse
1042 1490 1230 1535 profitetur
1249 1501 1281 1521 v.
1304 1489 1385 1523 748.
1434 1489 1510 1520 Nec
1528 1485 1648 1530 attigit

114 1548 223 1585 poeta
245 1540 393 1573 alterum
416 1539 504 1572 illud
524 1539 820 1584 philosophema,
845 1550 915 1583 quo
945 1536 1149 1582 migrationi
1177 1536 1370 1569 animarum
1400 1534 1476 1567 finis
1506 1534 1650 1567 tandem

114 1590 164 1622 itu
183 1587 360 1628 statuitur,
387 1594 425 1619 ut
445 1599 519 1629 eae,
545 1599 635 1632 quae
657 1593 739 1631 post
758 1586 877 1630 plures
898 1585 1126 1630 migrationes
1149 1591 1184 1616 et
1202 1583 1433 1627 purgationes
1457 1581 1652 1626 perfectam

116 1635 308 1681 puritatem
327 1641 564 1678 consequutae
582 1635 732 1674 suerint,
758 1640 820 1666 aut
842 1633 964 1677 Elysio
992 1639 1052 1665 aut
1073 1632 1224 1675 Olympo
1248 1630 1471 1674 assignentur
1498 1629 1534 1660 in
1566 1639 1651 1671 per-

116 1689 272 1728 petuum.
322 1681 512 1724 Antiquum
528 1689 644 1714 tamen
664 1680 834 1714 emblema
855 1692 932 1713 esse
947 1706 956 1722 ,
980 1678 1125 1713 Ausonii
1144 1684 1296 1711 testatur
1319 1677 1439 1719 locus,
1464 1687 1531 1721 quo
1560 1675 1597 1708 h.
1628 1673 1652 1706 l.

118 1729 322 1764 aemulatur.
373 1728 487 1773 <Nihil
507 1729 681 1773 reliquum
704 1728 772 1761 erit
792 1727 1010 1761 difficultatis
1024 1753 1033 1769 ‚
1058 1725 1087 1759 si
1107 1730 1233 1759 Donec
1256 1737 1306 1758 vs-
1327 1724 1408 1759 745.
1440 1735 1573 1756 mecum
1595 1721 1653 1755 in-

117 1782 335 1821 terpretatus
354 1775 462 1807 fueris
492 1778 576 1808 Cum
603 1776 768 1816 tandem3
807 1775 904 1819 quod
933 1775 1047 1819 ipsum
1080 1776 1166 1805 Cum
1194 1773 1342 1806 tandem
1372 1770 1481 1803 miror
1509 1770 1655 1803 latinum

120 1835 197 1856 esse
218 1822 341 1865 negari
361 1822 403 1855 ab
424 1823 564 1855 Handio
584 1822 737 1855 Tursell.
758 1822 842 1855 Vol.
863 1823 904 1854 II.
925 1835 959 1866 p.
979 1822 1061 1856 295.
1086 1820 1155 1852 vid.
1177 1821 1221 1852 V.
1247 1820 1286 1853 L.
1314 1819 1359 1851 ad
1386 1819 1453 1850 Ge.
1485 1819 1543 1859 ΙΙΙ,
1573 1817 1654 1851 558.

121 1871 237 1904 Possit
255 1871 408 1902 fortasse
428 1869 555 1913 aliquis
574 1869 662 1902 haec
682 1873 809 1902 Donec
836 1869 951 1914 longa
980 1869 1060 1900 dies
1091 1873 1158 1900 cet.
1188 1877 1254 1910 pro
1286 1864 1442 1910 protasi,
1475 1871 1534 1905 et,
1567 1874 1656 1908 quae

121 1924 333 1962 sequuntur,
358 1919 441 1949 Hus
465 1917 581 1950 omnis
601 1922 669 1949 cet.
695 1927 761 1962 pro
780 1916 933 1961 apodosi
960 1915 1142 1959 accipere;
1177 1912 1272 1958 quod
1300 1923 1366 1957 ego
1398 1912 1539 1944 minime
1568 1922 1656 1957 pro-

122 1964 290 1998 baverim.
316 1963 414 2008 er.)

125 2087 207 2111 non
225 2072 389 2124 quidem
415 2072 551 2124 quales
575 2085 685 2110 nune
710 2084 861 2120 sumUS,

127 2132 283 2170 animae
332 2131 493 2183 corpori
537 2130 714 2169 inclusae
732 2160 742 2180 ‚
792 2128 863 2167 sed

128 2190 267 2243 quoad
287 2187 428 2244 (κατά)
457 2204 549 2226 suos
568 2191 737 2241 quisque
755 2190 864 2226 flla-

128 2263 196 2286 nes
219 2263 234 2295 ;
300 2262 376 2299 pro
432 2247 586 2299 vulgari
609 2262 618 2285 :
687 2254 866 2284 nostrum

130 2307 309 2344 omnium
320 2308 473 2344 Manes
478 2307 696 2356 patiuntur
703 2320 717 2352 ;
733 2304 867 2343 omni-

130 2366 206 2403 bus
226 2364 410 2402 Manibus
429 2364 505 2402 ista
537 2363 729 2415 patienda
760 2368 868 2401 sunt.

134 2422 332 2476 (Eandem
370 2423 612 2460 sententiam
650 2422 776 2460 inesse
805 2420 870 2458 his

133 2481 266 2519 verbis
302 2480 445 2519 volunt
476 2481 641 2519 Gesner.
684 2481 724 2517 in
754 2478 870 2517 Thes.

135 2545 176 2586 et
206 2538 316 2576 Iahn.
359 2537 477 2591 lVr.)
549 2539 649 2576 Nam
686 2538 872 2590 purgatio

136 2598 212 2635 ista
232 2596 442 2634 subeunda
462 2603 522 2634 est
543 2596 741 2636 omnibus.
791 2595 875 2634 Soli

138 2655 191 2693 ad
227 2655 377 2692 inferos
422 2655 667 2705 perveniunt
718 2654 877 2703 Manes3

138 2713 182 2752 hi
208 2719 323 2760 sunt,
347 2712 415 2762 qui
434 2718 682 2764 purgantur3
705 2712 774 2762 qui
790 2726 876 2762 pa-

140 2775 312 2819 liuntur,
345 2769 385 2808 h.
413 2783 445 2809 e.
470 2770 666 2818 subeunt,
698 2783 772 2821 pro
805 2783 877 2806 sua

142 2830 337 2880 cuiusque
369 2834 505 2880 parte,
536 2827 794 2880 purgationes
824 2826 870 2863 il-

142 2890 198 2926 las
236 2893 535 2926 tormentorum
565 2885 722 2923 similes.
783 2883 877 2924 Fir-

145 2953 226 2984 niat
258 2959 417 2997 quoque
447 2944 553 2982 hanc
582 2943 804 2993 rationem,
835 2941 879 2980 id

921 2068 1033 2121 quod
1050 2082 1131 2107 non
1153 2068 1366 2116 viderunt,
1396 2066 1466 2118 qui
1487 2064 1659 2104 eundem

921 2128 1056 2167 locum
1072 2127 1266 2176 laudant,
1291 2125 1486 2178 Apuleius
1503 2123 1658 2162 Florid.

922 2187 991 2225 lib.
1014 2186 1060 2233 II,
1081 2200 1168 2238 pag.
1189 2187 1269 2227 231
1297 2184 1408 2222 Colv.
1433 2183 1482 2221 (le
1503 2181 1660 2234 Pytha-

924 2259 1041 2298 gora:
1082 2243 1375 2282 Brachmanae
1407 2250 1542 2279 autem
1563 2241 1661 2291 ple-—

926 2317 1050 2355 raque
1078 2300 1366 2354 philosophiae
1406 2302 1491 2337 eius
1520 2307 1662 2336 contu-

928 2363 1056 2400 leruut
1068 2375 1084 2400 .·
1108 2374 1212 2413 quae
1232 2360 1425 2397 mentium
1444 2358 1663 2395 documen-

930 2428 974 2457 ta
1006 2432 1293 2470 corporumque
1335 2417 1660 2463 exercitamenta,

932 2485 1026 2531 quot
1053 2485 1193 2528 parles
1220 2477 1374 2524 animi,
1427 2481 1521 2526 quot
1560 2474 1666 2512 vices

931 2538 1067 2583 vitc1e5
1111 2547 1214 2586 quae
1254 2533 1328 2571 diis
1374 2532 1559 2570 Manibus
1590 2543 1665 2583 pro

933 2593 1079 2632 merito
1105 2607 1177 2631 suo
1204 2592 1348 2642 cuique
1380 2597 1574 2628 tormenta
1603 2588 1668 2625 vel

927 2654 1134 2703 praemia.
1199 2650 1292 2698 Quo
1334 2649 1424 2686 loco
1476 2646 1578 2684 nihil
1615 2644 1667 2682 ad

932 2723 1018 2748 ren]
1041 2708 1231 2746 disertius
1254 2719 1336 2744 esse
1367 2711 1513 2758 potest.
1562 2706 1669 2742 Ma-

934 2782 1003 2805 nes
1016 2781 1088 2818 pro
1103 2766 1313 2817 supplic-iis
1325 2778 1369 2802 ae
1390 2763 1527 2816 poenis
1549 2762 1668 2813 vulgo

936 2825 1161 2876 accipiunt:
1193 2837 1272 2874 qua
1290 2823 1448 2861 ratione
1471 2826 1542 2859 aut
1572 2833 1671 2858 ana-

932 2883 1057 2933 logia,
1092 2896 1175 2920 non
1195 2881 1339 2931 vide03
1379 2880 1410 2918 si
1448 2879 1513 2919 vel
1535 2877 1669 2916 maxi-

937 2954 1000 2979 nie
1023 2941 1186 2980 dixero:
1218 2939 1354 2978 Manes
1373 2938 1450 2977 dici
1471 2951 1546 2990 pro
1572 2950 1673 2975 con-
