1779 3420
167 287 268 335 368

518 279 572 327 P.
619 274 973 328 VIRGILII
1016 271 1395 323 MARONIS

167 410 311 458 Haec
332 402 470 454 fatus
495 403 630 452 latos
653 402 914 451 humeros
942 398 1289 464 subiectaque
1313 397 1450 448 colla

168 481 333 529 Veste
357 491 520 540 super
540 472 780 538 fulvique
802 473 1071 521 insternor
1098 468 1242 534 pelle
1268 469 1457 531 leonis,

171 545 528 611 Succedoque
556 543 720 593 oneri.

792 545 1018 592 Dextrae
1043 554 1100 587 se
1124 555 1317 604 parvus
1339 538 1484 588 Iulus

167 615 420 683 Inplicuit
436 655 448 677 ‚
487 614 837 680 sequiturque
860 619 1070 677 patrem
1093 625 1207 657 non
1235 609 1475 677 passibus
1500 609 1694 675 aequiS.

144 743 150 749 ,
169 691 321 738 Pone
337 684 478 734 subit
493 684 735 733 coniunx.
771 682 1018 732 Ferimur
1033 695 1131 745 per
1144 695 1308 745 opaca
1321 679 1695 731 locorum.725

170 760 240 808 Et
262 772 378 818 me,
413 770 579 821 quem
606 752 816 802 dudum
835 768 948 800 non
967 749 1075 799 ulla
1096 749 1290 798 iniecta
1312 748 1608 798 movebant

172 826 327 889 Tela,
366 841 546 891 neque
568 822 791 872 adverso
816 820 1097 886 glomerati
1123 835 1184 868 ex
1208 819 1417 884 agmine
1442 819 1598 882 Graii,

170 900 326 947 Nunc
354 910 546 944 omnes
567 901 774 942 terrent
794 908 977 953 aurae,
1016 906 1179 939 sonus
1206 889 1391 939 excitat
1417 889 1608 953 omnis,

175 969 511 1031 Suspensum
529 963 791 1029 etpariter
807 961 1099 1028 comitique
1116 960 1380 1027 onerique
1395 960 1696 1010 timentem.

240 1038 467 1101 Iamque
520 1032 953 1100 propinquabam
997 1031 1193 1097 portis,
1243 1046 1579 1097 omnemque
1621 1030 1699 1078 vi—

964 1101 1132 1151 debar
1594 1105 1625 1150 7
1631 1107 1699 1152 30

175 1174 416 1224 Evasisse
440 1172 601 1223 viam:
639 1171 817 1221 subito
849 1188 1018 1238 quum
1043 1171 1234 1220 creber
1261 1169 1327 1219 ad
1350 1170 1487 1220 auris

241 1272 359 1318 731.
399 1279 567 1315 VICEM

266 1409 335 1444 721
375 1408 457 1442 Hoc
490 1405 626 1440 Zulich.
683 1406 924 1452 proiectaque
957 1405 1056 1439 colla
1088 1405 1223 1450 aliquot
1254 1404 1359 1446 Pier„
1394 1404 1489 1449 quod
1521 1403 1702 1437 arridebat

175 1455 344 1497 Heinsio,
371 1462 411 1488 ut
433 1454 636 1499 porrigeret
659 1456 794 1486 Aeneas
820 1453 990 1487 cervicem
1025 1466 1064 1486 ac
1089 1453 1282 1498 praeberet
1307 1451 1418 1487 oneri.
1466 1451 1538 1485 Sed
1561 1450 1701 1494 longius

174 1503 369 1548 quaesitum
393 1502 475 1535 hoc.
523 1500 704 1534 submissa
729 1500 837 1533 Goth.
864 1507 945 1534 tert.

453 1548 519 1584 725
547 1547 658 1580 Subiit
682 1547 828 1580 Mentel.
853 1554 936 1581 tert.

175 1552 304 1584 Moret.
326 1562 380 1594 pr.

176 1598 271 1630 Cort.
316 1597 367 1641 (et
400 1597 494 1628 Serv.
530 1595 590 1627 Dr.
630 1594 724 1637 Wr.)

175 1645 247 1680 728
272 1656 391 1677 aurae
415 1650 557 1675 terrent
581 1653 650 1674 sec.
675 1642 804 1674 Moret.

177 1691 247 1723 duo
282 1692 399 1723 Burm.
463 1687 630 1721 timebam
669 1688 779 1721 Goth.
813 1694 896 1720 tert.

1018 1501 1086 1535 723
1108 1500 1297 1546 parvulus
1322 1499 1467 1532 Meutel.
1493 1511 1546 1543 pr.
1597 1498 1703 1531 Iulos

973 1560 1040 1593 per
1067 1561 1097 1580 0.
1122 1548 1268 1580 viarum
1289 1559 1375 1579 unus
1395 1546 1546 1590 Guelph.
1568 1545 1604 1578 in
1619 1546 1701 1578 Exc.

830 1593 899 1630 727
943 1596 1109 1627 examine
1141 1594 1209 1626 duo
1236 1595 1351 1627 Burin.
1385 1606 1461 1627 cum
1488 1593 1596 1627 Goth.
1632 1603 1703 1625 sec.

897 1643 966 1676 729
993 1649 1027 1673 et
1054 1641 1154 1673 abest
1180 1641 1326 1673 Dorvill.
1375 1642 1498 1673 comiti
1529 1641 1704 1684 onerique

1001 1688 1071 1722 730
1104 1688 1426 1733 propinquandum
1472 1689 1553 1721 Exc.
1587 1689 1702 1719 Burm.

178 1739 245 1773 731
276 1738 436 1770 evasisse
461 1736 572 1768 *vicem
596 1734 796 1767 Marklandi
833 1735 893 1776 (ad
917 1738 1005 1768 Stat.
1031 1736 1063 1767 V
1090 1734 1174 1767 Silv.
1199 1736 1240 1775 ΙΙ,
1269 1735 1349 1777 152)
1376 1734 1587 1775 coniectura,
1612 1736 1703 1765 Bur-

179 1796 305 1817 manno
330 1782 540 1827 improbata,
576 1782 639 1814 sed
674 1781 774 1814 unice
799 1793 902 1823 vera,
937 1788 974 1814 et
1010 1781 1053 1814 ab
1081 1781 1218 1813 editore
1253 1781 1287 1813 in
1320 1788 1454 1813 textum
1487 1779 1701 1826 recipienda.

179 1832 270 1864 Nam
295 1841 408 1874 neque
438 1840 575 1861 omnem
603 1828 717 1861 adhuc
741 1828 831 1860 viam
860 1836 934 1861 erat
960 1840 1131 1866 emensus,
1156 1840 1220 1860 nec
1246 1828 1290 1860 de
1315 1828 1370 1860 via
1396 1829 1439 1860 ad
1464 1835 1587 1873 portus
1610 1828 1703 1860 facta

179 1877 234 1911 bis
259 1887 453 1910 memorare
473 1875 668 1908 attinebat:
702 1881 739 1907 at
764 1876 832 1908 hoc
858 1882 936 1907 erat
963 1875 1204 1914 memorabile,
1230 1875 1324 1918 quod
1350 1875 1416 1908 iarn
1441 1887 1560 1908 omnes
1585 1876 1704 1908 fortu—

180 1937 245 1958 nae
269 1922 550 1963 vicissitudines,
596 1922 728 1963 onmia,
773 1934 861 1966 quae
885 1923 1069 1961 timuerat,
1116 1922 1266 1954 evasisse
1291 1922 1359 1955 sibi
1383 1922 1587 1962 videbatur3
1613 1921 1703 1955 falso

180 1979 309 2004 tamen.
359 1969 491 2013 Recepi
517 1969 636 2013 itaque
662 1981 737 2001 eam
762 1968 829 2001 hac
854 1969 966 2002 altera
992 1969 1165 2008 editione3
1192 1969 1286 2013 quod
1312 1969 1379 2002 iam
1403 1970 1536 2003 fecerat
1554 1968 1703 2002 Brunck.

182 2019 312 2063 Vulgg.
338 2019 444 2050 viam.
497 2016 664 2060 (Restitui
688 2016 860 2049 librorum
884 2016 1093 2049 lectionem:
1126 2018 1288 2049 evasisse
1316 2019 1428 2050 viam:
1453 2016 1477 2050 i.
1503 2029 1533 2051 e.
1558 2016 1705 2051 videbar

241 2136 495 2177 721—723.
534 2134 727 2173 lustravit
758 2132 913 2173 Aeneas

182 2192 360 2231 humeris
394 2198 569 2241 vestem,
616 2193 796 2244 vestique
824 2193 912 2244 pel-

183 2252 273 2289 lem.
347 2251 683 2301 Superinsternor
721 2257 833 2289 veste
873 2256 914 2289 et

185 2309 288 2361 pelle
310 2307 436 2345 leonis
463 2305 575 2360 (ante
604 2309 742 2347 oculos
771 2308 915 2347 habuit

184 2367 227 2404 Il.
247 2382 283 2414 κ,
314 2368 397 2409 326
419 2379 516 2417 sqq„
546 2366 616 2404 ubi
641 2366 915 2418 Agamemnon

185 2423 304 2462 simili
346 2422 489 2462 habitu
519 2424 743 2477 inducitur)
771 2424 918 2463 hume-

184 2495 253 2520 ros
285 2487 325 2518 et
356 2481 457 2518 colla
486 2482 683 2532 subiecta,
715 2482 754 2520 h.
780 2496 811 2520 e.
832 2483 918 2520 col-

185 2539 289 2586 lum,
342 2538 452 2588 quod
487 2539 676 2588 subiicio,
727 2540 919 2578 submitto

187 2596 297 2634 oneri
320 2595 518 2647 imposito.
562 2598 611 2636 cs.
635 2598 733 2635 Exc.
760 2598 853 2636 XIII
881 2603 921 2634 ct

187 2653 311 2692 XVII.

244 2714 328 2754 726
343 2713 507 2751 -729,
535 2711 722 2749 Suaviter
736 2717 774 2748 et
792 2725 839 2748 ex
860 2713 921 2749 as-

187 2771 314 2808 sectus
327 2768 518 2806 veritate!
542 2770 787 2820 Coniparant
801 2769 920 2820 Apol-

187 2828 268 2865 lon.
306 2825 369 2871 III,
401 2826 497 2867 953.
535 2826 631 2867 954.
673 2825 746 2878 (Dc
778 2827 921 2877 copula

187 2894 225 2923 et
245 2883 327 2923 vid.
353 2885 402 2930 Q.
424 2883 468 2921 V.
495 2884 666 2931 XXXV,
680 2887 717 2932 7,
739 2898 772 2921 a.
800 2882 919 2937 lVr.)

186 2943 404 2994 glomer-ali
427 2956 474 2977 ex
503 2944 669 2990 agmine
703 2939 801 2993 (vid.
834 2955 920 2993 sup.

189 2998 292 3053 414)
322 2998 481 3037 doctior
509 2999 636 3050 rati03
673 2999 856 3050 quamvis
885 3004 923 3037 et

970 2134 1046 2187 ipsi
1063 2134 1105 2172 in
1134 2149 1285 2187 agmen
1312 2135 1551 2187 colligebant
1570 2147 1622 2184 se,
1654 2147 1705 2172 ex

970 2192 1184 2232 hostilibus
1219 2200 1353 2232 tamen
1386 2194 1508 2246 copiis
1545 2192 1706 2232 conflu-

969 2257 1127 2289 xerant.
1190 2250 1338 2305 (Vetat
1374 2250 1705 2291 Wunderlichius

971 2309 1081 2360 iungi
1107 2310 1327 2361 glomerali
1357 2325 1404 2348 ex
1426 2312 1622 2361 agmine3
1666 2314 1706 2346 et

970 2368 1191 2419 glomerati
1228 2382 1310 2405 esse
1340 2367 1366 2407 i.
1398 2382 1434 2418 q.
1465 2370 1603 2414 clensi;
1658 2380 1706 2403 ex

976 2426 1145 2462 adver-so
1173 2428 1339 2476 agmine
1368 2426 1394 2463 i.
1428 2439 1463 2476 q.
1497 2430 1646 2462 stantes
1663 2423 1706 2461 in

978 2483 1060 2519 acie
1081 2484 1264 2521 (alveum.
1325 2483 1403 2520 Sed
1423 2483 1479 2520 ita
1510 2481 1606 2520 mihi
1627 2481 1705 2518 mi—

979 2540 1089 2578 rilice
1118 2541 1304 2591 languore
1331 2541 1495 2579 videtur
1517 2539 1625 2577 istud
1661 2553 1708 2576 ex

977 2600 1142 2646 aguliae
1166 2600 1346 2645 clavem—0,-
1391 2604 1431 2635 ct
1459 2597 1707 2635 constructio

974 2656 1196 2704 glomerari
1222 2671 1289 2704 ex,
1337 2657 1409 2693 etsi
1439 2656 1607 2693 sortasse
1633 2668 1706 2691 ex-

981 2713 1118 2763 emplis
1140 2713 1292 2750 firmari
1312 2727 1393 2751 non
1424 2720 1575 2764 potest,
1608 2712 1708 2750 nihil

981 2776 1114 2806 tamen
1144 2769 1286 2820 habet,
1332 2785 1455 2822 quare
1487 2770 1708 2823 reprehen-

980 2827 1113 2865 datur.
1153 2827 1263 2882 llsr.)

1040 2885 1291 2928 750—734.
1316 2888 1465 2925 Pomis.
1500 2888 1570 2925 Est
1590 2892 1709 2939 porta

981 2942 1029 2979 ab
1048 2942 1163 2980 hoste
1177 2958 1329 2995 aversa,
1351 2945 1400 2983 ad
1416 2945 1527 2983 Idam
1547 2945 1710 2992 ducens,

981 3006 1020 3038 et
1064 3000 1115 3038 ad
1156 3009 1293 3054 partes
1334 3004 1551 3054 australe5‚
1602 3001 1711 3041 unde
