<?xml version="1.0" encoding="UTF-8"?>
<!DOCTYPE html PUBLIC "-//W3C//DTD XHTML 1.0 Transitional//EN"
    "http://www.w3.org/TR/xhtml1/DTD/xhtml1-transitional.dtd">
<html xmlns="http://www.w3.org/1999/xhtml" xml:lang="en" lang="en">
 <head>
  <title>
</title>
<meta http-equiv="Content-Type" content="text/html;charset=utf-8" />
  <meta name='ocr-system' content='tesseract 3.04.00' />
  <meta name='ocr-capabilities' content='ocr_page ocr_carea ocr_par ocr_line ocrx_word'/>
</head>
<body>
  <div class='ocr_page' id='page_1' title='image "./publiusvirgilius02virguoft/publiusvirgilius02virguoft_0059.png"; bbox 0 0 1827 3436; ppageno 0'>
   <div class='ocr_carea' id='block_1_1' title="bbox 400 229 1654 284">
    <p class='ocr_par' dir='ltr' id='par_1_1' title="bbox 400 229 1654 284">
     <span class='ocr_line' id='line_1_1' title="bbox 400 229 1654 284; baseline -0.002 -2"><span class='ocrx_word' id='word_1_1' title='bbox 400 231 933 284; x_wconf 81' lang='lat' dir='ltr'>TRACTATARUM</span> <span class='ocrx_word' id='word_1_2' title='bbox 965 229 1400 281; x_wconf 87' lang='lat' dir='ltr'>INVENTIONE</span> <span class='ocrx_word' id='word_1_3' title='bbox 1599 235 1654 279; x_wconf 81' lang='lat'>51</span> 
     </span>
    </p>
   </div>
   <div class='ocr_carea' id='block_1_2' title="bbox 145 353 1670 2099">
    <p class='ocr_par' dir='ltr' id='par_1_2' title="bbox 145 353 1670 2099">
     <span class='ocr_line' id='line_1_2' title="bbox 149 353 1667 428; baseline -0.007 -16"><span class='ocrx_word' id='word_1_4' title='bbox 149 360 346 428; x_wconf 87' lang='lat' dir='ltr'>aliquid</span> <span class='ocrx_word' id='word_1_5' title='bbox 381 359 634 409; x_wconf 87' lang='lat' dir='ltr'>adiiciunt</span> <span class='ocrx_word' id='word_1_6' title='bbox 664 356 924 422; x_wconf 76' lang='lat' dir='ltr'>Harpyiae</span> <span class='ocrx_word' id='word_1_7' title='bbox 967 354 1035 404; x_wconf 92' lang='lat' dir='ltr'>de</span> <span class='ocrx_word' id='word_1_8' title='bbox 1069 353 1295 402; x_wconf 89' lang='lat' dir='ltr'>comesis</span> <span class='ocrx_word' id='word_1_9' title='bbox 1336 361 1460 418; x_wconf 86' lang='lat' dir='ltr'>post</span> <span class='ocrx_word' id='word_1_10' title='bbox 1486 353 1667 417; x_wconf 79' lang='lat' dir='ltr'>epulas</span> 
     </span>
     <span class='ocr_line' id='line_1_3' title="bbox 149 422 1666 494; baseline -0.006 -14"><span class='ocrx_word' id='word_1_11' title='bbox 149 431 368 491; x_wconf 78' lang='lat' dir='ltr'>mensis,</span> <span class='ocrx_word' id='word_1_12' title='bbox 407 439 682 494; x_wconf 79' lang='lat' dir='ltr'>tamquam</span> <span class='ocrx_word' id='word_1_13' title='bbox 714 424 925 475; x_wconf 87' lang='lat' dir='ltr'>futurae</span> <span class='ocrx_word' id='word_1_14' title='bbox 958 423 1098 474; x_wconf 89' lang='lat' dir='ltr'>sedis</span> <span class='ocrx_word' id='word_1_15' title='bbox 1129 439 1187 472; x_wconf 88' lang='lat' dir='ltr'>ac</span> <span class='ocrx_word' id='word_1_16' title='bbox 1227 422 1469 471; x_wconf 88' lang='lat' dir='ltr'>coloniae</span> <span class='ocrx_word' id='word_1_17' title='bbox 1501 422 1666 485; x_wconf 83' lang='lat' dir='ltr'>signo,</span> 
     </span>
     <span class='ocr_line' id='line_1_4' title="bbox 145 492 1666 564; baseline -0.009 -12"><span class='ocrx_word' id='word_1_18' title='bbox 145 503 235 563; x_wconf 83' lang='grc' dir='ltr'>ΠΙ,</span> <span class='ocrx_word' id='word_1_19' title='bbox 281 503 384 552; x_wconf 81' lang='grc'>254</span> <span class='ocrx_word' id='word_1_20' title='bbox 419 515 532 564; x_wconf 86' lang='lat' dir='ltr'>sqq.</span> <span class='ocrx_word' id='word_1_21' title='bbox 607 495 853 546; x_wconf 80' lang='lat' dir='ltr'>Tandem</span> <span class='ocrx_word' id='word_1_22' title='bbox 893 493 1131 542; x_wconf 79' lang='lat' dir='ltr'>Helenus</span> <span class='ocrx_word' id='word_1_23' title='bbox 1175 492 1227 540; x_wconf 92' lang='lat' dir='ltr'>in</span> <span class='ocrx_word' id='word_1_24' title='bbox 1271 492 1436 557; x_wconf 90' lang='lat' dir='ltr'>Epiro</span> <span class='ocrx_word' id='word_1_25' title='bbox 1476 506 1666 541; x_wconf 90' lang='lat' dir='ltr'>omnes</span> 
     </span>
     <span class='ocr_line' id='line_1_5' title="bbox 149 560 1666 632; baseline -0.007 -13"><span class='ocrx_word' id='word_1_26' title='bbox 149 586 295 619; x_wconf 87' lang='lat' dir='ltr'>casus</span> <span class='ocrx_word' id='word_1_27' title='bbox 334 582 690 632; x_wconf 87' lang='lat' dir='ltr'>errorumque</span> <span class='ocrx_word' id='word_1_28' title='bbox 726 564 977 614; x_wconf 86' lang='lat' dir='ltr'>ordinem</span> <span class='ocrx_word' id='word_1_29' title='bbox 1011 560 1294 611; x_wconf 86' lang='lat' dir='ltr'>manifeste</span> <span class='ocrx_word' id='word_1_30' title='bbox 1320 577 1378 609; x_wconf 90' lang='lat' dir='ltr'>ac</span> <span class='ocrx_word' id='word_1_31' title='bbox 1409 561 1549 610; x_wconf 90' lang='lat' dir='ltr'>clare</span> <span class='ocrx_word' id='word_1_32' title='bbox 1581 577 1666 609; x_wconf 78' lang='lat' dir='ltr'>ex-</span> 
     </span>
     <span class='ocr_line' id='line_1_6' title="bbox 147 629 1668 706; baseline -0.006 -19"><span class='ocrx_word' id='word_1_33' title='bbox 147 640 301 706; x_wconf 84' lang='lat' dir='ltr'>ponit</span> <span class='ocrx_word' id='word_1_34' title='bbox 328 641 427 698; x_wconf 77' lang='lat'>111,</span> <span class='ocrx_word' id='word_1_35' title='bbox 474 642 576 691; x_wconf 83' lang='lat'>374</span> <span class='ocrx_word' id='word_1_36' title='bbox 607 653 736 702; x_wconf 63' lang='lat' dir='ltr'>sqq.q</span> <span class='ocrx_word' id='word_1_37' title='bbox 788 634 947 683; x_wconf 88' lang='lat' dir='ltr'>etiam</span> <span class='ocrx_word' id='word_1_38' title='bbox 989 632 1057 681; x_wconf 92' lang='lat' dir='ltr'>de</span> <span class='ocrx_word' id='word_1_39' title='bbox 1092 648 1187 681; x_wconf 89' lang='lat' dir='ltr'>sue</span> <span class='ocrx_word' id='word_1_40' title='bbox 1220 634 1361 680; x_wconf 88' lang='lat' dir='ltr'>XXX</span> <span class='ocrx_word' id='word_1_41' title='bbox 1398 629 1668 695; x_wconf 81' lang='lat' dir='ltr'>porcellos</span> 
     </span>
     <span class='ocr_line' id='line_1_7' title="bbox 150 698 1668 769; baseline -0.006 -12"><span class='ocrx_word' id='word_1_42' title='bbox 150 710 322 769; x_wconf 73' lang='lat' dir='ltr'>enixa,</span> <span class='ocrx_word' id='word_1_43' title='bbox 366 717 420 765; x_wconf 78' lang='lat' dir='ltr'>et</span> <span class='ocrx_word' id='word_1_44' title='bbox 454 708 522 756; x_wconf 92' lang='lat' dir='ltr'>de</span> <span class='ocrx_word' id='word_1_45' title='bbox 555 706 754 755; x_wconf 84' lang='lat' dir='ltr'>mensis</span> <span class='ocrx_word' id='word_1_46' title='bbox 788 703 1040 764; x_wconf 80' lang='lat' dir='ltr'>comesiS‚</span> <span class='ocrx_word' id='word_1_47' title='bbox 1079 701 1174 750; x_wconf 89' lang='lat' dir='ltr'>alia</span> <span class='ocrx_word' id='word_1_48' title='bbox 1210 718 1237 749; x_wconf 93' lang='lat' dir='ltr'>a</span> <span class='ocrx_word' id='word_1_49' title='bbox 1277 698 1472 763; x_wconf 81' lang='lat' dir='ltr'>Sibylla</span> <span class='ocrx_word' id='word_1_50' title='bbox 1510 715 1668 764; x_wconf 84' lang='lat' dir='ltr'>expe-</span> 
     </span>
     <span class='ocr_line' id='line_1_8' title="bbox 150 769 1668 838; baseline -0.007 -11"><span class='ocrx_word' id='word_1_51' title='bbox 150 778 337 827; x_wconf 89' lang='lat' dir='ltr'>ctanda</span> <span class='ocrx_word' id='word_1_52' title='bbox 385 794 499 826; x_wconf 91' lang='lat' dir='ltr'>esse</span> <span class='ocrx_word' id='word_1_53' title='bbox 532 784 722 825; x_wconf 89' lang='lat' dir='ltr'>monet</span> <span class='ocrx_word' id='word_1_54' title='bbox 761 792 806 824; x_wconf 86' lang='lat' dir='ltr'>v.</span> <span class='ocrx_word' id='word_1_55' title='bbox 838 778 935 825; x_wconf 81' lang='lat'>441</span> <span class='ocrx_word' id='word_1_56' title='bbox 979 788 1094 838; x_wconf 89' lang='lat' dir='ltr'>sqq.</span> <span class='ocrx_word' id='word_1_57' title='bbox 1168 772 1339 835; x_wconf 84' lang='lat' dir='ltr'>Saepe</span> <span class='ocrx_word' id='word_1_58' title='bbox 1373 770 1426 818; x_wconf 93' lang='lat' dir='ltr'>in</span> <span class='ocrx_word' id='word_1_59' title='bbox 1466 769 1668 818; x_wconf 90' lang='lat' dir='ltr'>somnis</span> 
     </span>
     <span class='ocr_line' id='line_1_9' title="bbox 148 842 1667 904; baseline -0.008 -6"><span class='ocrx_word' id='word_1_60' title='bbox 148 848 404 898; x_wconf 88' lang='lat' dir='ltr'>Anchises</span> <span class='ocrx_word' id='word_1_61' title='bbox 441 851 679 897; x_wconf 88' lang='lat' dir='ltr'>Aeneam</span> <span class='ocrx_word' id='word_1_62' title='bbox 712 843 1091 893; x_wconf 85' lang='lat' dir='ltr'>admonuerat:</span> <span class='ocrx_word' id='word_1_63' title='bbox 1137 842 1232 901; x_wconf 85' lang='lat' dir='ltr'>IV,</span> <span class='ocrx_word' id='word_1_64' title='bbox 1270 844 1366 892; x_wconf 83' lang='lat'>351</span> <span class='ocrx_word' id='word_1_65' title='bbox 1402 856 1533 904; x_wconf 62' lang='lat' dir='ltr'>sqq„</span> <span class='ocrx_word' id='word_1_66' title='bbox 1582 854 1667 887; x_wconf 92' lang='lat' dir='ltr'>ea-</span> 
     </span>
     <span class='ocr_line' id='line_1_10' title="bbox 151 907 1669 976; baseline -0.007 -8"><span class='ocrx_word' id='word_1_67' title='bbox 151 918 279 967; x_wconf 89' lang='lat' dir='ltr'>dem</span> <span class='ocrx_word' id='word_1_68' title='bbox 325 917 585 967; x_wconf 86' lang='lat' dir='ltr'>Anchisae</span> <span class='ocrx_word' id='word_1_69' title='bbox 629 915 804 963; x_wconf 90' lang='lat' dir='ltr'>anima</span> <span class='ocrx_word' id='word_1_70' title='bbox 839 914 893 962; x_wconf 89' lang='lat' dir='ltr'>in</span> <span class='ocrx_word' id='word_1_71' title='bbox 933 910 1105 960; x_wconf 91' lang='lat' dir='ltr'>Sicilia</span> <span class='ocrx_word' id='word_1_72' title='bbox 1144 927 1244 976; x_wconf 90' lang='lat' dir='ltr'>per</span> <span class='ocrx_word' id='word_1_73' title='bbox 1276 925 1532 958; x_wconf 90' lang='lat' dir='ltr'>somnum</span> <span class='ocrx_word' id='word_1_74' title='bbox 1573 907 1669 957; x_wconf 75' lang='lat' dir='ltr'>de—</span> 
     </span>
     <span class='ocr_line' id='line_1_11' title="bbox 150 978 1669 1046; baseline -0.007 -10"><span class='ocrx_word' id='word_1_75' title='bbox 150 1004 395 1036; x_wconf 90' lang='lat' dir='ltr'>scensum</span> <span class='ocrx_word' id='word_1_76' title='bbox 446 986 511 1035; x_wconf 92' lang='lat' dir='ltr'>ad</span> <span class='ocrx_word' id='word_1_77' title='bbox 556 983 784 1045; x_wconf 75' lang='lat' dir='ltr'>infer05‚</span> <span class='ocrx_word' id='word_1_78' title='bbox 840 986 912 1046; x_wconf 88' lang='lat' dir='ltr'>V,</span> <span class='ocrx_word' id='word_1_79' title='bbox 960 987 1064 1032; x_wconf 84' lang='lat'>730</span> <span class='ocrx_word' id='word_1_80' title='bbox 1096 996 1226 1046; x_wconf 61' lang='lat' dir='ltr'>sqq„</span> <span class='ocrx_word' id='word_1_81' title='bbox 1285 978 1429 1045; x_wconf 89' lang='lat' dir='ltr'>apud</span> <span class='ocrx_word' id='word_1_82' title='bbox 1474 980 1669 1028; x_wconf 89' lang='lat' dir='ltr'>Cumas</span> 
     </span>
     <span class='ocr_line' id='line_1_12' title="bbox 151 1047 1668 1121; baseline -0.009 -14"><span class='ocrx_word' id='word_1_83' title='bbox 151 1066 330 1106; x_wconf 89' lang='lat' dir='ltr'>autem</span> <span class='ocrx_word' id='word_1_84' title='bbox 368 1055 566 1121; x_wconf 81' lang='lat' dir='ltr'>Sibylla</span> <span class='ocrx_word' id='word_1_85' title='bbox 608 1070 878 1103; x_wconf 89' lang='lat' dir='ltr'>accessum</span> <span class='ocrx_word' id='word_1_86' title='bbox 918 1051 984 1100; x_wconf 90' lang='lat' dir='ltr'>ad</span> <span class='ocrx_word' id='word_1_87' title='bbox 1023 1050 1324 1110; x_wconf 80' lang='lat' dir='ltr'>Lavinium,</span> <span class='ocrx_word' id='word_1_88' title='bbox 1372 1047 1580 1097; x_wconf 88' lang='lat' dir='ltr'>bellum</span> <span class='ocrx_word' id='word_1_89' title='bbox 1615 1056 1668 1095; x_wconf 89' lang='lat' dir='ltr'>et</span> 
     </span>
     <span class='ocr_line' id='line_1_13' title="bbox 148 1116 1668 1188; baseline -0.007 -12"><span class='ocrx_word' id='word_1_90' title='bbox 148 1126 386 1177; x_wconf 88' lang='lat' dir='ltr'>Euandri</span> <span class='ocrx_word' id='word_1_91' title='bbox 425 1126 758 1186; x_wconf 72' lang='lat' dir='ltr'>societatem,</span> <span class='ocrx_word' id='word_1_92' title='bbox 814 1121 1072 1188; x_wconf 87' lang='lat' dir='ltr'>praedicit</span> <span class='ocrx_word' id='word_1_93' title='bbox 1096 1121 1183 1182; x_wconf 84' lang='lat' dir='ltr'>Vl,</span> <span class='ocrx_word' id='word_1_94' title='bbox 1223 1126 1287 1171; x_wconf 83' lang='lat'>83</span> <span class='ocrx_word' id='word_1_95' title='bbox 1318 1134 1432 1184; x_wconf 83' lang='lat' dir='ltr'>sqq.</span> <span class='ocrx_word' id='word_1_96' title='bbox 1512 1116 1668 1166; x_wconf 88' lang='lat' dir='ltr'>Adde</span> 
     </span>
     <span class='ocr_line' id='line_1_14' title="bbox 152 1187 1667 1262; baseline -0.007 -16"><span class='ocrx_word' id='word_1_97' title='bbox 152 1197 232 1245; x_wconf 89' lang='lat' dir='ltr'>his</span> <span class='ocrx_word' id='word_1_98' title='bbox 266 1196 584 1262; x_wconf 85' lang='lat' dir='ltr'>posteritatis</span> <span class='ocrx_word' id='word_1_99' title='bbox 616 1209 901 1242; x_wconf 86' lang='lat' dir='ltr'>recensum</span> <span class='ocrx_word' id='word_1_100' title='bbox 942 1190 1010 1240; x_wconf 92' lang='lat' dir='ltr'>ad</span> <span class='ocrx_word' id='word_1_101' title='bbox 1049 1187 1278 1249; x_wconf 79' lang='lat' dir='ltr'>inferos,</span> <span class='ocrx_word' id='word_1_102' title='bbox 1330 1197 1383 1237; x_wconf 85' lang='lat' dir='ltr'>et</span> <span class='ocrx_word' id='word_1_103' title='bbox 1426 1189 1513 1247; x_wconf 73' lang='lat' dir='ltr'>Vl,</span> <span class='ocrx_word' id='word_1_104' title='bbox 1553 1192 1667 1238; x_wconf 85' lang='lat'><strong>891.</strong></span> 
     </span>
     <span class='ocr_line' id='line_1_15' title="bbox 153 1261 1670 1328; baseline -0.009 -9"><span class='ocrx_word' id='word_1_105' title='bbox 153 1274 257 1320; x_wconf 74' lang='lat'>892</span> <span class='ocrx_word' id='word_1_106' title='bbox 282 1271 414 1315; x_wconf 71' lang='lat' dir='ltr'>Exin</span> <span class='ocrx_word' id='word_1_107' title='bbox 441 1264 742 1328; x_wconf 83' lang='lat' dir='ltr'>(Anchises)</span> <span class='ocrx_word' id='word_1_108' title='bbox 771 1266 900 1311; x_wconf 79' lang='lat' dir='ltr'>bella</span> <span class='ocrx_word' id='word_1_109' title='bbox 931 1265 1039 1311; x_wconf 78' lang='lat' dir='ltr'>viro</span> <span class='ocrx_word' id='word_1_110' title='bbox 1068 1268 1310 1308; x_wconf 82' lang='lat' dir='ltr'>memorat</span> <span class='ocrx_word' id='word_1_111' title='bbox 1342 1277 1467 1322; x_wconf 82' lang='lat' dir='ltr'>quae</span> <span class='ocrx_word' id='word_1_112' title='bbox 1489 1261 1670 1306; x_wconf 80' lang='lat' dir='ltr'>deinde</span> 
     </span>
     <span class='ocr_line' id='line_1_16' title="bbox 150 1331 1669 1402; baseline -0.009 -15"><span class='ocrx_word' id='word_1_113' title='bbox 150 1342 410 1402; x_wconf 76' lang='lat' dir='ltr'>gerenda,</span> <span class='ocrx_word' id='word_1_114' title='bbox 450 1339 811 1398; x_wconf 82' lang='lat' dir='ltr'>Laurentisque</span> <span class='ocrx_word' id='word_1_115' title='bbox 850 1337 996 1381; x_wconf 84' lang='lat' dir='ltr'>docet</span> <span class='ocrx_word' id='word_1_116' title='bbox 1015 1334 1229 1395; x_wconf 76' lang='lat' dir='ltr'>populos</span> <span class='ocrx_word' id='word_1_117' title='bbox 1261 1331 1526 1391; x_wconf 81' lang='lat' dir='ltr'>urbemque</span> <span class='ocrx_word' id='word_1_118' title='bbox 1564 1331 1669 1375; x_wconf 84' lang='lat' dir='ltr'>La-</span> 
     </span>
     <span class='ocr_line' id='line_1_17' title="bbox 153 1401 1669 1470; baseline -0.008 -14"><span class='ocrx_word' id='word_1_119' title='bbox 153 1411 262 1468; x_wconf 78' lang='lat' dir='ltr'>tini,</span> <span class='ocrx_word' id='word_1_120' title='bbox 318 1411 387 1455; x_wconf 83' lang='lat' dir='ltr'>Et</span> <span class='ocrx_word' id='word_1_121' title='bbox 433 1424 526 1470; x_wconf 87' lang='lat' dir='ltr'>quo</span> <span class='ocrx_word' id='word_1_122' title='bbox 563 1423 795 1469; x_wconf 80' lang='lat' dir='ltr'>quemque</span> <span class='ocrx_word' id='word_1_123' title='bbox 837 1406 985 1450; x_wconf 85' lang='lat' dir='ltr'>modo</span> <span class='ocrx_word' id='word_1_124' title='bbox 1007 1403 1286 1465; x_wconf 79' lang='lat' dir='ltr'>fugiatque</span> <span class='ocrx_word' id='word_1_125' title='bbox 1310 1401 1557 1463; x_wconf 77' lang='lat' dir='ltr'>feratque</span> <span class='ocrx_word' id='word_1_126' title='bbox 1590 1401 1669 1445; x_wconf 84' lang='lat' dir='ltr'>la-</span> 
     </span>
     <span class='ocr_line' id='line_1_18' title="bbox 154 1466 1667 1533; baseline -0.007 -7"><span class='ocrx_word' id='word_1_127' title='bbox 154 1480 333 1526; x_wconf 75' lang='lat' dir='ltr'>borem.</span> <span class='ocrx_word' id='word_1_128' title='bbox 410 1475 607 1525; x_wconf 90' lang='lat' dir='ltr'>Omnia</span> <span class='ocrx_word' id='word_1_129' title='bbox 651 1473 784 1521; x_wconf 89' lang='lat' dir='ltr'>haec</span> <span class='ocrx_word' id='word_1_130' title='bbox 827 1469 1126 1520; x_wconf 88' lang='lat' dir='ltr'>secundum</span> <span class='ocrx_word' id='word_1_131' title='bbox 1171 1468 1401 1533; x_wconf 84' lang='lat' dir='ltr'>aliquam</span> <span class='ocrx_word' id='word_1_132' title='bbox 1440 1466 1667 1515; x_wconf 87' lang='lat' dir='ltr'>auctori-</span> 
     </span>
     <span class='ocr_line' id='line_1_19' title="bbox 151 1535 1668 1610; baseline -0.009 -15"><span class='ocrx_word' id='word_1_133' title='bbox 151 1555 316 1595; x_wconf 89' lang='lat' dir='ltr'>tatem</span> <span class='ocrx_word' id='word_1_134' title='bbox 357 1543 580 1610; x_wconf 74' lang='lat' dir='ltr'>apponi,</span> <span class='ocrx_word' id='word_1_135' title='bbox 628 1543 822 1608; x_wconf 85' lang='lat' dir='ltr'>partim</span> <span class='ocrx_word' id='word_1_136' title='bbox 860 1542 914 1589; x_wconf 89' lang='lat' dir='ltr'>in</span> <span class='ocrx_word' id='word_1_137' title='bbox 943 1538 1159 1603; x_wconf 83' lang='lat' dir='ltr'>singulis</span> <span class='ocrx_word' id='word_1_138' title='bbox 1189 1537 1318 1586; x_wconf 90' lang='lat' dir='ltr'>locis</span> <span class='ocrx_word' id='word_1_139' title='bbox 1352 1535 1668 1595; x_wconf 77' lang='lat' dir='ltr'>videbimus,</span> 
     </span>
     <span class='ocr_line' id='line_1_20' title="bbox 153 1605 1670 1682; baseline -0.007 -18"><span class='ocrx_word' id='word_1_140' title='bbox 153 1616 345 1682; x_wconf 89' lang='lat' dir='ltr'>partim</span> <span class='ocrx_word' id='word_1_141' title='bbox 371 1631 431 1663; x_wconf 86' lang='lat' dir='ltr'>ex</span> <span class='ocrx_word' id='word_1_142' title='bbox 455 1612 803 1679; x_wconf 89' lang='lat' dir='ltr'>sequentibus</span> <span class='ocrx_word' id='word_1_143' title='bbox 825 1610 1041 1677; x_wconf 90' lang='lat' dir='ltr'>patebit.</span> <span class='ocrx_word' id='word_1_144' title='bbox 1077 1612 1188 1658; x_wconf 87' lang='lat' dir='ltr'>Nec</span> <span class='ocrx_word' id='word_1_145' title='bbox 1209 1607 1387 1655; x_wconf 90' lang='lat' dir='ltr'>minus</span> <span class='ocrx_word' id='word_1_146' title='bbox 1415 1605 1556 1670; x_wconf 91' lang='lat' dir='ltr'>apud</span> <span class='ocrx_word' id='word_1_147' title='bbox 1578 1608 1670 1654; x_wconf 81' lang='lat' dir='ltr'>La-</span> 
     </span>
     <span class='ocr_line' id='line_1_21' title="bbox 152 1675 1670 1749; baseline -0.009 -15"><span class='ocrx_word' id='word_1_148' title='bbox 152 1687 293 1734; x_wconf 90' lang='lat' dir='ltr'>tinos</span> <span class='ocrx_word' id='word_1_149' title='bbox 336 1683 639 1749; x_wconf 89' lang='lat' dir='ltr'>praedictus</span> <span class='ocrx_word' id='word_1_150' title='bbox 691 1690 802 1731; x_wconf 90' lang='lat' dir='ltr'>erat</span> <span class='ocrx_word' id='word_1_151' title='bbox 848 1680 1015 1729; x_wconf 88' lang='lat' dir='ltr'>Fauni</span> <span class='ocrx_word' id='word_1_152' title='bbox 1065 1676 1309 1737; x_wconf 79' lang='lat' dir='ltr'>oraculo,</span> <span class='ocrx_word' id='word_1_153' title='bbox 1357 1684 1473 1724; x_wconf 86' lang='lat' dir='ltr'>tum</span> <span class='ocrx_word' id='word_1_154' title='bbox 1518 1675 1670 1723; x_wconf 79' lang='lat' dir='ltr'>variis</span> 
     </span>
     <span class='ocr_line' id='line_1_22' title="bbox 155 1745 1669 1804; baseline -0.008 -1"><span class='ocrx_word' id='word_1_155' title='bbox 155 1755 375 1804; x_wconf 92' lang='lat' dir='ltr'>ostentis</span> <span class='ocrx_word' id='word_1_156' title='bbox 417 1761 743 1801; x_wconf 89' lang='lat' dir='ltr'>monstratus</span> <span class='ocrx_word' id='word_1_157' title='bbox 789 1760 1095 1799; x_wconf 83' lang='lat' dir='ltr'>exterorum</span> <span class='ocrx_word' id='word_1_158' title='bbox 1130 1746 1390 1796; x_wconf 83' lang='lat' dir='ltr'>adventus</span> <span class='ocrx_word' id='word_1_159' title='bbox 1430 1753 1483 1793; x_wconf 92' lang='lat' dir='ltr'>et</span> <span class='ocrx_word' id='word_1_160' title='bbox 1517 1745 1669 1794; x_wconf 83' lang='lat' dir='ltr'>Lavi—</span> 
     </span>
     <span class='ocr_line' id='line_1_23' title="bbox 154 1816 1668 1887; baseline -0.007 -14"><span class='ocrx_word' id='word_1_161' title='bbox 154 1826 271 1873; x_wconf 86' lang='lat' dir='ltr'>niae</span> <span class='ocrx_word' id='word_1_162' title='bbox 297 1824 604 1887; x_wconf 82' lang='lat' dir='ltr'>coniugium</span> <span class='ocrx_word' id='word_1_163' title='bbox 627 1838 749 1870; x_wconf 91' lang='lat' dir='ltr'>cum</span> <span class='ocrx_word' id='word_1_164' title='bbox 774 1820 1001 1869; x_wconf 82' lang='lat' dir='ltr'>advena:</span> <span class='ocrx_word' id='word_1_165' title='bbox 1035 1817 1136 1867; x_wconf 87' lang='lat' dir='ltr'>vid.</span> <span class='ocrx_word' id='word_1_166' title='bbox 1161 1816 1247 1867; x_wconf 88' lang='lat' dir='ltr'>lib.</span> <span class='ocrx_word' id='word_1_167' title='bbox 1269 1818 1382 1878; x_wconf 81' lang='lat' dir='ltr'>VII,</span> <span class='ocrx_word' id='word_1_168' title='bbox 1402 1818 1481 1865; x_wconf 89' lang='lat'>58.</span> <span class='ocrx_word' id='word_1_169' title='bbox 1507 1818 1572 1865; x_wconf 83' lang='lat'>64</span> <span class='ocrx_word' id='word_1_170' title='bbox 1594 1830 1668 1880; x_wconf 89' lang='lat' dir='ltr'>sq.</span> 
     </span>
     <span class='ocr_line' id='line_1_24' title="bbox 153 1882 1670 1959; baseline -0.01 -14"><span class='ocrx_word' id='word_1_171' title='bbox 153 1900 217 1945; x_wconf 87' lang='lat'>71</span> <span class='ocrx_word' id='word_1_172' title='bbox 246 1911 320 1959; x_wconf 90' lang='lat' dir='ltr'>sq.</span> <span class='ocrx_word' id='word_1_173' title='bbox 351 1901 425 1946; x_wconf 82' lang='lat'>96</span> <span class='ocrx_word' id='word_1_174' title='bbox 455 1910 529 1958; x_wconf 87' lang='lat' dir='ltr'>sq.</span> <span class='ocrx_word' id='word_1_175' title='bbox 569 1895 670 1944; x_wconf 72' lang='lat'>254</span> <span class='ocrx_word' id='word_1_176' title='bbox 703 1908 777 1957; x_wconf 87' lang='lat' dir='ltr'>sq.</span> <span class='ocrx_word' id='word_1_177' title='bbox 803 1896 919 1942; x_wconf 74' lang='lat'><strong>267.</strong></span> <span class='ocrx_word' id='word_1_178' title='bbox 965 1890 1282 1938; x_wconf 86' lang='lat' dir='ltr'>Carmentae</span> <span class='ocrx_word' id='word_1_179' title='bbox 1316 1893 1495 1933; x_wconf 89' lang='lat' dir='ltr'>autem</span> <span class='ocrx_word' id='word_1_180' title='bbox 1527 1882 1670 1932; x_wconf 87' lang='lat' dir='ltr'>sere-</span> 
     </span>
     <span class='ocr_line' id='line_1_25' title="bbox 154 1957 1670 2024; baseline -0.007 -12"><span class='ocrx_word' id='word_1_181' title='bbox 154 1964 309 2013; x_wconf 84' lang='lat' dir='ltr'>batur</span> <span class='ocrx_word' id='word_1_182' title='bbox 337 1962 657 2023; x_wconf 77' lang='lat' dir='ltr'>vaticinium,</span> <span class='ocrx_word' id='word_1_183' title='bbox 697 1965 871 2010; x_wconf 77' lang='lat' dir='ltr'>cecinit</span> <span class='ocrx_word' id='word_1_184' title='bbox 901 1978 1027 2024; x_wconf 85' lang='lat' dir='ltr'>quae</span> <span class='ocrx_word' id='word_1_185' title='bbox 1047 1961 1221 2023; x_wconf 77' lang='lat' dir='ltr'>prima</span> <span class='ocrx_word' id='word_1_186' title='bbox 1237 1958 1448 2020; x_wconf 82' lang='lat' dir='ltr'>futuros</span> <span class='ocrx_word' id='word_1_187' title='bbox 1480 1957 1670 2002; x_wconf 83' lang='lat' dir='ltr'>Aenea-</span> 
     </span>
     <span class='ocr_line' id='line_1_26' title="bbox 156 2026 1669 2099; baseline -0.008 -15"><span class='ocrx_word' id='word_1_188' title='bbox 156 2039 254 2084; x_wconf 82' lang='lat' dir='ltr'>das</span> <span class='ocrx_word' id='word_1_189' title='bbox 273 2052 488 2099; x_wconf 81' lang='lat' dir='ltr'>magnos</span> <span class='ocrx_word' id='word_1_190' title='bbox 507 2042 553 2081; x_wconf 84' lang='lat' dir='ltr'>et</span> <span class='ocrx_word' id='word_1_191' title='bbox 572 2034 732 2081; x_wconf 79' lang='lat' dir='ltr'>nobile</span> <span class='ocrx_word' id='word_1_192' title='bbox 752 2035 1096 2080; x_wconf 83' lang='lat' dir='ltr'>Pallanteum.-</span> <span class='ocrx_word' id='word_1_193' title='bbox 1126 2030 1256 2076; x_wconf 88' lang='lat' dir='ltr'>Aen.</span> <span class='ocrx_word' id='word_1_194' title='bbox 1272 2026 1410 2089; x_wconf 80' lang='lat' dir='ltr'>VIII,</span> <span class='ocrx_word' id='word_1_195' title='bbox 1425 2027 1539 2076; x_wconf 81' lang='lat'>340.</span> <span class='ocrx_word' id='word_1_196' title='bbox 1555 2027 1669 2075; x_wconf 78' lang='lat'><strong>341.</strong></span> 
     </span>
    </p>
   </div>
   <div class='ocr_carea' id='block_1_3' title="bbox 157 2161 1671 3000">
    <p class='ocr_par' dir='ltr' id='par_1_3' title="bbox 157 2161 1671 3000">
     <span class='ocr_line' id='line_1_27' title="bbox 296 2161 1671 2221; baseline -0.009 -1"><span class='ocrx_word' id='word_1_197' title='bbox 296 2172 405 2221; x_wconf 85' lang='lat' dir='ltr'>VII.</span> <span class='ocrx_word' id='word_1_198' title='bbox 466 2169 679 2219; x_wconf 88' lang='lat' dir='ltr'>Scilicet</span> <span class='ocrx_word' id='word_1_199' title='bbox 712 2167 937 2217; x_wconf 90' lang='lat' dir='ltr'>omnino</span> <span class='ocrx_word' id='word_1_200' title='bbox 976 2166 1082 2214; x_wconf 91' lang='lat' dir='ltr'>iam</span> <span class='ocrx_word' id='word_1_201' title='bbox 1133 2172 1253 2212; x_wconf 87' lang='lat' dir='ltr'>ante</span> <span class='ocrx_word' id='word_1_202' title='bbox 1296 2162 1488 2212; x_wconf 87' lang='lat' dir='ltr'>Troiae</span> <span class='ocrx_word' id='word_1_203' title='bbox 1536 2161 1671 2210; x_wconf 87' lang='lat' dir='ltr'>exci-</span> 
     </span>
     <span class='ocr_line' id='line_1_28' title="bbox 159 2230 1670 2306; baseline -0.007 -18"><span class='ocrx_word' id='word_1_204' title='bbox 159 2239 334 2302; x_wconf 77' lang='lat' dir='ltr'>dium,</span> <span class='ocrx_word' id='word_1_205' title='bbox 387 2248 439 2288; x_wconf 87' lang='lat' dir='ltr'>et</span> <span class='ocrx_word' id='word_1_206' title='bbox 481 2257 507 2288; x_wconf 91' lang='lat' dir='ltr'>a</span> <span class='ocrx_word' id='word_1_207' title='bbox 547 2239 732 2306; x_wconf 90' lang='lat' dir='ltr'>primis</span> <span class='ocrx_word' id='word_1_208' title='bbox 771 2237 899 2286; x_wconf 92' lang='lat' dir='ltr'>inde</span> <span class='ocrx_word' id='word_1_209' title='bbox 934 2233 1296 2301; x_wconf 77' lang='lat' dir='ltr'>temporibUS,</span> <span class='ocrx_word' id='word_1_210' title='bbox 1350 2230 1670 2297; x_wconf 81' lang='lat' dir='ltr'>praedictio—</span> 
     </span>
     <span class='ocr_line' id='line_1_29' title="bbox 157 2303 1668 2374; baseline -0.006 -18"><span class='ocrx_word' id='word_1_211' title='bbox 157 2325 285 2356; x_wconf 89' lang='lat' dir='ltr'>nem</span> <span class='ocrx_word' id='word_1_212' title='bbox 327 2308 559 2374; x_wconf 89' lang='lat' dir='ltr'>aliquam</span> <span class='ocrx_word' id='word_1_213' title='bbox 602 2307 744 2358; x_wconf 86' lang='lat' dir='ltr'>fama</span> <span class='ocrx_word' id='word_1_214' title='bbox 783 2308 1023 2356; x_wconf 88' lang='lat' dir='ltr'>iactatam</span> <span class='ocrx_word' id='word_1_215' title='bbox 1060 2303 1248 2365; x_wconf 84' lang='lat' dir='ltr'>fuisse,</span> <span class='ocrx_word' id='word_1_216' title='bbox 1306 2319 1432 2367; x_wconf 77' lang='lat' dir='ltr'>qua,</span> <span class='ocrx_word' id='word_1_217' title='bbox 1483 2316 1668 2349; x_wconf 86' lang='lat' dir='ltr'>everso</span> 
     </span>
     <span class='ocr_line' id='line_1_30' title="bbox 159 2369 1670 2442; baseline -0.007 -15"><span class='ocrx_word' id='word_1_218' title='bbox 159 2378 293 2440; x_wconf 81' lang='lat' dir='ltr'>Ilio,</span> <span class='ocrx_word' id='word_1_219' title='bbox 360 2378 621 2428; x_wconf 89' lang='lat' dir='ltr'>Anchisae</span> <span class='ocrx_word' id='word_1_220' title='bbox 673 2382 998 2442; x_wconf 88' lang='lat' dir='ltr'>Aeneaeque</span> <span class='ocrx_word' id='word_1_221' title='bbox 1048 2374 1222 2421; x_wconf 87' lang='lat' dir='ltr'>maior</span> <span class='ocrx_word' id='word_1_222' title='bbox 1277 2387 1461 2419; x_wconf 87' lang='lat' dir='ltr'>rerum</span> <span class='ocrx_word' id='word_1_223' title='bbox 1516 2369 1670 2428; x_wconf 76' lang='lat' dir='ltr'>ordo,</span> 
     </span>
     <span class='ocr_line' id='line_1_31' title="bbox 158 2440 1671 2514; baseline -0.007 -19"><span class='ocrx_word' id='word_1_224' title='bbox 158 2447 358 2496; x_wconf 88' lang='lat' dir='ltr'>maiora</span> <span class='ocrx_word' id='word_1_225' title='bbox 396 2446 501 2496; x_wconf 87' lang='lat' dir='ltr'>sata</span> <span class='ocrx_word' id='word_1_226' title='bbox 542 2448 1010 2514; x_wconf 85' lang='lat' dir='ltr'>promitterentur,</span> <span class='ocrx_word' id='word_1_227' title='bbox 1058 2443 1156 2508; x_wconf 91' lang='lat' dir='ltr'>ipsi</span> <span class='ocrx_word' id='word_1_228' title='bbox 1189 2440 1462 2490; x_wconf 88' lang='lat' dir='ltr'>Homerici</span> <span class='ocrx_word' id='word_1_229' title='bbox 1489 2455 1671 2487; x_wconf 85' lang='lat' dir='ltr'>versus</span> 
     </span>
     <span class='ocr_line' id='line_1_32' title="bbox 162 2508 1669 2583; baseline -0.003 -19"><span class='ocrx_word' id='word_1_230' title='bbox 162 2516 429 2565; x_wconf 85' lang='lat' dir='ltr'>declarant</span> <span class='ocrx_word' id='word_1_231' title='bbox 466 2534 622 2583; x_wconf 88' lang='lat' dir='ltr'>supra</span> <span class='ocrx_word' id='word_1_232' title='bbox 665 2522 807 2582; x_wconf 83' lang='lat' dir='ltr'>(pag.</span> <span class='ocrx_word' id='word_1_233' title='bbox 846 2520 944 2579; x_wconf 82' lang='lat'>39)</span> <span class='ocrx_word' id='word_1_234' title='bbox 987 2511 1295 2573; x_wconf 77' lang='lat' dir='ltr'>memorati,</span> <span class='ocrx_word' id='word_1_235' title='bbox 1355 2526 1414 2557; x_wconf 81' lang='lat' dir='ltr'>ex</span> <span class='ocrx_word' id='word_1_236' title='bbox 1447 2508 1589 2558; x_wconf 89' lang='lat' dir='ltr'>Iliad.</span> <span class='ocrx_word' id='word_1_237' title='bbox 1626 2531 1669 2566; x_wconf 77' lang='lat' dir='ltr'>v,</span> 
     </span>
     <span class='ocr_line' id='line_1_33' title="bbox 162 2579 1670 2638; baseline -0.009 -1"><span class='ocrx_word' id='word_1_238' title='bbox 162 2592 275 2637; x_wconf 89' lang='lat'>307.</span> <span class='ocrx_word' id='word_1_239' title='bbox 318 2593 430 2638; x_wconf 85' lang='lat'>308.</span> <span class='ocrx_word' id='word_1_240' title='bbox 512 2587 594 2636; x_wconf 90' lang='lat' dir='ltr'>Ad</span> <span class='ocrx_word' id='word_1_241' title='bbox 644 2589 917 2637; x_wconf 85' lang='lat' dir='ltr'>Venerem</span> <span class='ocrx_word' id='word_1_242' title='bbox 963 2582 1206 2631; x_wconf 89' lang='lat' dir='ltr'>retulisse</span> <span class='ocrx_word' id='word_1_243' title='bbox 1255 2579 1505 2628; x_wconf 91' lang='lat' dir='ltr'>homines</span> <span class='ocrx_word' id='word_1_244' title='bbox 1549 2593 1670 2626; x_wconf 90' lang='lat' dir='ltr'>eam</span> 
     </span>
     <span class='ocr_line' id='line_1_34' title="bbox 162 2646 1671 2719; baseline -0.007 -16"><span class='ocrx_word' id='word_1_245' title='bbox 162 2655 582 2719; x_wconf 87' lang='lat' dir='ltr'>praedictionem</span> <span class='ocrx_word' id='word_1_246' title='bbox 633 2655 802 2703; x_wconf 85' lang='lat' dir='ltr'>multa</span> <span class='ocrx_word' id='word_1_247' title='bbox 858 2654 1069 2703; x_wconf 88' lang='lat' dir='ltr'>docent.</span> <span class='ocrx_word' id='word_1_248' title='bbox 1161 2653 1238 2700; x_wconf 87' lang='lat' dir='ltr'>Ita</span> <span class='ocrx_word' id='word_1_249' title='bbox 1287 2650 1339 2697; x_wconf 92' lang='lat' dir='ltr'>in</span> <span class='ocrx_word' id='word_1_250' title='bbox 1387 2646 1671 2712; x_wconf 88' lang='lat' dir='ltr'>Sophoclis</span> 
     </span>
     <span class='ocr_line' id='line_1_35' title="bbox 161 2722 1670 2783; baseline -0.006 -11"><span class='ocrx_word' id='word_1_251' title='bbox 161 2726 467 2774; x_wconf 86' lang='lat' dir='ltr'>Laocoonte</span> <span class='ocrx_word' id='word_1_252' title='bbox 510 2724 803 2783; x_wconf 76' lang='lat' dir='ltr'>Anchisen,</span> <span class='ocrx_word' id='word_1_253' title='bbox 859 2728 1216 2772; x_wconf 81' lang='lat' dir='ltr'>mundatorum</span> <span class='ocrx_word' id='word_1_254' title='bbox 1265 2739 1298 2768; x_wconf 86' lang='grc' dir='ltr'><em>α</em></span> <span class='ocrx_word' id='word_1_255' title='bbox 1353 2722 1532 2766; x_wconf 78' lang='lat' dir='ltr'>Venere</span> <span class='ocrx_word' id='word_1_256' title='bbox 1582 2736 1670 2765; x_wconf 82' lang='lat' dir='ltr'>uc-</span> 
     </span>
     <span class='ocr_line' id='line_1_36' title="bbox 165 2786 1669 2856; baseline -0.005 -15"><span class='ocrx_word' id='word_1_257' title='bbox 165 2804 419 2856; x_wconf 82' lang='lat' dir='ltr'>ceptorum</span> <span class='ocrx_word' id='word_1_258' title='bbox 452 2814 740 2851; x_wconf 69' lang='lat' dir='ltr'>memorem,</span> <span class='ocrx_word' id='word_1_259' title='bbox 794 2793 862 2841; x_wconf 89' lang='lat' dir='ltr'>de</span> <span class='ocrx_word' id='word_1_260' title='bbox 900 2792 1023 2856; x_wconf 82' lang='lat' dir='ltr'>fuga</span> <span class='ocrx_word' id='word_1_261' title='bbox 1065 2791 1320 2853; x_wconf 77' lang='lat' dir='ltr'>cogitare,</span> <span class='ocrx_word' id='word_1_262' title='bbox 1370 2786 1669 2850; x_wconf 86' lang='lat' dir='ltr'>filiumque,</span> 
     </span>
     <span class='ocr_line' id='line_1_37' title="bbox 164 2853 1670 2928; baseline -0.004 -21"><span class='ocrx_word' id='word_1_263' title='bbox 164 2870 222 2908; x_wconf 92' lang='lat' dir='ltr'>ut</span> <span class='ocrx_word' id='word_1_264' title='bbox 254 2863 305 2910; x_wconf 91' lang='lat' dir='ltr'>in</span> <span class='ocrx_word' id='word_1_265' title='bbox 346 2863 498 2912; x_wconf 87' lang='lat' dir='ltr'>Idam</span> <span class='ocrx_word' id='word_1_266' title='bbox 529 2881 585 2913; x_wconf 86' lang='lat' dir='ltr'>se</span> <span class='ocrx_word' id='word_1_267' title='bbox 625 2864 915 2928; x_wconf 78' lang='lat' dir='ltr'>reciperet,</span> <span class='ocrx_word' id='word_1_268' title='bbox 963 2860 1187 2923; x_wconf 81' lang='lat' dir='ltr'>hortari,</span> <span class='ocrx_word' id='word_1_269' title='bbox 1237 2856 1417 2907; x_wconf 84' lang='lat' dir='ltr'>videas</span> <span class='ocrx_word' id='word_1_270' title='bbox 1446 2856 1498 2903; x_wconf 94' lang='lat' dir='ltr'>in</span> <span class='ocrx_word' id='word_1_271' title='bbox 1532 2853 1670 2917; x_wconf 83' lang='lat' dir='ltr'>frag-</span> 
     </span>
     <span class='ocr_line' id='line_1_38' title="bbox 166 2926 1669 3000; baseline -0.001 -23"><span class='ocrx_word' id='word_1_272' title='bbox 166 2940 348 2979; x_wconf 86' lang='lat' dir='ltr'>mento</span> <span class='ocrx_word' id='word_1_273' title='bbox 382 2950 538 2999; x_wconf 88' lang='lat' dir='ltr'>supra</span> <span class='ocrx_word' id='word_1_274' title='bbox 570 2939 707 3000; x_wconf 83' lang='lat' dir='ltr'>(pag.</span> <span class='ocrx_word' id='word_1_275' title='bbox 739 2935 827 2997; x_wconf 82' lang='lat'>45)</span> <span class='ocrx_word' id='word_1_276' title='bbox 863 2939 1166 2980; x_wconf 86' lang='lat' dir='ltr'>memorato</span> <span class='ocrx_word' id='word_1_277' title='bbox 1201 2945 1262 2979; x_wconf 82' lang='lat' dir='ltr'>ex</span> <span class='ocrx_word' id='word_1_278' title='bbox 1281 2926 1493 2988; x_wconf 73' lang='lat' dir='ltr'>Dionys.</span> <span class='ocrx_word' id='word_1_279' title='bbox 1524 2927 1563 2984; x_wconf 80' lang='lat' dir='ltr'>I,</span> <span class='ocrx_word' id='word_1_280' title='bbox 1591 2928 1669 2981; x_wconf 80' lang='lat'>48,</span> 
     </span>
    </p>
   </div>
   <div class='ocr_carea' id='block_1_4' title="bbox 1319 3009 1394 3053">
    <p class='ocr_par' dir='ltr' id='par_1_4' title="bbox 1319 3009 1394 3053">
     <span class='ocr_line' id='line_1_39' title="bbox 1319 3009 1394 3053; baseline 0 -13"><span class='ocrx_word' id='word_1_281' title='bbox 1319 3009 1394 3053; x_wconf 67' lang='lat'>4*</span> 
     </span>
    </p>
   </div>
  </div>
 </body>
</html>
