1779 3420
123 180 224 228 610
449 176 504 224 P.
541 166 892 225 VIRGILII
940 171 1315 222 MARONIS

123 303 239 352 Una
261 298 390 349 dolo
414 298 596 348 divom
623 298 664 346 si
687 296 888 346 femina
911 296 1042 345 victa
1065 296 1299 347 duorum
1324 306 1413 349 est.
1565 303 1631 352 95

122 374 233 422 Nec
255 386 346 419 me
367 369 501 419 adeo
523 367 680 430 fallit,
716 366 939 415 veritam
960 374 1013 415 te
1043 368 1259 417 moenia
1281 377 1478 432 nostra,

125 442 405 507 Suspectas
427 438 673 487 habuisse
698 436 891 485 domos
914 436 1240 501 Carthaginis
1261 437 1406 489 altae.

126 510 234 560 Sed
283 510 398 576 quis
437 508 536 558 erit
576 505 806 557 modus?
870 514 959 556 aut
1009 522 1117 572 quo
1158 524 1302 557 nunc
1344 506 1630 558 certamina

900 584 1042 624 tanta
1056 582 1078 626 ἓ

122 675 270 715 vincar,
294 670 441 706 habebis
463 670 688 715 Hippomene
711 669 806 701 victo
829 680 1001 713 magnum
1026 676 1062 701 et
1084 668 1313 703 memorabile
1341 681 1489 703 nomen:
1522 680 1630 714 prae-

120 721 319 764 ferremque
343 719 431 752 adeo
456 716 530 749 sine
555 715 809 756 haesitatione,
832 715 900 747 nisi
924 714 1091 758 alterum,
1116 716 1211 760 quod
1235 715 1342 749 semel
1366 721 1568 760 receptum,
1595 721 1631 748 et

121 767 234 811 ipsum
258 772 365 810 poeta
398 763 563 807 dignum,
594 763 687 795 forte
722 762 809 794 adeo
840 761 951 806 magis
986 762 1121 807 epicum
1155 769 1258 796 esset.
1305 763 1376 796 Sed
1412 769 1448 795 et
1481 762 1517 795 in
1551 761 1629 807 ipso

122 813 246 846 ovidio
271 812 404 845 Bacchi
435 808 663 843 memorabile
698 807 829 842 Thebis
859 809 1003 842 Numen
1035 818 1117 842 erat
1150 810 1235 842 Met.
1269 811 1332 851 IV,
1363 809 1433 844 416
1466 808 1629 842 occurrit.

122 862 263 902 (nomen
286 858 395 892 Palat.
421 863 456 889 et
483 859 513 891 l.
537 859 688 898 „Sensus
714 856 900 888 verborum
924 856 1082 889 Iunonis:
1117 856 1277 902 Egregie
1302 869 1389 890 vero
1414 857 1576 897 vicistis,
1599 856 1632 888 si

112 906 290 953 feminam
314 906 353 938 in
378 916 536 937 amorem
562 903 783 944 induxistis,
818 902 866 935 ita
892 902 1112 945 declaratur,
1137 910 1174 935 ut
1206 914 1270 948 pro
1296 902 1444 936 victoria
1477 903 1562 935 laus
1594 907 1630 934 et

120 954 257 998 spolia,
288 963 376 996 quae
398 950 496 983 illam
527 956 738 994 sequuntur,
772 949 888 994 posita
921 950 1000 983 sint.
1055 949 1091 983 Si
1125 949 1199 994 quis
1233 950 1409 983 laudem
1447 948 1630 991 retulit,

121 1000 193 1032 eius
216 1010 343 1031 nomen
368 1004 487 1031 notum
513 1008 588 1029 esse
614 1002 728 1041 putet3
754 1008 874 1029 sensus
899 996 1006 1040 igitur
1032 996 1269 1040 praestantior
1305 1004 1340 1029 et
1378 996 1504 1029 fortior
1537 995 1629 1028 inest

118 1045 265 1079 lectioni
288 1057 441 1085 numen,
466 1056 569 1088 quam
592 1044 796 1087 amplector.
846 1044 894 1075 Ex
920 1043 1066 1076 victoria
1103 1043 1193 1076 enim
1227 1043 1372 1076 deorum
1406 1055 1528 1087 magna
1563 1053 1628 1075 eo-

117 1105 194 1126 rum
225 1091 449 1136 consequitur
479 1090 684 1131 veneratio,
708 1102 868 1122 numen
901 1090 940 1123 fit
964 1090 1211 1131 memorabile,
1238 1087 1487 1133 ὀνομαστόν.“
1534 1090 1629 1122 Haeo

117 1138 362 1174 Wunderlicb.
410 1138 566 1170 Probant
601 1137 690 1171 hanc
724 1136 911 1169 lectionem
946 1136 1048 1169 etiam
1081 1139 1263 1170 Burmann.
1297 1137 1342 1170 ad
1374 1136 1515 1170 Anthol.
1549 1137 1628 1169 Lat.

118 1187 162 1219 T.
188 1187 214 1219 I.
247 1199 283 1231 p.
318 1183 395 1220 104.
436 1190 472 1217 et
506 1184 654 1217 Iahnius.
713 1184 854 1216 Nomen
893 1184 1047 1228 praefert
1081 1184 1250 1217 Scheller.
1286 1184 1321 1216 in
1363 1184 1558 1216 observati.
1592 1182 1628 1215 in

117 1232 221 1278 prisc.
258 1231 449 1277 scriptores
484 1244 518 1276 p.
552 1232 645 1272 315„
679 1230 722 1264 ab
757 1230 853 1263 Jahn.
886 1230 995 1270 laud.;
1043 1231 1135 1263 idem
1176 1231 1314 1276 recepit
1347 1230 1489 1265 Wakef.
1530 1230 1625 1272 er.)

117 1278 326 1313 venerabile
356 1291 485 1312 nomen
520 1279 654 1322 Hugen.
703 1275 867 1310 mirabile
901 1290 1028 1310 nomen
1062 1277 1162 1311 Leid.
1198 1289 1254 1310 un.
1348 1278 1393 1312 95
1429 1278 1461 1310 si
1484 1275 1628 1322 semina

117 1335 227 1372 capta
250 1325 363 1366 Leid„
386 1325 480 1369 quod
506 1324 646 1368 egregie
671 1324 754 1358 dolo
780 1324 963 1365 convenit,
989 1324 1051 1357 sed
1077 1337 1107 1358 v.
1134 1326 1248 1357 Burm.
1298 1333 1353 1357 esc
1377 1324 1478 1357 deest
1502 1324 1626 1356 tribus.

116 1374 163 1407 96
191 1381 226 1405 te
249 1373 402 1406 numina
425 1380 554 1404 nostra
578 1371 710 1404 Zulich.
745 1383 763 1404 a
788 1383 832 1404 m.
866 1383 918 1416 pr.
953 1372 1077 1404 Hamb.
1111 1384 1164 1416 pr.
1198 1371 1350 1415 <recepit
1382 1371 1451 1403 hoe
1484 1370 1626 1405 Wakef.

121 1420 217 1462 lVr.)
313 1420 359 1454 97
383 1421 653 1464 Suspectasque
683 1419 785 1458 Ve11.,
820 1418 920 1451 male.
1016 1419 1061 1453 98
1098 1426 1180 1451 erat
1213 1418 1339 1451 Medic.
1374 1430 1394 1450 a
1426 1430 1471 1451 m.
1505 1429 1557 1462 pr.
1592 1429 1626 1450 v.

115 1466 231 1500 Burin.
254 1465 299 1499 ad
331 1466 457 1498 Lucan.
490 1466 555 1505 IX,
591 1466 669 1500 706.
717 1465 854 1507 Vulgo:
891 1477 961 1510 quo
999 1477 1097 1497 nunc
1129 1466 1324 1498 certamine
1363 1473 1487 1504 tanto,
1521 1463 1626 1496 mirus

116 1512 274 1546 codicum
299 1523 486 1545 consensus
520 1511 555 1544 in
589 1511 740 1544 lectione
777 1511 911 1545 vitiosa.
958 1511 1033 1544 Etsi
1069 1512 1158 1544 enim
1195 1512 1281 1544 bene
1316 1511 1479 1556 supplere
1512 1510 1626 1556 possis

117 1559 256 1592 uteris?
280 1559 335 1591 vel
362 1571 453 1605 opus
478 1558 556 1591 est?
579 1565 694 1591 tamen
720 1570 761 1590 ea
784 1559 895 1591 forma
930 1566 1021 1591 esset
1056 1558 1236 1602 prosaica,
1274 1564 1309 1591 et
1343 1564 1535 1602 perpetuus
1567 1557 1625 1589 lo-

116 1605 245 1649 quendi
269 1618 347 1638 usus
373 1605 569 1649 elegantior
594 1606 662 1637 fert
688 1617 757 1649 quo
782 1617 880 1637 nunc
911 1607 1110 1637 certamina
1143 1605 1274 1637 tanta?
1320 1605 1454 1648 Lapsus
1488 1616 1625 1649 quoque

115 1651 336 1684 librariorum
358 1651 562 1684 manifestus
588 1653 627 1684 fit
653 1663 693 1683 ex
718 1658 829 1684 antec.
854 1664 944 1696 quo,
979 1652 1012 1683 h.
1040 1663 1069 1683 e.
1095 1663 1257 1695 quorsum
1273 1677 1281 1692 ‚
1317 1651 1409 1695 quod
1436 1663 1499 1695 pro
1525 1657 1624 1683 sexto

117 1709 197 1731 casu
222 1705 450 1741 acceperant5
475 1698 593 1743 itaque
619 1698 843 1730 emendarunt
868 1698 913 1730 ita
938 1697 1004 1729 iam
1031 1697 1150 1730 Heius.
1184 1698 1409 1731 Marklandus
1435 1704 1516 1742 post
1549 1698 1623 1729 Ha-

115 1744 204 1777 rium
237 1750 272 1776 et
304 1746 527 1777 Burmannus.
583 1746 677 1777 Inter
708 1744 891 1777 Servianas
927 1743 1239 1788 interpretationes
1284 1744 1389 1776 etiam
1437 1751 1512 1785 est,
1553 1756 1624 1789 quo

116 1803 215 1824 nunc
238 1799 418 1824 certamen
444 1799 610 1831 tantum,
636 1798 670 1822 et
694 1791 729 1823 in
755 1792 840 1834 Reg.
867 1791 1005 1833 glossa,
1033 1790 1184 1831 habere,
1219 1798 1256 1823 ut
1283 1791 1350 1823 hoc
1375 1791 1562 1835 aliquando
1589 1790 1625 1823 in

116 1837 219 1871 codd.
251 1837 358 1870 fuisse
391 1837 446 1870 vel
479 1837 559 1870 hinc
593 1836 759 1881 colligere
793 1837 918 1882 possis.
978 1839 1212 1882 &Receperunt
1248 1838 1405 1870 codicum
1439 1838 1623 1870 lectionem

115 1884 271 1925 Wakef.,
295 1883 441 1917 Bothius
467 1891 502 1917 et
520 1883 670 1917 Iahnius.
717 1883 971 1917 Wakefieldius
998 1884 1136 1928 quidem
1162 1884 1300 1917 scribit:
1341 1884 1402 1924 „Id
1437 1891 1507 1917 est:
1546 1887 1623 1926 Quo

116 1931 326 1963 tenditis
367 1943 462 1963 cum
507 1939 611 1963 tanco
650 1931 867 1963 certamine?
913 1930 1025 1963 Solita
1061 1930 1096 1962 in
1128 1930 1246 1975 primis
1284 1931 1435 1976 ellipsi.“
1485 1931 1622 1963 Lubens

114 1988 198 2009 vero
224 1976 257 2008 in
283 1977 355 2010 eius
381 1984 498 2021 partes
523 1977 749 2018 discederem,
776 1977 806 2009 si
833 1989 874 2009 ex
899 1977 1015 2010 multis
1043 1978 1114 2010 eius
1140 1977 1304 2022 ellipseos
1331 1978 1511 2022 exemplis,
1535 1988 1622 2022 quae

115 2022 202 2068 ipsi,
227 2022 293 2056 nisi
317 2036 407 2057 vana
430 2024 590 2065 iactavit,
626 2024 660 2056 in
686 2031 825 2067 promtu
850 2024 955 2056 fuisse
989 2030 1259 2057 consentaneum
1294 2031 1367 2066 est,
1402 2037 1502 2057 unum
1537 2022 1622 2057 mihi

114 2069 336 2103 innotuisset.
384 2073 452 2112 At,
478 2082 566 2114 quae
592 2071 811 2103 Heinsianam
835 2071 1066 2103 coniecturam
1091 2071 1275 2112 illustrent,
1300 2072 1383 2104 satis
1408 2072 1515 2104 multa
1535 2083 1623 2115 sup-

142 2116 252 2149 editat
278 2119 430 2150 GronOV.
457 2117 566 2151 Diatr.
594 2130 627 2161 p.
653 2118 708 2152 57.
737 2117 848 2150 Bentl.
873 2118 917 2150 ad
942 2119 1064 2150 Horat.
1089 2117 1198 2161 Epist,
1224 2120 1249 2158 Ι,
1276 2119 1309 2160 5,
1337 2120 1389 2155 12.
1424 2119 1468 2152 cf.
1495 2120 1622 2152 Rams-

114 2129 218 2197 iiorn.
243 2165 303 2197 Gr.
329 2164 406 2196 Lat.
432 2165 461 2209 55.
488 2165 565 2199 120.
594 2170 679 2196 extr.
714 2164 794 2197 Vid.
821 2164 924 2197 etiam
950 2166 992 2205 Q.
1018 2166 1061 2198 V.
1088 2166 1196 2204 VIIII,
1223 2167 1252 2198 1.
1279 2172 1314 2197 et
1339 2167 1381 2199 V.
1408 2166 1446 2198 L.
1473 2165 1517 2197 ad
1542 2166 1621 2206 XII,

114 2210 195 2246 790.
227 2210 321 2253 Wr.)
356 2218 392 2243 et
415 2223 485 2256 quo
509 2210 616 2245 Witt.
643 2212 732 2254 Reg.
753 2217 788 2244 et
811 2213 892 2245 Exc.
917 2212 1030 2244 Burm.
1078 2212 1284 2244 discrimine
1308 2220 1413 2246 tanto
1437 2212 1597 2245 Parrhas-

116 2303 192 2341 erit
212 2310 411 2353 vestrum,
451 2304 490 2343 h.
523 2318 554 2343 e.
585 2318 657 2343 vos
685 2305 763 2354 dii,
807 2306 838 2344 si
894 2307 1208 2354 dissimulanter,
1240 2307 1312 2345 cfr.
1341 2320 1398 2345 VS.
1432 2310 1537 2354 100.,
1565 2307 1621 2344 si-

117 2360 457 2399 circumveneritis
479 2362 558 2400 duo
580 2376 699 2400 unam
721 2364 838 2401 femi-
892 2364 1077 2415 gnificare
1130 2364 1314 2403 voluerit.
1370 2364 1514 2417 chlz.)
1563 2385 1621 2393 —-

116 2419 228 2455 nam!
254 2428 295 2458 v.
322 2432 406 2457 var.
442 2420 547 2457 Lect.
577 2421 709 2457 Simile
739 2434 837 2459 aeu-
895 2424 962 2462 96.
1008 2423 1097 2459 Nec
1138 2422 1254 2472 plane
1294 2422 1428 2471 ignara
1469 2434 1556 2459 sum
1583 2429 1619 2457 te

116 2487 206 2512 men
229 2481 267 2511 et
288 2476 513 2527 exemplum
542 2478 765 2516 invectivae
797 2491 837 2517 v.

117 2530 224 2581 apud
243 2532 386 2570 Tibull.
408 2533 436 2581 Ι,
462 2537 499 2581 6,
527 2537 565 2574 3.
596 2533 634 2582 4,
666 2541 706 2572 et
734 2536 837 2571 Leo—

117 2588 234 2625 nidae
253 2588 294 2625 in
316 2589 478 2627 Anthol.
499 2591 563 2637 lv,
589 2594 652 2639 12,
684 2605 720 2642 p.
743 2591 838 2631 464.

119 2645 211 2697 (Pro
261 2647 582 2697 quandoquidem
618 2677 625 2684 .
656 2677 663 2684 .
690 2676 698 2684 .
732 2650 836 2684 ricla

117 2709 336 2753 usurpatur
357 2705 412 2741 si.
429 2735 437 2744 .
454 2734 461 2741 .
477 2706 584 2740 ric-la
613 2713 694 2750 εις-μ·
728 2710 838 2754 apte3

117 2759 261 2811 quippe
299 2773 377 2810 qua
425 2761 703 2798 coniunctione
745 2775 836 2799 cuni

116 2817 332 2855 indicativo
358 2817 492 2856 iuncta
521 2818 591 2855 sibi
627 2818 675 2855 de
704 2819 835 2857 victo-

117 2874 176 2912 ria
213 2888 294 2912 non
339 2881 448 2912 certo
491 2881 694 2924 constare,
738 2876 836 2914 luno

892 2485 1113 2529 suspectam
1126 2477 1308 2516 habuisse
1322 2478 1619 2529 Carthaginem5

895 2548 943 2572 ne
992 2536 1173 2573 Troianis
1212 2536 1379 2572 exitium
1423 2536 1619 2574 inferrent

894 2593 1026 2629 Poeni.
1095 2591 1200 2644 (Nec
1237 2607 1298 2629 me
1339 2594 1438 2630 culeo
1482 2594 1613 2643 fallit,

892 2648 931 2686 h.
955 2662 986 2686 e.
1009 2662 1082 2686 nec
1103 2649 1200 2686 adeo
1221 2649 1340 2686 hebes
1359 2664 1459 2699 sum,
1490 2657 1537 2688 ut
1555 2663 1617 2688 me

894 2706 1015 2743 sallat.
1052 2707 1178 2746 llselz.
1229 2707 1310 2745 vid.
1331 2708 1380 2754 Q.
1403 2708 1445 2746 V.
1472 2708 1616 2746 XXVI.

898 2765 993 2801 l‘lsr.
1024 2785 1081 2791 —-
1120 2764 1199 2800 Sed
1227 2767 1314 2815 quis
1345 2766 1518 2803 modus?
1563 2779 1617 2803 sc.

894 2820 1139 2857 inimicitiam
1171 2822 1404 2872 exercendi3
1453 2824 1501 2860 cf.
1535 2822 1615 2861 Ecl.

894 2878 945 2926 X,
971 2880 1037 2920 28.
1080 2877 1230 2931 chlz.)
1262 2880 1311 2917 cf.
1338 2880 1367 2928 I,
1400 2883 1495 2922 671.
1531 2894 1615 2917 cer-
