1779 3420
108 210 211 258 786
438 207 491 256 Ρ.
531 206 892 257 VIRGILII
937 208 1307 260 MARONIS

109 332 386 382 Persolvo:
419 332 505 381 hic
522 333 693 382 victor
717 341 888 382 cestus
911 342 1190 401 artemque
1211 351 1436 401 repono.

180 407 444 453 Protenus
468 407 673 453 Aeneas
700 403 857 452 celeri
882 413 1083 453 certare
1108 405 1289 469 sagitta

108 474 324 534 Invitat,
365 473 453 538 qui
480 472 623 522 forte
646 473 836 535 velint,
875 482 927 522 et
948 475 1184 539 praemia
1208 475 1387 540 ponit3

107 544 429 609 Ingentique
451 559 616 591 manu
635 542 841 592 malum
866 542 933 591 de
956 560 1088 592 nave
1116 546 1313 593 Seresti

107 614 296 677 Erigit3
341 621 393 661 et
417 612 696 661 volucrem
720 613 940 661 traiecto
962 613 1015 660 in
1039 612 1171 662 fune
1197 612 1522 677 columbam,

110 687 232 746 Quo
258 681 483 731 tendant
507 681 740 745 ferrum,
777 681 922 730 malo
943 682 1224 748 suspendit
1247 683 1310 731 ab
1335 683 1453 734 alto.

1527 409 1630 459 485

200 822 270 858 484
293 823 439 869 reponit
462 822 562 855 Rom.
587 835 662 856 cum
688 822 786 863 aliis3
814 822 880 867 (ita
909 824 939 857 1.
964 824 997 858 2.
1025 824 1057 858 7.
1090 823 1184 867 Wr.)
1223 822 1410 856 manifesto
1445 824 1627 858 mendose.

108 871 198 903 Nam
230 869 379 902 formula
412 870 687 902 consecrationis
720 870 891 902 sollennis
933 870 1044 903 multo
1077 870 1203 903 melius
1241 882 1281 902 ex
1315 870 1445 902 Entelli
1478 883 1630 915 persona

108 917 263 950 effertur.
358 916 428 950 486
448 919 615 961 praemia
640 917 728 949 dicit
752 917 860 958 Gud.,
887 917 976 961 (cum
1005 920 1035 952 1.
1065 920 1160 957 lVr.)
1187 917 1282 962 quod
1308 917 1452 962 copiose
1479 918 1628 950 adstruit

107 963 281 997 Heinsius.
333 963 420 995 Mihi
446 963 565 1006 potius
590 971 650 996 aut
674 976 754 996 casu
778 971 837 997 aut
870 964 1111 1009 interpolandi
1145 964 1264 997 studio
1297 964 1433 997 illatum
1464 976 1540 997 esse
1572 965 1629 997 vi-

107 1011 221 1044 detur.
270 1010 482 1043 variandam
510 1023 585 1043 esse
611 1011 806 1043 orationem
831 1018 927 1043 ratus
953 1019 1059 1056 poeta
1085 1011 1238 1056 praemia
1264 1023 1332 1043 non
1361 1012 1416 1043 hic
1441 1019 1522 1044 ante
1548 1024 1629 1044 cer—

106 1065 241 1098 tamen,
275 1057 338 1089 sed
363 1057 425 1089 sub
452 1057 555 1089 finem
591 1058 749 1099 demum,
783 1070 816 1093 v,
847 1060 916 1094 535
950 1071 1026 1103 sqq.
1062 1065 1262 1098 enumerat3
1300 1058 1343 1090 ab
1378 1057 1479 1090 initio
1517 1065 1630 1091 tamen

106 1105 213 1137 dixit:
249 1105 416 1150 praemia
442 1106 569 1150 ponit3
615 1117 703 1149 quae
737 1117 814 1138 cum
852 1105 947 1138 nulla
981 1104 1256 1146 subiicerentur,
1299 1105 1458 1149 reposuit
1491 1105 1629 1150 aliquis,

106 1152 213 1193 dicit,
239 1151 411 1190 destinat,
437 1151 631 1184 constituit.
693 1150 853 1195 (-487.
880 1152 998 1185 Verba
1032 1154 1186 1198 Ingenti
1217 1164 1327 1185 mana
1360 1151 1539 1196 negotium
1571 1152 1629 1185 fa·-

106 1205 243 1232 cessunt
269 1197 418 1230 Criticis.
446 1197 702 1231 VVakesieldius
725 1210 794 1231 non
821 1198 995 1231 dubitavit
1019 1200 1173 1231 scribere
1202 1200 1421 1244 Ingentique
1445 1211 1628 1240 manus,

107 1257 155 1279 sc.
183 1249 322 1279 Aeneae
347 1256 486 1282 manus;
514 1246 577 1278 sed
603 1257 672 1278 non
698 1245 829 1279 licebat
853 1245 902 1278 ita
928 1246 1055 1278 nudum
1090 1257 1224 1290 ponere
1257 1257 1330 1278 voc.
1366 1258 1508 1278 manus.
1556 1247 1629 1277 Bo·-

105 1292 201 1325 thius
236 1304 327 1325 corr.
362 1294 574 1337 Ingentem3
621 1293 684 1325 sed
717 1305 760 1325 ne
795 1294 863 1326 hoe
896 1293 1035 1337 quidem
1070 1292 1155 1324 ferri
1189 1298 1309 1336 potest
1347 1293 1391 1324 ob
1427 1292 1506 1333 illa,
1540 1305 1628 1336 quae

105 1340 210 1385 paulo
237 1346 317 1384 post
339 1338 521 1382 leguntur,
557 1340 653 1372 malo
680 1339 724 1372 ab
750 1340 863 1373 alto.
923 1340 1159 1373 Retinendum
1187 1339 1295 1383 igitur
1329 1341 1499 1384 Ingenu'3
1535 1340 1629 1384 quod

105 1387 134 1419 si
161 1399 235 1419 cum
262 1399 356 1419 nave
381 1387 523 1429 iungaS,
549 1386 686 1419 sublata
710 1386 887 1419 videbitur
913 1387 1121 1426 (lifficultas3
1157 1386 1218 1419 sed
1243 1386 1319 1430 ipse
1345 1386 1530 1418 verborum
1556 1398 1626 1430 po—

106 1434 192 1466 situs
226 1432 434 1478 persuadet,
471 1433 657 1477 Virgilium
693 1435 840 1479 ingenti
871 1447 982 1466 manu
1014 1436 1131 1467 iuncta
1163 1433 1328 1465 voluisse.
1386 1435 1433 1465 Ac
1466 1432 1628 1477 profecto

105 1492 173 1513 non
200 1480 322 1520 video,
361 1491 465 1524 quum
492 1481 606 1513 omnia
632 1480 665 1512 in
693 1480 861 1513 heroibus
886 1481 1041 1524 ingentia
1069 1480 1260 1524 fingantur,
1295 1491 1354 1511 cur
1390 1480 1478 1512 adeo
1513 1479 1630 1512 offen—

105 1529 226 1561 damur
254 1527 288 1559 h.
317 1526 362 1566 l.;
389 1534 482 1559 certe
507 1528 640 1573 ingens
664 1539 795 1559 manus
818 1528 961 1561 Herculi
986 1527 1153 1559 tribuitur
1178 1540 1195 1559 a
1222 1526 1340 1560 Valer.
1368 1527 1418 1558 Fl.
1445 1528 1502 1568 III,
1529 1528 1628 1566 609.;

105 1576 275 1620 ingentes
298 1574 441 1606 humeri
465 1573 562 1615 aliis,
596 1574 664 1607 vid.
691 1574 885 1607 Markland.
912 1575 955 1607 ad
981 1577 1068 1607 Stat.
1097 1577 1130 1607 S.
1158 1575 1214 1614 III,
1242 1575 1274 1616 1,
1301 1573 1361 1607 36.
1412 1574 1477 1605 Per
1501 1573 1629 1616 ingen-

104 1628 175 1654 tem
201 1627 316 1653 autem
345 1632 483 1652 manum
518 1621 716 1653 declaratur
748 1633 871 1664 magna
908 1621 959 1654 vis
996 1630 1028 1654 et
1061 1622 1168 1653 robur
1206 1619 1363 1665 corporis
1400 1619 1435 1651 in
1468 1632 1629 1653 manuum

106 1668 273 1713 operibus
310 1668 547 1712 conspicuum.
596 1668 677 1700 Fuit
713 1675 829 1701 autem
867 1675 938 1701 tam
972 1667 1086 1701 varius
1121 1667 1222 1700 huius
1256 1666 1423 1700 adiectivi
1457 1678 1556 1707 usus,
1591 1673 1629 1699 ut

105 1727 175 1748 non
209 1714 366 1756 mireris,
416 1714 445 1746 si
482 1715 653 1758 quaedam
693 1714 933 1756 inveniantur,
975 1715 1098 1759 quibus
1139 1726 1227 1758 quae
1260 1714 1365 1757 plane
1397 1713 1523 1746 similia
1558 1712 1629 1747 sint

104 1762 235 1794 frustra
261 1773 427 1805 quaeras,
460 1768 497 1793 ut
522 1762 625 1793 iussa
649 1763 817 1805 ingentia
850 1763 926 1802 VH,
961 1763 1041 1796 241.
1073 1762 1207 1806 ingens
1244 1759 1382 1793 obsidio
1419 1761 1510 1800 VIII,
1547 1760 1628 1795 647.

109 1809 208 1851 lVr.)
304 1808 372 1841 488
398 1809 455 1848 in,
479 1808 573 1852 quod
599 1808 628 1840 si
654 1808 769 1849 absit,
795 1820 863 1841 non
890 1808 1106 1847 desiderem,
1142 1807 1209 1839 soli
1242 1807 1342 1839 deest
1376 1809 1495 1850 Sprot.
1544 1815 1628 1839 tra-

105 1857 235 1888 iectum
260 1855 296 1886 in
325 1855 461 1897 Hugen.
556 1856 624 1889 489
651 1856 780 1887 tendat
805 1868 852 1887 sc.
877 1855 1026 1892 serrum,
1065 1854 1199 1898 aliquot
1226 1853 1315 1885 Pier.
1343 1854 1405 1885 sed
1444 1860 1520 1894 est,
1556 1864 1626 1897 quo

106 1908 280 1935 certantes
306 1901 510 1943 intendant,
546 1902 718 1946 dirigant,
757 1901 934 1946 sagittam.
984 1902 1143 1935 tendant
1175 1900 1265 1933 alter
1296 1901 1433 1944 Menag.
1476 1899 1627 1946 serrum

105 1949 262 1982 tendant
285 1948 446 1981 Parrhas.

106 2081 198 2105 rum
218 2066 320 2104 extis
346 2066 515 2104 deorum
547 2066 737 2105 voluntas
766 2080 841 2105 ex-

106 2125 303 2176 quiritur,
351 2125 449 2161 aliae
489 2124 750 2173 caeduntur,
797 2125 840 2162 in

106 2183 251 2233 quibus
275 2183 357 2219 sola
386 2183 517 2220 anima
549 2182 623 2220 deo
657 2189 840 2221 sacratur

106 2254 176 2279 seu
210 2240 398 2288 honoris,
431 2254 500 2278 seu
530 2240 769 2292 expiationis
802 2247 840 2278 et

106 2298 282 2336 numinis
343 2298 525 2348 placandi
577 2312 726 2337 caussa.
789 2299 838 2337 cf.

108 2356 283 2393 Mam-ob.
306 2356 356 2393 III
381 2358 464 2394 Sat.
488 2356 526 2396 5.
587 2357 761 2394 Ductuin
789 2356 837 2393 ab

108 2413 238 2450 hostia
271 2414 519 2451 succidanea.
568 2415 615 2451 cf.
646 2414 716 2452 ins.
750 2415 838 2462 XII,

108 2474 192 2511 296
235 2471 335 2507 liam-
369 2474 508 2508 melior
542 2474 705 2521 magni-s·
740 2473 839 2509 (lala

108 2531 274 2565 mettum
304 2529 424 2565 ‹lii-is.
475 2529 653 2566 Guellius
699 2530 840 2567 laudat

110 2585 229 2622 Ovid.
252 2586 300 2622 VI
328 2586 432 2623 Fust.
460 2589 552 2628 162.
584 2589 680 2623 extis
699 2590 839 2636 pneri-

110 2643 214 2680 libus
239 2672 247 2689 ,
301 2645 430 2692 inquil
453 2673 462 2690 ,
764 2659 839 2694 pro

105 2715 236 2751 parvo
260 2702 423 2736 vit-lima
440 2715 574 2749 parva
598 2702 732 2745 cadis,-
769 2702 844 2737 (for

109 2773 183 2808 pro
220 2759 357 2802 (orcle,
621 2773 695 2807 liro
719 2758 840 2804 silari-s·

111 2817 253 2851 sumine
281 2814 452 2862 fil1ra.s·;
503 2816 622 2850 llanc
655 2818 840 2852 (viimam

111 2873 221 2910 vobis
236 2887 310 2922 pro
335 2873 493 2908 meliore
520 2873 678 2908 (lamus.
743 2872 840 2914 484.

112 2930 178 2967 hic
222 2932 347 2967 vit-lor
366 2953 419 2957 —
441 2944 611 2979 repono:
674 2943 693 2965 a
741 2936 838 2967 noto

514 2646 680 2680 l'arcile
706 2674 714 2690 ,

409 2773 453 2806 [η
463 2773 571 2803 «σονς,

899 2079 1031 2116 more,
1064 2081 1102 2105 v.
1127 2080 1160 2106 c,
1192 2065 1334 2104 Horat.
1367 2065 1421 2103 III
1452 2064 1529 2103 Od.
1559 2067 1626 2106 26.

901 2126 1027 2161 Nune
1044 2139 1162 2162 arma
1187 2123 1497 2175 deficta-lamque
1525 2122 1626 2160 hello

900 2182 1095 2220 Barbzsston
1119 2189 1194 2220 etc.

955 2240 1038 2282 485
1068 2254 1151 2291 sqq.
1194 2240 1300 2277 Idem
1331 2244 1531 2277 certamen
1566 2250 1626 2287 ap.

897 2297 1060 2336 Homer.
1091 2298 1201 2335 Iliad.
1231 2313 1279 2349 ψ,
1313 2298 1397 2339 850
1427 2309 1504 2346 sq.‚
1559 2293 1629 2332 sed

898 2356 1073 2393 variavit
1107 2355 1233 2394 inulta
1266 2354 1474 2405 Virgilius,
1526 2365 1627 2401 quam.

897 2413 1009 2450 facile
1033 2414 1330 2465 comparatione
1361 2413 1464 2448 sacta
1497 2410 1628 2447 anim-

898 2470 1107 2508 advertere
1150 2472 1251 2509 licet.
1336 2469 1432 2510 487.
1483 2482 1624 2516 manu,

898 2528 938 2565 h.
975 2529 999 2566 l.
1042 2543 1183 2579 magna
1221 2525 1483 2565 multitudine
1513 2527 1627 2565 Serv.

898 2586 977 2623 Nisi
1008 2586 1137 2636 placet
1167 2585 1344 2636 accipere
1375 2584 1548 2630 dictum,
1579 2588 1627 2620 ut

899 2658 1054 2691 magna
1080 2658 1229 2689 marm,
1275 2642 1322 2679 de
1358 2640 1548 2678 heroibus
1582 2653 1628 2677 ac

896 2701 1066 2737 sortibus
1084 2701 1191 2738 viris.
1225 2699 1324 2752 (vid.
1357 2699 1400 2737 V.
1430 2699 1470 2735 L.
1508 2696 1626 2750 llfr.)

899 2759 1044 2794 iS'et-esli
1065 2772 1149 2809 sup.
1184 2759 1209 2805 l,
1242 2761 1338 2803 611,
1372 2770 1420 2794 ne
1452 2756 1501 2793 de
1531 2757 1627 2792 Ser-

896 2821 1005 2864 gesto
1026 2817 1171 2865 cogites
1193 2829 1241 2852 ex
1262 2829 1299 2852 v.
1326 2817 1399 2855 121
1425 2828 1510 2864 sup.
1542 2822 1627 2849 lra-

898 2875 995 2909 ievlo
1030 2875 1073 2909 in
1093 2875 1226 2923 sitne,
1277 2873 1383 2910 funis
1410 2870 1626 2917 traiicitur,

897 2935 1122 2968 transverse
1175 2930 1501 2982 circumplicatur
1556 2941 1627 2965 co·-
