1779 3420
105 203 207 249 208
440 195 494 242 P.
539 191 893 242 VIRGILII
930 186 1299 237 MARONJS

104 323 203 373 Hic
227 321 366 371 canit
389 328 661 370 errantem
682 316 884 380 lunam,
914 315 1150 382 solisque
1176 313 1414 373 labores3

105 393 266 445 Unde
287 391 577 440 hominurn
598 405 783 453 geum,
812 396 864 436 et
890 385 1156 453 pecudes;
1195 383 1345 434 unde
1373 382 1563 445 imber,
1592 389 1645 430 et

906 472 1081 520 lgssesg

107 538 414 594 Arcturum,
429 529 742 596 pluviasque
765 527 983 592 Hyadas,
1004 526 1363 591 geminosque
1389 523 1645 581 Triones;

110 602 255 667 Quid
304 610 515 651 tantum
554 600 778 649 Oceano
827 605 1130 664 properent
1172 613 1228 645 sc
1270 596 1512 660 tinguere
1558 608 1646 640 so-

906 666 984 716 les
1543 666 1647 714 745

108 741 364 805 Hiberni‚
401 738 489 788 vel
514 754 651 805 quae
676 736 841 786 tardis
863 754 1017 786 mora
1040 734 1290 786 noctibus
1315 734 1505 785 obstet.

204 884 275 919 ⁴742
300 878 485 926 scripsisse
502 878 690 911 nonnullos
714 879 758 919 is,
780 877 916 911 Pierius
936 884 1072 911 monet.
1121 877 1266 911 Scilicet
1293 877 1352 909 hic
1382 876 1454 909 eius
1477 875 1558 908 loco
1580 887 1649 921 po-

112 932 227 966 situm.
278 932 393 973 Atque
416 927 444 959 is
466 927 607 971 quidem
630 925 763 970 (lopas)
793 925 887 958 canit
906 933 973 959 etc.
1000 926 1204 971 (falluntur,
1241 924 1300 969 qui
1326 925 1374 957 ita
1396 925 1455 957 hic
1474 935 1540 967 pro
1569 925 1602 956 is
1631 936 1651 956 a

110 979 228 1026 poetis
250 976 336 1022 poni
359 981 503 1019 putant3
539 974 609 1006 vid.
639 976 682 1013 Q.
712 974 755 1005 V.
785 974 902 1014 XVII,
929 975 962 1014 5,
989 987 1017 1007 c.
1066 974 1136 1007 Vix
1164 972 1310 1005 tulerint
1342 974 1518 1004 Romanae
1537 982 1650 1011 aures,

112 1026 207 1073 quod
228 1023 377 1057 Bothius
411 1021 562 1054 invexit:
604 1024 660 1055 Ac
685 1021 796 1054 canit.
838 1022 933 1065 IVr.)
1031 1022 1102 1056 743
1139 1022 1235 1053 unde
1255 1032 1376 1065 genus
1404 1020 1590 1052 hominum
1616 1026 1652 1051 ec

107 1072 292 1121 pecudum
313 1090 357 1095 —-
380 1069 507 1102 Hamb.
538 1081 591 1113 pr.
622 1068 806 1114 pecudeS,
850 1081 966 1112 aqua,
1001 1068 1115 1102 imber
1142 1076 1176 1100 ec
1205 1069 1226 1100 i.
1255 1068 1310 1100 ed.
1331 1068 1421 1100 Ven.
1452 1067 1526 1099 scil.
1553 1078 1652 1111 aqua

113 1134 155 1154 ex
174 1120 304 1164 glossa.
355 1125 390 1149 et
410 1118 510 1162 ignis
530 1120 649 1161 Sprot.
669 1122 705 1147 ct
725 1115 895 1148 Rottend.
918 1122 1002 1149 tert.
1054 1125 1089 1149 et
1111 1116 1292 1162 pecudes,
1325 1127 1446 1160 genus
1469 1114 1567 1147 unde
1583 1112 1651 1160 se—

113 1180 239 1201 rarum
270 1165 400 1197 Medic.
431 1163 548 1196 Pierii.

647 1161 716 1197 744
747 1163 971 1208 Pliadas-que
1001 1165 1162 1207 Ιζγαάαδ
1189 1163 1306 1207 plures
1340 1162 1432 1206 apud
1454 1161 1591 1201 Heius„
1618 1168 1651 1193 et

114 1216 185 1247 duo
212 1213 320 1247 Goth.

371 1211 613 1256 Plyadu-s'que
642 1209 784 1254 hyades
806 1210 861 1242 cd.
880 1212 970 1243 ven.
1020 1211 1270 1255 Pleiadasque
1299 1209 1476 1251 Pari-has„
1517 1208 1653 1241 scilicet

113 1261 279 1307 quoniam
309 1258 396 1292 alias
430 1258 675 1302 Pleiade-sque
705 1258 928 1302 Hyadesque
954 1257 1051 1302 iungi
1078 1264 1205 1290 norant
1239 1259 1329 1302 (sup.
1359 1258 1489 1301 Georg.
1519 1258 1544 1297 Ι,
1572 1257 1652 1291 138.

113 1309 214 1342 Iliad.
245 1317 277 1349 σ,
302 1306 383 1342 486.
411 1306 511 1338 Ovid.
533 1306 617 1338 Met.
643 1305 741 1344 XIII,
767 1306 872 1343 293‘2:
900 1305 1011 1338 invito
1031 1312 1157 1344 metro,
1186 1304 1288 1349 plane
1319 1312 1355 1337 ut
1379 1308 1463 1337 Aen.
1487 1306 1545 1344 ΙΙΙ,
1570 1305 1652 1344 516,

115 1357 177 1390 ubi
202 1355 296 1388 idem
324 1366 445 1387 versus
472 1352 634 1395 recurrit,
660 1352 790 1384 sactum
811 1352 991 1393 videmus3
1026 1365 1068 1386 v.
1090 1352 1211 1385 Ilcins.
1239 1353 1283 1386 ad
1315 1365 1344 1386 e.
1374 1352 1397 1385 l.
1447 1360 1654 1398 septemque

115 1406 257 1437 triones
277 1402 470 1445 Hamburg.
492 1400 593 1432 alter.
689 1400 759 1434 745
787 1401 857 1441 Qui
874 1401 982 1433 Goth.
1013 1413 1083 1434 sec.
1132 1409 1337 1446 properant
1360 1406 1432 1432 tres
1456 1398 1652 1432 Burmanni.

115 1465 155 1485 se
174 1451 362 1495 intingere
382 1461 434 1494 pr.
455 1448 598 1487 Moret„
625 1446 737 1492 quiet
758 1459 858 1487 mox,
886 1447 1018 1481 obstac.
1115 1447 1185 1483 746
1211 1456 1288 1481 tum
1318 1460 1413 1493 quae
1442 1446 1550 1479 Goth.
1583 1459 1653 1479 sec.

114 1511 186 1532 non
204 1497 307 1530 male.
356 1497 466 1529 Iidem
497 1495 535 1528 hi
563 1495 633 1528 duo
667 1506 787 1527 versus
817 1496 898 1530 745.
930 1497 1001 1531 745
1030 1507 1136 1540 supra
1165 1497 1297 1540 Geor-g.
1327 1496 1368 1536 ΙΙ,
1395 1496 1477 1530 481.
1497 1495 1568 1529 482
1588 1506 1652 1527 oc-

116 1545 318 1580 currebant.

119 1655 196 1694 bus
236 1651 365 1691 omnis
395 1648 652 1703 philosophia
685 1657 857 1689 naturae

119 1712 392 1765 qualicunque
406 1708 744 1760 contemplatione
759 1724 859 1748 con-

118 1771 348 1818 tinebatur,
388 1768 588 1816 rationes,
625 1768 735 1818 quod
768 1782 859 1806 car—

119 1829 239 1869 minis
262 1832 544 1880 argumentum
567 1839 619 1863 ex
651 1841 862 1879 cosniogo-

121 1889 187 1928 nia
217 1894 258 1925 et
290 1899 343 1925 ex
374 1884 552 1938 physicis
584 1888 757 1936 petitum
792 1891 862 1923 est.

121 1946 247 1996 Quod
288 1950 425 1983 autem
463 1943 672 1982 Atlantem
715 1951 860 1983 cantus

121 2005 360 2058 magistrum
385 2002 493 2051 facit,
524 2001 703 2041 fabulam
731 2003 861 2041 alicu-

121 2065 184 2103 ius
215 2069 360 2116 poetae
387 2060 530 2099 Graeci
557 2061 862 2113 exquisitim-em

121 2122 302 2170 redolet,
335 2120 464 2160 veluti
489 2119 599 2171 quod
622 2121 703 2158 Ecl.
727 2121 777 2158 VI
799 2120 863 2158 Si-

123 2182 239 2220 lenus
262 2179 430 2233 physica
459 2177 644 2218 docebat.
705 2178 863 2217 Atlanti

123 2240 247 2291 vulgo
266 2239 424 2277 tributa
446 2237 624 2276 siderum
649 2238 792 2276 notitia
820 2250 866 2274 ac

125 2297 321 2350 sphaerae
352 2296 581 2334 inventum.
645 2296 695 2334 cf.
731 2297 866 2348 Intpp.

126 2355 249 2395 Ovid.
265 2355 315 2393 IV
338 2354 523 2396 Met.631
548 2361 643 2393 em:
676 2355 865 2407 adApol-

127 2414 209 2453 lod.
230 2414 323 2451 Not.
347 2427 386 2464 p.
407 2414 486 2454 681
513 2426 570 2462 sq.
630 2413 741 2451 Idem
761 2414 867 2450 inter

126 2472 279 2526 primos
330 2469 590 2522 philosophos
632 2478 867 2509 recensetur

127 2545 150 2569 a
192 2530 364 2581 Diogene
412 2529 544 2567 Laert.
595 2529 636 2567 in
686 2543 866 2582 prooem.

128 2590 388 2638 Quamquam
419 2585 520 2624 haec
553 2587 686 2625 onmia
715 2588 764 2625 ad
796 2602 866 2626 so-

127 2648 213 2686 lum
235 2644 504 2684 astronomiae
525 2645 703 2683 studium
725 2646 867 2684 referri

128 2710 311 2759 possunt.
389 2704 490 2741 Cum
540 2704 654 2755 lopas
705 2704 866 2756 Tyrius,

129 2777 240 2803 nunc
260 2764 430 2810 Poenus,
456 2760 717 2800 citharoedus
738 2763 866 2801 indu-

130 2822 284 2862 cendus
318 2826 418 2858 esset
447 2834 469 2857 a
491 2826 634 2873 poeta,
666 2826 781 2859 acute
810 2820 867 2858 A-

128 2882 301 2922 tlantem
347 2892 367 2917 e
411 2878 552 2917 vicinis
593 2878 869 2918 Mauretaniae

131 2938 337 2979 montibus
381 2942 590 2976 auctorem
628 2938 868 2988 carminum,

917 1665 1019 1704 quae
1041 1658 1218 1701 caneret,
1250 1651 1285 1689 ei
1303 1651 1523 1689 arcessivit.
1557 1665 1653 1688 ma-

918 1714 1054 1750 ximus
1087 1711 1224 1748 Atlas.
1282 1710 1380 1749 Aen.
1419 1710 1530 1760 VIII,
1571 1711 1653 1752 136

919 1772 1125 1808 mcurimus
1139 1769 1276 1817 Aahx,
1294 1791 1342 1797 —
1359 1768 1555 1806 aetherios
1573 1768 1654 1805 ltu-

919 1844 1025 1866 mero
1048 1830 1119 1880 qui
1137 1829 1301 1865 suslinel
1325 1842 1437 1864 axes.
1485 1828 1555 1865 Est
1580 1840 1654 1864 au.-

920 1894 1001 1926 tem
1026 1885 1259 1938 simpliciter
1283 1885 1435 1924 dictum
1464 1900 1540 1938 pro
1566 1898 1654 1923 ma-

917 1960 1032 1998 gnus,
1091 1945 1157 1982 sic
1177 1946 1364 1982 maxima
1382 1946 1486 1982 luno
1507 1950 1546 1982 et
1566 1943 1654 1981 alia.

977 2006 1061 2045 742
1071 2026 1127 2032 —-
1139 2002 1235 2046 746.
1269 2004 1482 2041 Emnnlem
1499 2004 1654 2047 lunam,

918 2077 993 2117 pro
1037 2063 1159 2100 lunae
1197 2076 1341 2099 errores
1388 2074 1459 2100 seu
1501 2075 1653 2099 cursus.

919 2122 1015 2159 solis
1037 2120 1217 2169 labores,
1254 2120 1456 2172 desectus,
1489 2133 1655 2158 eorum-

920 2193 998 2232 que
1021 2193 1191 2218 caussas.
1225 2179 1367 2230 Georg.
1386 2179 1433 2227 Il,
1449 2177 1533 2220 478
1565 2180 1656 2216 De-

911 2239 1053 2291 seclus
1083 2239 1179 2276 solis·
1205 2239 1339 2275 varios
1361 2238 1561 2289 lunaeque
1588 2237 1656 2274 la-

925 2297 1050 2336 bores.
1126 2296 1316 2334 Attamen
1358 2296 1464 2334 Solis
1501 2295 1657 2333 labores

925 2362 964 2393 et
986 2356 1060 2408 ipsi
1081 2355 1130 2393 de
1153 2369 1277 2393 cursu
1297 2354 1390 2392 solis
1413 2352 1539 2406 accipi
1561 2367 1656 2406 pos—

926 2420 1034 2452 sunt.
1067 2413 1194 2451 imber
1222 2422 1257 2450 et
1285 2415 1415 2464 ignes,
1449 2411 1490 2450 h.
1515 2426 1546 2450 e.
1575 2412 1657 2449 sul—-

925 2486 1045 2524 gnra,
1079 2485 1129 2509 ex
1160 2471 1331 2509 nubium
1360 2471 1525 2509 asssictu.
1574 2470 1658 2508 Ar-

924 2540 1059 2568 cturus
1079 2530 1194 2568 stella
1213 2530 1341 2581 posita
1363 2530 1404 2567 in
1423 2530 1533 2581 signo
1550 2529 1659 2566 Boo-

925 2594 1011 2638 tae,
1044 2594 1083 2626 et
1104 2589 1278 2640 Hyades
1301 2588 1437 2625 stellae
1463 2589 1506 2625 in
1528 2588 1659 2625 fronte

925 2646 1061 2685 Tauri.
1095 2647 1144 2684 cf.
1164 2648 1277 2684 Serv.
1299 2646 1350 2683 ad
1369 2645 1410 2683 h.
1428 2645 1453 2683 1.
1479 2647 1660 2696 gemini—

926 2720 1002 2757 que
1030 2706 1219 2743 Triones:
1251 2710 1347 2742 sunt
1366 2703 1503 2741 Helice
1524 2709 1561 2740 et
1580 2703 1661 2755 Cy-

925 2777 1097 2811 nosura,
1129 2762 1230 2800 Ursa
1270 2762 1399 2800 maior
1441 2767 1479 2799 et
1514 2762 1661 2810 minor,

927 2824 1114 2867 teriones,
1148 2819 1189 2859 h.
1215 2833 1247 2860 e.
1276 2822 1414 2870 boves,
1447 2820 1579 2859 dictae
1606 2818 1662 2873 (v.

927 2879 979 2917 ad
999 2879 1141 2930 Georg.
1162 2878 1229 2928 ΙΙΙ,
1251 2880 1366 2930 381),
1400 2879 1494 2931 quia
1513 2879 1563 2917 ab
1588 2892 1663 2916 an-

926 2937 1048 2989 tiquis
1070 2936 1299 2977 hominibus
1330 2938 1404 2977 sub
1426 2938 1564 2988 boum,
1596 2936 1663 2975 iu-
