1811 3388
332 220 747 278 AENEIDOS
783 219 926 268 LIB.
963 217 1053 280 VI,
1091 219 1379 266 474—484
1513 222 1611 267 921

167 354 304 406 Inde
327 352 511 402 datum
535 346 756 396 molitur
777 346 889 395 iter.
961 344 1184 407 Iamque
1216 357 1333 388 arva
1364 340 1620 388 tenebant

100 426 322 485 Ultima,
361 437 496 488 quae
516 417 663 467 bello
691 416 811 465 clari
832 422 1033 462 secreta
1053 410 1413 476 frequentant.

100 496 200 545 Hic
219 493 292 542 illi
317 489 548 541 occurrit
569 486 806 551 Tydeus,
845 484 930 532 hic
959 481 1188 530 issclutus
1212 479 1368 527 armis

103 562 569 626 ParthenopaeuS,
610 565 661 606 et
684 554 890 606 Adrasti
910 551 1152 619 pallentis
1171 551 1360 613 imago.
1526 550 1626 596 480

103 635 202 684 Hic
221 631 453 681 multum
477 627 588 677 fleti
611 626 673 676 ad
699 640 944 691 superos,
982 621 1240 686 belloque
1265 615 1463 677 caduci,

106 700 467 755 Dardanidae:
507 714 642 763 quos
668 695 754 744 ille
784 694 959 744 omnis
990 692 1153 754 longo
1183 688 1373 737 ordine
1404 701 1630 733 cernens

106 771 376 838 Ingemuit
401 811 414 833 ,
466 768 837 832 Glaucumque
857 804 869 827 ,
914 761 1282 825 Medontaque
1305 798 1318 821 ,
1358 754 1631 805 Thersilo-

897 832 1186 896 chumque,

113 913 231 962 Tris
258 906 633 971 Antenoridas,
672 904 966 970 Cererique
996 916 1205 949 sacrum
1241 895 1632 963 Polyphoeten,

206 1042 275 1077 477
301 1036 448 1073 tenebat
475 1036 609 1081 aliquot
641 1034 846 1074 Heiusiani,
883 1039 920 1065 et
953 1030 1112 1064 defendit
1143 1026 1367 1061 Marklandus
1399 1026 1443 1059 ad
1476 1028 1564 1058 Stat.
1599 1034 1634 1067 p.

113 1089 195 1125 264.
243 1087 361 1121 Possit
385 1097 468 1118 sane
494 1091 530 1117 et
555 1084 622 1116 hoc
646 1082 732 1115 ferri
759 1082 802 1113 de
827 1080 904 1113 solo
932 1083 1070 1118 Aenea,
1103 1075 1260 1121 inprimis
1286 1080 1433 1117 propter
1457 1073 1514 1105 illi
1539 1071 1572 1102 in
1600 1082 1632 1102 v.

114 1136 196 1172 479.
245 1135 315 1168 Sed
340 1132 461 1178 quidni
487 1138 522 1163 et
546 1130 622 1174 ipsa
647 1129 781 1171 Sibylla
808 1133 1055 1166 accenseatur,
1090 1130 1127 1156 ut
1152 1121 1255 1155 toties
1280 1121 1381 1154 alibi:
1418 1126 1455 1151 ut
1489 1130 1520 1151 v.
1554 1117 1635 1152 384.

116 1184 196 1218 415.
224 1181 307 1225 (vid.
332 1183 374 1221 Q.
412 1180 457 1213 V.
490 1179 584 1219 VIII,
618 1177 652 1212 5.
693 1176 788 1217 Wr.)
883 1172 952 1208 479
986 1173 1070 1204 hinc
1101 1170 1263 1203 inclutus
1298 1166 1424 1199 Medic.
1473 1165 1638 1204 inclitus,

117 1229 280 1272 inclytus
305 1234 340 1259 et
367 1226 423 1259 hic
450 1225 553 1258 codd.
647 1224 717 1257 480
748 1221 929 1268 pallantis
961 1224 1043 1251 tert.
1077 1215 1245 1250 Rottend.
1295 1213 1467 1246 bellantis
1502 1210 1637 1244 Zulich.

117 1277 184 1312 481
213 1277 263 1307 ΙΙί
295 1273 423 1307 Medic.
459 1283 535 1305 cum
569 1270 613 1303 al.
663 1270 729 1302 Hic·
763 1269 867 1303 Witt.
961 1266 1031 1300 482
1068 1265 1145 1309 ipse
1178 1274 1231 1306 pr.
1268 1261 1390 1293 Hamb.
1441 1272 1472 1292 0.
1506 1260 1639 1290 circum

118 1322 279 1356 Parrhas.
329 1322 466 1364 (omnes
490 1318 616 1350 Medic.
646 1316 742 1359 Wr.)
836 1313 906 1348 433
926 1312 1141 1354 Blecluntaq.
1181 1308 1439 1351 Torsz'locumq.
1478 1304 1640 1337 Tersz'lo-

122 1382 281 1414 conque,
316 1378 423 1413 prave
448 1365 552 1399 codd.
601 1362 901 1408 (leersilocumq.
934 1358 1062 1391 Medic.
1100 1358 1199 1397 Wr.)
1249 1354 1498 1397 Illedoncaque
1531 1351 1641 1383 vitio-

122 1428 196 1449 sum
232 1415 362 1455 videri,
409 1413 519 1445 Cerda
553 1418 695 1450 monet3
731 1421 807 1441 nam
845 1406 1032 1440 flledontis
1063 1403 1156 1448 apud
1189 1404 1376 1434 Homerum
1413 1398 1563 1441 plurium
1598 1408 1642 1429 ex

121 1462 263 1497 Achivis
290 1472 417 1493 nomen
442 1472 540 1500 esse,
574 1469 741 1501 nusquam
766 1454 935 1495 Troiani3
967 1453 1002 1484 in
1036 1462 1136 1482 versu
1171 1456 1303 1487 autem,
1340 1458 1440 1490 quem
1474 1443 1642 1487 Virgilius

124 1518 203 1543 ante
231 1507 351 1541 oculos
377 1506 545 1539 habuerit
571 1505 683 1548 (Iliad.
709 1515 751 1546 φ,
776 1501 871 1543 ΞΟΘ),
895 1499 986 1542 legi:
1011 1493 1127 1531 ’Ἔνθ’
1155 1493 1211 1530 ἕλε
1239 1489 1462 1536 Θερσίλοχόν
1489 1502 1527 1524 τε
1556 1486 1645 1523 Μύ-

125 1553 230 1591 δωνά
256 1566 308 1588 τε.
355 1554 425 1586 Sed
450 1554 484 1585 in
511 1551 662 1585 alienum
687 1560 823 1583 versum
848 1547 970 1580 incidit
994 1546 1046 1578 vir
1071 1543 1232 1585 optimus.
1280 1542 1369 1573 Nam
1394 1538 1492 1571 Iliad.
1519 1549 1552 1581 ρ,
1576 1537 1645 1571 216

125 1605 260 1637 Hector
286 1600 443 1646 appellat
468 1596 652 1642 ,Μέσθλην
681 1607 740 1637 τε,
767 1591 944 1628 Γλαῦκόν
968 1604 1027 1634 τε,
1052 1585 1233 1624 Μέδοντά
1256 1598 1317 1630 τε,
1348 1582 1571 1628 Θερσίλοχόν
1595 1593 1646 1616 τε.

127 1651 198 1686 484
220 1649 322 1681 Iliad.
349 1649 379 1690 λ,
415 1648 460 1682 59
499 1647 608 1689 Τρεῖς
642 1640 685 1678 δ’
719 1639 999 1685 Ἀντηνορίδας,
1035 1634 1214 1682 Πόλυβον
1244 1632 1309 1668 καὶ
1339 1630 1515 1676 Ἀγήνορα
1552 1630 1647 1670 δῖον,

126 1693 283 1731 Ἠίθεόν
309 1688 565 1742 τ’,Ἁκοὶμανέ
591 1688 793 1726 ἐπιείκελον
818 1684 1082 1722 ἀθανάτοισιν.
1130 1683 1357 1727 Polypoeten
1380 1680 1544 1712 adversus
1571 1678 1650 1708 Ho-

128 1744 215 1777 meri
241 1741 485 1775 auctoritatem
512 1744 695 1782 receperat
720 1738 832 1768 Burm.
860 1747 901 1767 ex
926 1731 1061 1766 Heinsii
1097 1728 1352 1763 emendatione.
1401 1725 1470 1759 Sed
1496 1726 1649 1757 Homero

131 1789 374 1831 Πολυποίτης
410 1794 464 1819 est
498 1785 644 1829 insignis
681 1784 773 1816 inter
807 1782 958 1814 Achivos
995 1779 1191 1822 principes,
1232 1786 1302 1806 non
1342 1773 1433 1805 inter
1465 1771 1653 1804 Troianos.

129 1842 242 1871 Antea
266 1834 490 1877 Polyboeten
518 1832 580 1875 (sic
604 1831 732 1864 Medic.
763 1830 859 1871 Wr.)
886 1826 1088 1871 legebatur,
1126 1831 1162 1856 et
1194 1821 1298 1854 variis
1332 1818 1542 1862 corruptelis
1576 1819 1654 1849 1²0-

131 1883 299 1929 lyboten‚
327 1879 532 1926 (Polzbocen
549 1881 584 1914 2.
605 1880 638 1913 8.
670 1877 764 1920 Wr.)
792 1874 1023 1919 Ροζγὸειεηι,
1050 1869 1289 1909 Poliboetem,
1315 1867 1538 1912 Poliputem‚
1564 1866 1653 1909 (Po-

133 1932 271 1977 lipocen
296 1929 328 1963 3.
355 1929 389 1963 7.
420 1928 516 1968 lVr.)
543 1923 772 1969 Pogybuten,
798 1921 1031 1965 Ροζγὸοιειη,
1068 1924 1103 1950 et
1127 1915 1341 1959 interpolate
1367 1916 1401 1945 C.
1429 1924 1457 1944 S.
1484 1924 1552 1956 que
1578 1912 1653 1942 Po-

135 1977 264 2021 byten,
303 1974 412 2008 Goth.
447 1980 528 2006 tert.
562 1976 596 2005 C.
630 1984 659 2005 S.
692 1983 761 2015 que
796 1969 961 2007 Politen,
1006 1976 1113 2010 porro
1150 1962 1392 2007 Poliplzetem,
1427 1958 1655 2003 Poliplzeten.

134 2024 270 2057 Ultima
303 2022 390 2054 haec
425 2020 469 2052 ad
492 2016 618 2051 ¹veram
653 2017 842 2049 lectionem
878 2015 1020 2046 ducunt:
1062 2010 1326 2054 Polyphoeten.
1369 2005 1468 2037 Iliad.
1510 2016 1543 2045 v,
1587 2004 1655 2037 791

135 2071 228 2103 inter
251 2068 450 2107 Troianos,
475 2065 538 2099 καὶ
563 2062 743 2098 ἅντίθὲον
762 2059 1017 2103 Πολυφοίτην.
1069 2057 1174 2097 Quod
1210 2054 1331 2086 Cereri
1363 2064 1524 2089 sacrum,
1561 2049 1595 2082 h.
1626 2060 1656 2080 e.

137 2115 274 2150 cereris
300 2113 517 2147 sacerdotem
544 2111 639 2151 edit,
664 2109 849 2142 Homerica
873 2106 1071 2140 imitatione
1095 2103 1192 2136 facit.
1240 2098 1416 2134 Eleusinia
1451 2097 1556 2129 initia
1579 2096 1658 2128 sru-

139 2172 211 2198 stra
235 2163 302 2195 huc
328 2166 429 2194 vocat
454 2159 726 2194 Warburtonus.

199 2253 458 2299 477—534.
491 2253 641 2291 Aeneas
656 2264 763 2290 nunc
779 2263 874 2302 per-
932 2249 1036 2300 βαις.
1067 2243 1149 2283 vid.
1167 2239 1350 2294 Apollod.
1380 2238 1444 2287 ΙΙΙ,
1476 2240 1513 2278 6.
1558 2236 1661 2287 pal-

144 2322 258 2367 agrat
301 2313 494 2364 Campum
532 2312 756 2362 priscorum
799 2307 875 2344 lie-
933 2306 1063 2351 lentis,
1092 2309 1296 2351 tamquam
1318 2297 1505 2336 umbrae:
1537 2294 1661 2331 adeo-

143 2387 274 2413 roum.
350 2371 492 2408 <latam
544 2367 671 2418 simpl.
729 2365 874 2416 accipe,
935 2375 1011 2413 que
1029 2375 1103 2412 pro
1123 2367 1158 2396 et
1179 2358 1393 2395 Adrastus.
1446 2352 1552 2391 Nihil
1575 2365 1662 2388 am-

146 2445 224 2483 qua
255 2429 323 2468 via
351 2433 492 2480 patet,
533 2426 657 2463 ducit.
717 2424 878 2461 molitur
934 2419 1050 2472 plius.
1110 2416 1211 2454 Male
1235 2415 1282 2452 de
1304 2413 1480 2464 fugiente
1510 2409 1665 2461 accipe-

148 2492 244 2537 iter,
286 2486 460 2538 peragit,
501 2484 557 2520 ait
588 2486 700 2520 Serv.
761 2480 876 2518 Scili-
936 2490 998 2516 res
1040 2476 1081 2513 in
1118 2475 1206 2511 loco
1246 2471 1336 2509 hoc.
1414 2469 1516 2507 Male
1548 2468 1667 2505 etiam

150 2553 213 2586 cet
231 2552 278 2584 ut
303 2544 410 2595 apud
434 2548 571 2594 poetas
600 2540 755 2586 moliri,
790 2552 879 2575 mo·-
938 2548 1029 2573 cum
1047 2532 1124 2570 hoc
1142 2531 1313 2568 Adrasto
1332 2526 1588 2566 confundunt
1604 2526 1668 2563 in·-

150 2617 269 2651 vere,
301 2609 340 2639 et
369 2613 504 2652 agere,
535 2600 682 2646 facere,
714 2602 773 2632 est
793 2594 879 2647 pri-
939 2598 1066 2630 estem
1094 2590 1208 2628 illum
1240 2587 1458 2625 Troianum
1492 2582 1602 2622 Iliad.
1635 2583 1668 2630 ξ,

152 2675 262 2701 mum
284 2660 332 2697 de
360 2672 403 2697 re
431 2669 595 2708 magnae
623 2654 757 2701 molis,
796 2660 882 2690 tuin
939 2653 995 2693 37
1017 2662 1101 2699 sqq.

155 2721 204 2758 de
224 2730 461 2769 quacunque
482 2728 537 2752 re.
597 2727 698 2750 αννα
718 2712 878 2757 ultima,
1002 2708 1098 2747 481.
1119 2705 1216 2755 steti
1243 2702 1300 2740 ad
1338 2714 1524 2752 superos,
1563 2694 1671 2747 apud

154 2779 195 2816 in
218 2776 278 2814 his
299 2775 417 2822 locis,
450 2785 551 2823 quae
575 2771 675 2808 citra
706 2767 887 2806 Plutonis
945 2766 1084 2812 vivos,
1126 2763 1232 2800 inter
1258 2758 1450 2798 homines.
1511 2754 1668 2800 caduci,

155 2835 301 2885 regiam
325 2863 334 2880 ‚
375 2832 552 2882 Elysium
593 2835 632 2866 et
674 2828 888 2864 Tartarum
947 2837 1020 2875 pro
1040 2817 1242 2866 πεσόντες;
1277 2817 1430 2864 neseio,
1455 2827 1502 2850 an
1524 2813 1674 2864 primus

157 2898 262 2930 sunt.
292 2890 356 2942 (ef.
380 2887 495 2941 540.)
558 2887 652 2927 479.
671 2884 766 2926 480.
788 2886 890 2921 Sunt
949 2878 1164 2919 novaverit
1192 2875 1396 2925 Virgilius,
1428 2872 1509 2908 eius
1538 2881 1675 2906 exem-

156 2950 200 2989 hi
222 2962 269 2987 ex
294 2959 462 2986 numero
488 2947 567 2985 τῶν
590 2940 686 2984 ἑπτά
715 2941 780 2982 ἐπὶ
810 2939 890 2993 Θή·
950 2939 1016 2991 plo
1057 2941 1162 2974 certe
1204 2932 1333 2971 inulti.
1395 2929 1519 2968 Etiam
1558 2927 1677 2975 longo
