1811 3388
562 215 680 261 AD
751 210 1177 259 LIBRUM
1241 211 1299 258 ΙΙ
1579 217 1677 263 439

189 350 291 382 esset
327 342 543 393 Eurylwn,
602 339 710 392 apud
755 339 914 390 Dionys.
949 339 986 388 Ι,
1026 339 1080 379 65
1109 338 1304 390 reperias,
1351 337 1455 377 adde
1493 341 1599 392 Orig.
1631 343 1676 381 G.

188 402 300 439 Rom.
334 398 397 448 14,
435 398 543 448 quod
571 403 611 435 et
639 397 771 448 ipsum
802 396 965 447 antiquo
994 401 1136 448 poetae
1166 395 1301 434 deberi
1330 395 1504 435 videtur.
1563 400 1678 437 Alios

188 459 265 496 duo
296 457 490 506 parvulos
514 455 632 502 filios
669 453 859 492 abductos
895 453 946 491 ab
984 455 1124 491 Aenea
1168 454 1342 502 tradere,
1395 455 1498 492 alios
1536 469 1674 504 unam,

186 517 253 552 cui
288 513 378 551 lulo
407 526 644 563 cognomen,
689 519 783 562 post
821 513 943 548 eliam
971 511 1173 560 Ascanio,
1202 510 1357 562 faerit,
1398 526 1533 549 secum
1566 521 1679 550 extu-

185 572 296 619 lisse,
334 569 383 617 Q.
414 570 596 607 Lutatius
635 568 828 620 scriptum
858 568 1096 619 reliquerat,
1143 581 1183 607 v.
1214 567 1319 619 Orig.
1351 568 1397 608 G.
1428 569 1543 607 Rom.
1576 583 1608 608 c.
1639 573 1677 619 9,

185 634 222 665 et
253 628 308 665 sic
330 640 379 664 ex
398 626 602 665 Hellanico
631 633 771 664 narrat
800 626 959 678 Dionys,
990 625 1019 674 1,
1050 625 1117 675 47,
1147 625 1287 664 relicto
1308 624 1475 665 Ascanio
1505 625 1678 665 Aeneam

184 684 358 736 reliquos
387 684 531 723 liberos
562 697 652 722 cum
684 689 799 735 patre
829 689 869 722 et
899 683 973 721 diis
1002 682 1145 720 Patriis
1175 696 1307 721 secum
1341 685 1529 722 avexisse.
1556 684 1677 722 Asca-

183 743 293 781 nium
323 748 468 792 tamen,
504 742 574 780 etsi
604 741 787 780 relictum
817 741 858 779 in
886 739 1065 789 Troade,
1096 753 1215 790 mox,
1255 754 1345 779 cum
1374 747 1489 793 pater
1519 741 1560 780 in
1590 742 1677 780 Ma-

183 799 345 838 cedonia
362 800 533 849 obiisset,
562 812 608 837 co
631 799 833 836 accessisse
853 811 1056 848 novosque
1079 797 1240 836 colonos
1269 798 1362 836 inde
1382 812 1514 837 secum
1531 799 1573 837 in
1594 800 1677 837 Ita-

181 857 273 896 liam
293 856 517 907 abduxisse,
546 856 771 895 tradiderat
792 856 893 894 alius
913 861 1030 894 vetus
1046 860 1196 906 auctor,
1228 869 1345 908 quem
1363 855 1494 896 Schol.
1511 857 1621 895 Iliad.
1640 874 1677 907 ν,

184 914 265 957 459
297 915 526 967 exscripsit,
567 915 654 952 loco
693 914 771 952 iam
801 927 921 965 supra
954 918 1187 952 memorato.
1245 914 1373 952 Multo
1410 914 1538 952 maior
1573 915 1677 953 circa

181 972 391 1010 Ascanium
423 972 632 1011 diversitas
659 978 749 1023 post
777 971 997 1009 adventum
1027 970 1069 1008 in
1098 970 1266 1023 Italiam3
1297 971 1366 1010 sed
1396 971 1445 1011 de
1474 971 1538 1011 his
1570 986 1677 1011 nunc

182 1044 263 1068 non
292 1030 450 1081 agimus.
481 1029 562 1069 vid.
593 1030 758 1069 Excurs.
788 1029 841 1067 111
872 1028 924 1067 ad
952 1027 1018 1067 lib.
1051 1027 1137 1067 XII.
