1811 3388
502 214 1291 276 ADLIBRUM'VI
1531 237 1662 284 1037

264 335 372 376 Nihil
409 339 452 377 in
489 338 553 377 his
594 343 790 393 occurrit,
839 347 950 396 quod
992 361 1227 403 magnopere
1275 355 1440 400 mireris,
1498 359 1544 398 In
1580 374 1663 400 uno

148 393 214 432 vel
263 395 390 434 altero
431 410 574 448 genere
619 400 884 442 substiterunt
923 411 1079 444 veteres
1127 423 1273 449 omnes.
1332 413 1385 451 At
1423 418 1663 458 recentiores

145 457 288 503 poetae
319 453 444 504 epici,
478 468 650 505 quorum
680 458 921 499 incredibilis
952 470 1011 502 est
1040 479 1252 518 numerus,
1291 471 1477 511 varietati
1508 481 1546 512 et
1584 490 1660 514 no-

150 509 269 548 vitati
288 510 421 561 primo
450 512 540 552 loco
571 515 818 556 studendum
855 532 936 557 esse
968 522 1150 562 arbitrati
1189 532 1295 565 sunt.
1353 528 1488 580 Itaque
1526 546 1660 572 omnes

146 566 324 604 rationes
363 583 409 606 ac
447 570 530 608 vias
572 572 968 628 circumspexerunt,
1018 581 1161 630 quibus
1201 584 1361 623 futurae
1400 600 1462 625 res
1498 599 1660 641 possent

144 624 340 676 praedici,
369 626 496 677 iisque
523 632 773 681 exponendis
806 635 981 674 carmina
1010 639 1123 677 suavi
1149 641 1322 691 episodio
1354 647 1498 685 ornari.
1558 649 1658 687 Cum

143 694 242 720 vero
272 683 449 722 rationes
478 686 567 723 illae
597 701 644 725 ac
671 690 781 728 modi
808 692 884 730 sint
914 695 1030 744 pauci
1061 696 1278 736 admodum
1306 714 1473 740 numero
1484 733 1495 752 ,
1538 706 1657 744 novi—

144 752 222 789 que
252 740 352 779 adeo
381 742 538 781 inventi
574 744 662 784 laus
700 761 782 786 non
821 751 1003 789 omnibus
1043 760 1141 791 esset
1177 763 1335 808 parata,
1379 760 1575 812 plerisque
1614 764 1656 801 in

143 799 388 836 ornamentis
420 807 459 838 et
488 801 698 853 pigmentis
732 819 851 858 opera
881 809 959 847 fuit
989 814 1268 852 consumenda.
1326 816 1465 867 Itaque
1499 819 1541 857 in
1579 833 1656 859 va-

142 855 283 893 rietate
314 858 496 907 quamvis
524 873 685 912 magna,
717 864 749 900 si
778 865 912 916 plures
942 869 1182 919 contuleris,
1219 872 1397 911 taedium
1427 881 1561 914 tamen
1591 879 1654 915 sa-

142 912 197 950 cit
235 913 342 952 idem
383 915 531 966 ubique
569 925 775 958 revertens
807 935 943 961 rerum
982 925 1106 975 ordo,
1152 929 1288 966 eadem
1326 930 1653 982 phantasmatum

142 971 311 1022 species,
355 978 394 1009 et
432 973 475 1011 in
512 987 648 1014 rerum
686 991 829 1029 parum
867 981 1131 1032 probabilium
1170 992 1210 1023 et
1249 987 1513 1028 absurdarum
1554 1006 1653 1044 ope—

138 1041 231 1066 rosa
261 1031 551 1080 conquisitione
582 1035 757 1073 confessa
785 1037 1030 1088 ingeniorum
1061 1042 1335 1083 infecunditas.

253 1086 310 1124 Ea
341 1088 502 1138 quidem
532 1092 729 1143 carmina,
772 1096 916 1145 quibus
946 1110 996 1135 ex
1026 1099 1156 1149 prisca
1193 1115 1232 1138 re
1274 1106 1442 1154 equestri
1476 1107 1649 1156 petitum

138 1149 199 1180 est
229 1152 532 1196 argumentum,
565 1150 697 1199 qualia
726 1151 918 1191 Italorum
946 1155 1128 1207 inprimis
1157 1165 1252 1196 sunt
1282 1166 1322 1197 et
1350 1161 1648 1213 Britannorum,

140 1214 371 1241 communes
401 1205 482 1242 sere
511 1206 615 1245 inter
647 1221 687 1245 se
717 1210 946 1249 futurarum
975 1226 1111 1252 rerum
1143 1218 1471 1267 exponendarum
1501 1219 1649 1259 habent

136 1259 333 1310 rationes,
363 1274 477 1312 nam,
517 1263 614 1302 dum
643 1280 858 1317 magorum
888 1275 926 1306 et
954 1270 1193 1309 daemonum
1230 1281 1363 1325 partes
1396 1276 1439 1313 in
1478 1277 1525 1314 iis
1564 1285 1648 1318 tam

133 1317 374 1370 praecipuae
405 1326 518 1370 sunt,
557 1322 670 1361 facile
706 1337 779 1375 per
808 1339 948 1366 eorum
978 1329 1197 1367 ministeria
1227 1333 1344 1370 etiam
1375 1332 1473 1371 haec
1502 1337 1647 1374 carmi-

135 1374 195 1412 nis
224 1389 318 1427 pars
348 1378 575 1429 expeditur.
635 1382 782 1420 Eadem
812 1386 1036 1435 argumenti
1064 1387 1217 1426 indoles
1255 1404 1437 1441 magnam
1480 1394 1646 1432 commi—

133 1432 315 1471 niscendi
344 1435 546 1475 licentiam
576 1438 714 1489 affert,
753 1447 801 1478 ut
841 1442 940 1480 adeo
980 1444 1192 1482 insolentia
1232 1447 1350 1485 etiam
1392 1455 1431 1485 et
1472 1450 1645 1489 absurda

132 1501 271 1528 rerum
300 1492 493 1531 miracula
521 1501 681 1546 tamen,
727 1499 929 1548 quomodo
967 1501 1186 1553 improbes,
1223 1518 1306 1542 non
1344 1505 1511 1557 habeas;
1552 1522 1645 1546 nam

133 1546 175 1584 in
225 1548 301 1586 isto
350 1563 488 1589 rerum
536 1566 678 1604 genere
722 1568 767 1592 ea
812 1557 1092 1608 probabilitate
1130 1574 1202 1599 sua
1238 1576 1320 1600 non
1357 1563 1643 1604 destituuntur.

131 1604 429 1657 Simplicissima
472 1616 532 1648 est
573 1613 760 1662 §Penceri
807 1614 949 1666 (Fairy
995 1617 1129 1666 cheen-
1166 1619 1278 1658 Cant.
1318 1621 1383 1670 III,
1424 1621 1487 1671 VI,
1528 1623 1645 1661 XXV

129 1664 233 1716 sqq.)
264 1665 390 1714 ratio;
420 1670 639 1719 exponitur
665 1670 895 1710 Britomarti
922 1674 1075 1725 puellae
1097 1689 1118 1712 a
1138 1675 1305 1715 Merlino
1334 1691 1447 1730 mago
1480 1693 1526 1717 ac
1551 1687 1644 1718 vate

130 1733 214 1758 non
243 1722 364 1760 modo
396 1726 541 1763 amoris
572 1741 797 1778 successus,
829 1743 971 1768 verum
1002 1732 1120 1770 etiam
1156 1734 1298 1773 domus
1335 1741 1374 1772 et
1403 1738 1643 1787 posteritatis

129 1777 313 1830 fortuna3
354 1786 394 1818 et
421 1783 576 1821 Ariostc'
605 1784 806 1837 (Orlanclo
837 1787 995 1838 furioso
1035 1790 1161 1828 Canto
1199 1791 1294 1844 II[);
1331 1807 1423 1830 nam
1465 1808 1557 1833 casu
1594 1795 1644 1833 ad

129 1834 288 1874 Merlini
336 1839 564 1890 sepulcrum
607 1848 647 1879 et
683 1843 972 1896 sarcophagum
1010 1846 1141 1885 delata
1178 1849 1455 1888 Bradamantis
1497 1854 1644 1903 partim

129 1905 181 1930 ex
219 1894 379 1933 Merlini
420 1911 510 1947 ore,
559 1900 711 1951 partim
751 1901 930 1940 Melissae
968 1917 1103 1955 magae
1143 1913 1229 1944 arte
1272 1909 1444 1946 evocatis
1478 1910 1642 1957 umbris,

129 1950 264 2002 stirpis
312 1954 514 1992 Atestinae
559 1970 609 1994 ex
657 1971 698 1994 se
745 1965 782 1996 et
825 1959 993 2010 Rogerio
1033 1962 1209 2000 oriturae
1250 1965 1389 2002 seriem
1429 1968 1640 2016 cognoscit.

131 2008 252 2059 Apud
290 2011 464 2048 Tassam
495 2011 716 2063 (Gierzcsal.
751 2016 861 2053 liber.
898 2018 1008 2055 Cant.
1039 2020 1162 2067 XVII,
1187 2022 1311 2059 LXVI
1331 2022 1432 2074 sqq.)
1465 2024 1638 2062 Rinaldo

127 2066 332 2117 progenies
365 2068 607 2120 fortunaque
639 2071 781 2110 domus
819 2074 1024 2112 Atestinae
1065 2076 1187 2127 clipeo
1226 2078 1422 2130 insculpta
1463 2081 1510 2118 ab
1551 2094 1638 2118 ere-

126 2123 226 2160 mita
256 2124 488 2176 exhibetur,
526 2140 626 2177 quae
669 2129 907 2169 adumbrata
944 2133 1050 2170 sorte
1089 2141 1184 2172 sunt
1224 2148 1274 2172 ex
1315 2136 1467 2174 Aeneae
1513 2139 1637 2189 clipeo

125 2180 193 2219 lib.
225 2181 313 2219 VIII
343 2183 440 2221 Aen.
499 2184 580 2222 Nec
608 2187 779 2225 multum
809 2189 965 2227 abludit
989 2192 1143 2228 Artosti
1172 2192 1248 2229 alio
1278 2193 1319 2230 in
1350 2194 1436 2232 loco
1463 2193 1636 2246 (Or-lan-

127 2239 176 2275 do
204 2238 365 2289 ficrc'oso
402 2241 513 2279 Cant.
556 2243 746 2297 XXXIII)
786 2246 910 2295 ratio,
947 2260 1040 2284 nam
1080 2249 1181 2285 bella
1223 2263 1243 2286 a
1285 2251 1404 2288 Gallis
1443 2253 1482 2288 in
1526 2253 1635 2290 Italia

124 2296 296 2346 gerenda
326 2298 366 2335 in
397 2299 545 2349 pariete
578 2300 735 2338 Merlini
763 2309 848 2340 arte
880 2305 1030 2353 magica
1060 2305 1215 2356 depicta
1250 2307 1526 2346 Bradaniantis
1562 2309 1635 2347 he-

124 2352 243 2390 roina
274 2354 462 2406 adspicit,
493 2357 667 2395 eiusdem
704 2359 858 2397 Merlini
899 2368 982 2398 arte
1021 2362 1062 2399 in
1098 2364 1236 2400 fontis
1276 2367 1487 2402 marmorei
1527 2368 1634 2405 scul-

124 2416 248 2460 ptura
288 2410 432 2464 (Canto
472 2415 619 2464 XXVI,
663 2416 801 2469 XXX)
847 2417 1047 2456 Francisci
1085 2420 1113 2469 Ι,
1154 2421 1370 2459 Galliarum
1413 2424 1549 2473 Regis,
1591 2426 1633 2462 in

125 2467 278 2506 ltaliam
310 2470 510 2520 expeditio
542 2472 671 2510 efficta
704 2480 781 2523 est,
812 2481 852 2512 et
882 2476 956 2513 alio
980 2476 1068 2514 loco
1101 2476 1190 2528 (sub
1232 2480 1257 2516 s.
1296 2480 1407 2518 Cant.
1446 2482 1631 2530 XXXIV,

125 2530 165 2561 et
205 2526 320 2564 Cant.
359 2528 546 2581 XXXV),
586 2530 683 2568 dum
720 2532 935 2570 Parcarum
973 2534 1152 2571 manibus
1195 2541 1363 2574 tractata
1407 2539 1553 2576 vellera
1591 2540 1631 2576 in

123 2581 277 2620 Lethen
308 2592 572 2635 sparguntur,
613 2588 661 2624 de
700 2587 916 2641 Hippolyto
955 2590 1136 2629 Atestino
1173 2594 1394 2644 praedictio
1436 2597 1530 2634 satis
1564 2597 1629 2633 in-

122 2640 279 2689 geniose
310 2642 573 2694 subiungitur.
640 2647 838 2683 'l'rissimcs
879 2646 1023 2699 (ltalia
1053 2649 1218 2687 liberata
1249 2652 1322 2688 (lai
1362 2652 1472 2705 Geli)
1514 2654 1627 2690 etiam

122 2696 225 2734 binis
255 2698 350 2736 locis
379 2699 564 2738 historias
593 2704 839 2752 sequentium
870 2710 1095 2756 temporum
1125 2707 1300 2746 intexuit
1331 2710 1512 2758 car1ni11i3
1542 2711 1627 2761 pri-

121 2766 233 2791 mum
266 2754 347 2806 (lib.
378 2757 452 2806 IX)
484 2759 694 2798 Belisarius
724 2762 927 2800 eremitam
967 2763 1008 2800 in
1046 2763 1180 2802 Monte
1223 2766 1420 2803 casinensi
1459 2767 1562 2815 adit,
1606 2782 1626 2804 a

124 2823 204 2860 quo
227 2813 436 2863 speluncae
467 2816 643 2855 inclusus
673 2832 778 2856 novo
810 2820 883 2857 visi
912 2833 1052 2871 genere
1082 2822 1123 2858 in
1155 2823 1293 2860 collem
1323 2824 1411 2874 rapi
1455 2825 1525 2861 sibi
1563 2825 1625 2862 vi—

122 2867 266 2917 detur,
295 2870 337 2907 in
368 2885 447 2921 quo
477 2875 668 2924 utrinque
699 2877 902 2928 speculum
932 2878 1011 2915 sole
1041 2879 1188 2927 maius,
1219 2894 1240 2916 a
1272 2881 1383 2918 laeva
1413 2894 1475 2918 res
1506 2895 1624 2932 prac-

120 2925 278 2975 tentas,
317 2941 339 2964 a
371 2928 515 2967 dextra
545 2932 721 2983 futuras,
764 2935 889 2973 oculis
925 2935 1103 2986 subiicit3
1147 2936 1294 2987 Angelo
1334 2938 1540 2976 Herininio
1580 2953 1625 2976 ac
