1811 3388
493 169 609 217 AD
680 169 1238 224 LIBRUMV
1523 188 1621 235 843

116 296 160 335 in
191 297 381 348 Erycem,
399 293 580 349 ''Eqvnffi
610 301 744 334 mutat
775 297 994 338 Cluverius.
1055 299 1208 348 Quidni
1237 308 1394 354 tamen,
1425 305 1458 344 si
1484 307 1625 360 Elymi,

115 354 310 407 populus,
341 354 526 403 suerunt,
558 359 605 391 ut
634 354 738 392 infra
767 355 991 395 videbimus
1021 357 1117 396 Exc.
1149 359 1200 397 [ΙΙ
1239 360 1290 398 ad
1327 375 1365 400 v.
1395 365 1473 412 73,
1514 366 1626 405 vicus

116 413 181 452 vel
212 411 406 463 oppidum
438 424 520 449 esse
549 412 615 451 vel
648 412 754 450 tradi
783 414 963 465 potuerit
992 412 1040 455 τοὶ
1070 413 1257 468 ’Ἐλυμαῖ
1297 419 1418 457 etiam
1457 421 1488 459 si
1518 423 1628 461 nulla

116 470 200 508 eius
231 469 305 506 alia
334 469 526 508 memoria
556 476 754 510 occurrat.
813 471 912 510 Mox
942 487 975 511 c.
1006 473 1060 515 53
1093 471 1148 526 (p.
1179 474 1252 526 42)
1293 476 1457 515 Veneris
1486 479 1629 532 Eryci-

117 540 191 566 nae
221 527 414 579 templum
447 527 658 566 conditum
686 529 818 567 fertur
857 529 923 570 ἐπὶ
952 533 1004 586 τῇ
1033 534 1192 587 κεφαλῇ
1221 536 1295 573 τοῦ
1323 530 1518 588 Ἐλύμου,
1560 538 1630 576 ubi

117 591 296 637 praestat
336 585 438 623 sorte
477 599 567 624 cum
607 586 705 624 viris
748 586 876 625 doctis
919 588 1109 639 scribere,
1159 589 1225 631 ἐπὶ
1267 594 1321 646 τῇ
1355 597 1520 646 κορυφῇ
1555 599 1630 636 τοῦ

107 640 295 696 ’Έρυκος.
355 643 455 680 Nam
485 643 675 682 Bocharti
706 645 872 696 argutiis
902 646 1085 696 equidem
1115 661 1197 685 non
1235 649 1408 688 multum
1452 638 1630 691 tribuere

118 701 245 750 soleo,
277 700 345 752 qui
375 707 412 738 et
442 700 529 750 hie,
560 708 607 740 ut
641 703 809 754 Erycem
839 703 887 741 ab
917 703 1103 742 hebraica
1136 706 1283 756 origine
1318 707 1463 746 ducere
1492 711 1628 761 possit,

117 759 160 796 in
191 760 382 810 Elymum
420 759 521 797 illud
560 765 712 808 mutat,
752 767 803 799 ut
840 761 891 799 ad
932 763 1043 799 Elim
1081 763 1245 800 tandem
1285 778 1349 802 res
1390 766 1628 807 deducatur.

117 816 282 854 Ferrem
311 823 445 854 tamen
473 826 645 854 montem
674 819 865 870 Elymum
895 820 943 857 ab
975 820 1123 871 Elymis
1143 821 1434 862 habitatoribus
1462 825 1627 865 dictum.

118 874 159 912 Si
186 873 378 912 historica
410 874 490 912 fide
520 875 580 913 uti
606 875 721 924 nolis,
752 882 790 914 et
819 877 1070 926 contendere,
1101 892 1210 916 nunc
1238 879 1398 919 demum
1428 882 1476 919 ab
1497 883 1629 922 Aenea

118 932 259 971 urbem
289 932 454 970 Acestae
484 939 666 984 paratam
696 946 798 983 esse,
830 935 1155 986 quandoquidem
1183 937 1343 975 Acestes
1373 946 1522 978 venatu
1563 941 1628 979 in—

118 995 180 1028 ter
211 990 330 1028 silvas
359 989 486 1028 vitam
518 991 637 1042 egisse
669 992 850 1030 traditur
878 993 926 1043 V,
959 996 1012 1034 37
1046 997 1212 1032 occurrit
1238 997 1399 1034 Acestes
1426 999 1628 1036 Horridus

119 1049 162 1085 in
191 1049 336 1085 iaculis
367 1057 403 1085 et
427 1049 533 1099 pelle
563 1048 794 1100 Libysticlos
824 1065 963 1098 ursae,
1004 1057 1044 1089 et
1075 1054 1153 1093 301
1191 1053 1362 1090 Aci-sueti
1388 1056 1524 1104 silvis,
1558 1071 1628 1093 co-

119 1107 233 1143 mites
262 1106 424 1143 senioris
454 1107 647 1155 Acestae,
681 1120 806 1158 eoque
852 1107 1007 1146 ducunt
1047 1108 1121 1146 alia
1152 1108 1258 1157 loca,
1301 1111 1354 1159 V,
1397 1115 1491 1154 617.
1532 1116 1627 1154 631.

120 1165 222 1204 717:
261 1169 396 1200 tamen
432 1164 498 1202 vel
538 1164 594 1202 sic
632 1171 738 1202 recte
776 1172 894 1217 poeta
933 1166 1045 1203 urbes
1079 1166 1157 1204 iam
1189 1174 1280 1205 ante
1311 1168 1441 1207 dicere
1482 1171 1627 1221 potuit,

119 1233 221 1270 quae
252 1220 394 1259 eodem
423 1221 525 1270 loco,
556 1222 585 1269 Ι,
617 1222 699 1264 557
730 1224 861 1272 sedes,
903 1237 977 1275 pro
1008 1237 1246 1275 quoeunque
1275 1227 1436 1265 omnino
1468 1227 1628 1266 habita-

120 1278 238 1316 tionis
267 1291 429 1329 genere:
468 1281 525 1316 At
542 1279 657 1330 freta
688 1280 879 1318 Sicaniae
907 1281 1051 1318 saltem
1080 1282 1264 1333 sedesque
1301 1293 1473 1334 paratas
1514 1287 1628 1323 Unde

119 1336 198 1373 lzuc
229 1336 411 1384 advecti,
448 1350 657 1388 regemque
682 1346 870 1388 pelamus
900 1338 1096 1376 Acestem.
1160 1339 1291 1391 Atque
1321 1340 1399 1380 hoc
1428 1356 1553 1381 unum
1576 1343 1627 1381 ad

120 1393 388 1446 expediendas
419 1393 679 1433 difficultates
708 1394 828 1433 huius
856 1397 1007 1447 generis
1037 1396 1197 1436 sufficit.

452 1719 1169 1782 EXCURSUS
1240 1727 1301 1782 II

636 1847 739 1891 De
825 1849 1106 1907 Eryce

236 1959 283 2009 V,
309 1964 376 2003 23.
396 1963 450 2004 24
471 1964 562 2001 Nec
581 1964 700 2002 litora
721 1965 839 2015 longe
864 1967 963 2003 Esse
982 1981 1068 2004 reor
1083 1966 1269 2017 fraterna
1296 1968 1437 2018 Erycis
1465 1976 1628 2018 portus-

121 2031 196 2069 que
227 2018 407 2057 Sicanos.
470 2019 586 2058 Adde
619 2035 657 2060 V.
684 2024 779 2063 391.
811 2025 906 2063 392.
950 2022 1045 2064 403.
1083 2026 1167 2065 412
1199 2038 1255 2074 sq.
1297 2031 1337 2063 et
1367 2026 1449 2067 759
1470 2028 1623 2066 -761

128 2076 231 2111 Tum
272 2077 407 2114 vicina
445 2080 563 2115 astris
599 2080 771 2128 Erycino
808 2081 850 2117 ιή
890 2082 1031 2118 vertice
1069 2082 1178 2118 sedes
1218 2083 1438 2120 Fundatur
1481 2084 1627 2121 Veneri

121 2132 307 2182 Idaliae,
350 2136 579 2187 tumuloque
619 2137 802 2174 sacerdos
842 2138 904 2174 Ae
934 2139 1048 2175 lucus
1087 2138 1167 2175 lale
1205 2153 1318 2177 sacer
1345 2140 1509 2178 additur
1537 2140 1628 2177 An-

121 2189 266 2227 chiseo.

234 2247 337 2285 Mela
372 2248 420 2298 II,
451 2251 478 2290 7
509 2250 720 2288 flffonttssum
757 2253 867 2302 Eryx
906 2253 1081 2289 maxime
1122 2262 1384 2301 memoratur,
1427 2252 1473 2290 ob
1511 2252 1628 2289 delu-

121 2303 232 2341 brum
270 2307 436 2344 Veneris
465 2306 517 2343 ab
546 2308 686 2346 Aenea
718 2310 933 2349 condicum,
993 2309 1054 2346 EX
1084 2311 1235 2361 vulgari
1268 2312 1452 2362 opinione
1485 2323 1628 2347 nomen

122 2362 170 2399 ab
201 2363 328 2414 Eryce
360 2364 548 2413 ductum,
582 2379 698 2416 quem
730 2366 827 2403 adeo
858 2373 975 2418 poeta
1007 2366 1124 2406 docte
1155 2375 1195 2406 et
1224 2370 1351 2420 ipsum
1382 2369 1424 2406 in
1455 2367 1629 2405 carmine

121 2422 374 2470 memoravit,
405 2437 443 2461 v.
466 2425 542 2464 391
569 2438 625 2474 sq.
686 2425 795 2475 Eryx·
824 2423 889 2462 hic
910 2425 1090 2476 pugilatu
1121 2426 1274 2475 nobilis,
1305 2426 1467 2465 Veneris
1488 2438 1507 2462 e
1526 2426 1630 2463 Buta

122 2477 226 2515 filius
268 2476 323 2531 (v.
364 2479 508 2532 Hygin.
550 2481 576 2519 f.
607 2484 704 2530 260,
748 2482 843 2519 alios
886 2483 993 2533 apud
1030 2483 1187 2522 Cluver.
1218 2484 1322 2522 Sicil.
1353 2490 1435 2526 ant,
1476 2497 1515 2535 p.
1546 2485 1629 2524 269

124 2534 238 2588 sqq.),
269 2537 387 2576 etiam
411 2538 453 2576 in
482 2539 612 2577 numis
643 2541 946 2591 Segestanorum
979 2541 1132 2580 obvius.
1164 2556 1201 2580 v.
1222 2543 1438 2582 Burmann.
1471 2541 1521 2578 ad
1544 2541 1630 2578 Nu-

123 2594 250 2632 mism.
291 2596 366 2634 Sic.
404 2610 442 2648 p.
481 2600 564 2639 396
599 2611 682 2648 sqq.
743 2598 786 2635 In
817 2599 1084 2649 Erycinorum
1125 2601 1254 2637 numis
1298 2600 1405 2651 apud
1443 2599 1628 2637 Parmam

124 2656 164 2688 et
192 2652 415 2691 Pelerinum
447 2654 528 2706 ipse
558 2655 750 2693 Hercules
782 2669 990 2694 occurrere
1033 2657 1208 2700 videtur,
1268 2657 1389 2706 Quod
1424 2658 1465 2695 in
1495 2663 1630 2694 monte

125 2708 250 2760 Eryce
288 2712 362 2749 suit
399 2713 594 2764 templum
634 2714 797 2752 Veneris
835 2714 1176 2765 antiquissimum,
1220 2722 1265 2753 ut
1307 2716 1357 2754 ad
1387 2714 1628 2753 Phoenicum

124 2765 303 2805 Astartes
331 2770 583 2820 religionem,
624 2786 705 2810 non
734 2779 815 2810 tan]
846 2773 968 2821 male,
1010 2780 1056 2811 ut
1087 2773 1211 2811 multa
1245 2775 1340 2823 alia,
1381 2787 1401 2810 a
1432 2771 1628 2810 Boe-harto

124 2825 319 2863 reseratur
357 2825 560 2878 (Canaan.
603 2829 649 2877 Il,
693 2829 749 2882 1),
790 2831 942 2882 vulgari
983 2838 1113 2869 tamen
1152 2832 1255 2869 fama
1295 2831 1487 2869 Troianos
1530 2841 1628 2865 con-

126 2883 275 2921 ditores
318 2883 463 2922 habere
511 2886 722 2925 serebatur.
803 2888 906 2926 Ilinc
958 2887 1052 2926 nihil
1101 2890 1259 2928 suavius
1313 2888 1490 2927 versibus
1548 2886 1629 2927 759
