1811 3388
314 249 725 300 AENEIDOS
763 251 904 301 LIB.
942 252 1033 314 111,
1072 258 1370 306 386—400
1501 266 1600 310 501

87 377 137 424 Is
162 374 308 423 locus
328 375 474 423 urbis
498 375 619 437 erit,
658 377 871 442 requies
894 394 952 425 ea
977 388 1116 427 certa
1133 378 1394 434 laborum.

87 447 196 493 Nec
218 453 274 493 tu
296 461 605 493 mensarum
631 462 841 494 morsus
867 446 1119 497 horresce
1145 447 1378 502 futuros:

86 517 208 562 Fata
229 514 364 562 viam
390 515 686 575 invenient,
729 516 1007 583 aderitque
1031 528 1245 568 vocatus
1259 521 1470 587 Apollo,
1497 527 1599 575 395

85 585 188 631 Has
214 592 391 632 autem
418 593 606 643 terras,
645 585 870 652 Italique
899 586 1035 636 hanc
1056 588 1224 637 litoris
1249 607 1414 655 oram,

84 653 329 701 Proxima
352 671 487 720 quae
512 656 678 703 nostri
701 654 1046 720 perfunditur
1069 661 1314 725 aequoris
1336 670 1498 724 aestu,

83 719 304 785 Effuge:
345 733 531 772 cuncta
556 724 707 773 malis
728 725 1032 776 habitantur
1052 730 1268 779 moenia
1293 732 1472 782 Graiis,

82 792 178 840 Hic
202 801 254 840 et
277 795 479 857 Narycii
500 804 800 860 posuerunt
827 798 1042 846 moenia
1064 800 1234 863 Locri,

81 863 148 910 Et
172 861 493 912 Sallentinos
512 865 724 914 obsedit
745 865 912 915 milite
937 883 1154 934 campos
1494 875 1596 923 400

174 991 243 1025 393
269 993 341 1024 Hic
364 992 387 1024 l.
408 993 556 1026 Dorvill.
582 1000 617 1026 et
641 994 734 1038 apud
759 993 912 1027 Nonium
939 1003 971 1029 et
996 995 1211 1029 Cledoninm.
1258 997 1409 1042 (Nempe
1430 996 1480 1031 ita
1505 997 1595 1031 infra

80 1037 172 1077 VIII,
197 1039 271 1072 46.:
301 1040 414 1079 „Hie
439 1040 536 1073 locus
563 1041 658 1073 urbis
687 1041 773 1082 erit,
808 1042 947 1086 requies
985 1055 1026 1075 ea
1051 1050 1145 1076 certa
1169 1043 1365 1076 laborum.“
1413 1047 1459 1077 At
1485 1057 1595 1089 quor-

80 1096 153 1115 sum
183 1084 269 1118 haec
293 1086 328 1117 in
355 1087 477 1119 eadem
505 1100 541 1119 re
569 1088 750 1120 diversitas
785 1090 880 1132 apud
905 1089 1018 1134 ipsum
1045 1090 1213 1134 poetam?
1257 1103 1331 1124 rem
1360 1091 1525 1136 expediet
1551 1094 1594 1133 Q.

80 1131 122 1162 V.
144 1132 257 1172 XVII,
285 1135 317 1174 5,
345 1146 374 1166 a.
404 1134 500 1177 lVr.)
551 1144 631 1167 erat
657 1135 725 1167 duo
753 1137 866 1168 Burm.
917 1136 1023 1179 (vide,
1049 1136 1076 1169 si
1103 1137 1241 1180 placet,
1268 1138 1311 1170 de
1337 1138 1403 1170 hac
1432 1138 1593 1172 lectionis

80 1177 314 1223 discrepantia
340 1180 570 1213 disserentem
594 1182 963 1226 Martyni-Lagunam
983 1184 1026 1216 ad
1055 1185 1184 1217 Lucan.
1211 1186 1243 1223 Ι,
1268 1186 1324 1220 31.
1352 1205 1395 1208 -
1433 1195 1467 1218 et
1492 1195 1594 1218 certa

79 1224 157 1256 Alb.
189 1227 283 1268 Jl'r.)
357 1229 426 1262 395
451 1230 644 1261 inveniant
668 1236 817 1273 quatuor
843 1229 966 1262 Heius.
1048 1232 1117 1266 396
1143 1233 1225 1263 llas
1250 1233 1348 1264 inter
1369 1233 1478 1264 Goth.
1511 1239 1592 1265 tert.

81 1271 203 1304 urbem
230 1273 372 1306 Oudart.
399 1286 462 1318 pro
481 1287 552 1307 var.
580 1276 660 1308 lect.
687 1276 729 1308 ad
758 1289 867 1309 oram.
964 1277 1032 1311 397
1058 1290 1129 1322 qna
1154 1280 1276 1310 nostri
1298 1279 1472 1319 Pari-bas„
1497 1279 1593 1323 quod

79 1318 211 1351 arridet
235 1321 442 1353 Burmanno.
487 1321 732 1368 profunditur
758 1323 825 1355 duo
852 1323 944 1367 apud
971 1324 1130 1356 eundem.
1202 1326 1272 1360 399
1298 1327 1395 1357 Hinc
1429 1333 1463 1358 et
1489 1327 1593 1358 Nar-

80 1367 179 1406 ricii,
215 1367 376 1408 Narz'ci'i,
411 1368 551 1401 Nuntii
574 1369 812 1402 aberrationes
848 1370 1024 1403 Codicum.
1074 1368 1231 1414 Νάρυξ,
1268 1369 1375 1411 πόλις
1408 1372 1593 1416 Λοκρίδος

80 1419 145 1444 etc.
172 1413 293 1458 Steph.
320 1415 489 1458 (Natycii
507 1416 646 1456 Medic„
672 1425 685 1448 t
712 1423 824 1449 tamen
843 1417 949 1449 minio
976 1418 1223 1462 superscripta.
1256 1418 1349 1460 lls'r.)
1416 1419 1487 1453 400
1505 1421 1592 1452 Sal-

79 1459 240 1492 lentinos
264 1462 382 1494 Heius.
410 1474 484 1494 cum
511 1462 587 1493 aliis
613 1462 836 1506 melioribus,
874 1475 975 1507 quem
1000 1477 1031 1496 v.
1058 1471 1093 1496 et
1121 1476 1208 1509 quos
1234 1464 1354 1497 laudat
1378 1467 1490 1499 Burm.
1516 1479 1591 1499 cnm

78 1513 179 1538 antea
206 1507 336 1540 editum
362 1515 455 1540 esset
480 1510 712 1542 salentinos:
739 1522 827 1554 quae
852 1510 1028 1554 antiquior
1054 1523 1129 1544 esse
1154 1512 1274 1543 debuit
1300 1513 1482 1556 scriptura.
1517 1516 1590 1546 Sa-

78 1553 362 1587 lantinosGoth.
388 1562 470 1587 tert.
496 1568 584 1599 quae
612 1557 786 1601 antiquior
810 1557 877 1588 fuit
903 1558 1073 1602 scriptura
1094 1558 1350 1599 Σαλαντίνων,
1369 1560 1463 1603 qnod
1486 1561 1590 1593 etiam

77 1611 118 1630 ex
144 1612 245 1633 numo
271 1601 445 1634 laudatur:
473 1603 516 1633 de
541 1614 610 1645 quo
636 1616 666 1636 v,
694 1604 825 1636 Eckhel
854 1604 1010 1637 Doctrin.
1036 1618 1126 1637 num.
1153 1607 1189 1638 P.
1215 1607 1240 1638 I.
1268 1608 1368 1638 Tom.
1395 1608 1419 1639 I.
1447 1620 1480 1651 p.
1511 1609 1588 1642 145.

77 1647 319 1689 (Sallentinos
340 1648 373 1680 in
396 1649 520 1681 Medic.
545 1656 683 1682 exstare
706 1650 755 1683 ait
778 1650 957 1691 Heinsius;
994 1651 1086 1684 idem
1106 1659 1258 1684 testatur
1276 1653 1422 1697 Foggin.
1448 1666 1483 1697 p.
1508 1655 1589 1690 459.

79 1694 175 1737 afr.)
226 1695 472 1728 Plzalentinos
495 1697 585 1728 Ven.
636 1698 831 1731 Salicanos
855 1701 976 1742 Sprot.
1026 1699 1138 1732 limite
1160 1699 1261 1732 Leid.
1286 1712 1342 1732 uu.

73 1798 178 1837 beris
195 1800 264 1839 inf.
284 1800 384 1849 VIII,
421 1803 476 1842 82
492 1815 568 1851 per
584 1801 800 1839 silvam—

73 1858 193 1895 viridi
209 1860 251 1895 in
265 1860 404 1896 littore.
451 1859 636 1896 Ceterum
660 1860 798 1898 obser-

72 1915 276 1964 vandum,
319 1930 394 1966 qua
424 1917 641 1954 verborum
667 1918 798 1969 digni-

71 1979 156 2010 tate
181 1974 353 2024 ignobile
379 1981 659 2026 argumentum
680 1982 798 2028 poeta

73 2032 291 2069 ornaverit.

129 2088 224 2130 394.
255 2090 455 2142 Harpyiae
482 2090 796 2142 praedictionem

72 2159 158 2196 sup.
189 2147 284 2188 255.
316 2151 410 2189 365.
434 2149 605 2200 respicit.
668 2151 792 2196 viam,

70 2204 265 2241 rationem
280 2211 319 2242 et
332 2206 485 2243 exitum
507 2206 671 2253 oraculi,
693 2207 799 2256 ipsae

69 2273 132 2298 res
172 2261 344 2311 dabunt,
402 2264 707 2311 monstrabunt,
758 2269 798 2300 et

69 2319 267 2370 propitius
310 2321 386 2358 erit
425 2320 591 2372 Apollo,
644 2321 796 2359 oraculi

69 2382 221 2418 auctor.

127 2437 222 2476 397.
253 2437 376 2472 nostri
394 2438 539 2483 maris,
572 2435 671 2472 Ionii
688 2435 794 2473 inter

67 2491 231 2542 Epirum
252 2500 291 2530 et
317 2492 481 2530 Italiam.
543 2495 638 2534 399.
672 2495 796 2530 Locri

68 2551 341 2600 Epizephyrii,
374 2551 414 2588 in
436 2551 622 2599 Bruttiis,
654 2551 701 2587 ad
721 2551 792 2588 lit-

66 2612 132 2643 tus
171 2608 306 2644 ltaliae
357 2614 556 2646 extremae
602 2610 790 2659 exterius,

66 2664 285 2702 Locrorum
317 2666 590 2717 Opuntiorum
621 2667 789 2716 colonia,

68 2734 238 2769 quorum
263 2729 346 2760 erat
366 2724 461 2761 urbs
483 2724 619 2775 Naryx
638 2726 700 2762 vel
711 2725 792 2761 Na-

66 2779 232 2827 ryciutn,
254 2794 303 2817 ex
326 2781 494 2819 adverso
520 2782 701 2819 Euboeae
725 2783 791 2819 in-

65 2835 183 2873 sulae.
222 2837 368 2875 Locros
390 2839 534 2876 Ozolas
554 2840 665 2877 urbis
691 2855 790 2877 con-

66 2893 214 2930 ditores
251 2895 369 2932 fuisse
399 2897 608 2934 contendit
643 2898 788 2936 Strabo

64 2950 128 2999 VI,
159 2965 197 3002 p.
220 2952 302 2993 259
326 2953 368 2990 B.
428 2953 505 2991 Sed
537 2956 789 2994 communior

858 1804 992 1855 opinio
1013 1804 1136 1842 altera
1159 1805 1237 1844 illa.
1269 1820 1307 1844 v.
1323 1806 1482 1845 Cluver.
1498 1807 1586 1845 Ital.

855 1875 894 1913 p.
922 1865 1025 1903 1301
1051 1877 1107 1913 sq.
1139 1864 1330 1914 Sequitur
1350 1877 1446 1902 vero
1470 1871 1588 1916 poeta

857 1933 943 1956 eam
974 1921 1265 1969 narrationem,
1314 1936 1390 1972 qua
1426 1936 1476 1959 ex
1507 1924 1587 1961 Lo-

856 1977 955 2026 cris,
1002 1978 1126 2016 Aiacis
1158 1980 1259 2018 Oilei
1290 1981 1425 2029 sociis,
1466 1981 1587 2018 fuisse

856 2035 1001 2073 crediti
1036 2043 1150 2085 sunt,
1202 2039 1270 2088 qui
1314 2038 1490 2088 dispersa
1534 2038 1585 2076 ad

855 2092 1107 2144 Caphareum
1132 2096 1454 2146 promontorium
1482 2097 1585 2133 clas-

855 2163 918 2199 se,
949 2151 989 2189 in
1012 2152 1194 2190 Bruttios
1223 2160 1353 2190 essent
1371 2153 1503 2192 delati.
1537 2155 1584 2191 cf.

855 2210 966 2246 Serv.
1045 2210 1170 2248 Aliter
1214 2210 1412 2261 Lycopllr.
1460 2212 1582 2253 1141.

857 2265 979 2314 1148,
998 2267 1067 2304 ubi
1084 2268 1133 2306 cf.
1146 2267 1278 2306 Sehol.
1310 2268 1409 2305 Vide
1428 2269 1578 2318 Olmse.

852 2324 985 2363 Acad.
1006 2325 1117 2363 Toni.
1138 2326 1182 2364 ΙΙ.
1210 2340 1247 2377 p.
1265 2325 1319 2366 46
1343 2339 1398 2375 sq.
1433 2326 1585 2363 Eeb—hel

853 2381 1053 2420 Doctrina
1082 2385 1253 2421 ZVzcmor.
1279 2383 1320 2421 P.
1353 2384 1380 2421 I.
1417 2384 1502 2422 Vol.
1535 2384 1578 2421 II.

852 2451 890 2488 p.
918 2439 1014 2479 257.

909 2495 1004 2537 400.
1028 2495 1123 2536 401.
1156 2497 1478 2547 Sallentinormn,
1511 2498 1578 2549 qui

851 2565 901 2589 ex
945 2554 1115 2604 antiquis
1154 2555 1354 2606 Messapiis
1402 2557 1578 2604 fuerunt,

850 2617 1003 2650 tractus
1033 2618 1118 2649 erat
1152 2613 1190 2650 in
1225 2614 1430 2664 peninsula
1463 2614 1578 2650 Cala-

849 2668 949 2710 bria,
1008 2670 1242 2708 Insederant
1263 2685 1350 2708 euin
1370 2685 1464 2708 mox
1480 2673 1577 2709 Cre-

852 2728 1022 2764 tensium
1045 2728 1241 2777 coloniae3
1273 2730 1321 2767 cf.
1344 2730 1489 2766 Strabo
1510 2730 1575 2778 Vl,

850 2798 887 2834 p.
916 2787 994 2825 281
1022 2785 1064 2823 B.
1098 2792 1215 2836 atque
1235 2786 1304 2823 has
1337 2787 1385 2823 ad
1418 2787 1575 2824 Idome-

850 2854 968 2878 neum
1005 2843 1122 2880 Troia
1152 2844 1360 2892 reducem,
1394 2845 1461 2882 sed
1480 2859 1574 2882 mox

848 2899 979 2949 patria
1007 2900 1177 2938 eiectum
1204 2901 1268 2953 (cf.
1291 2916 1375 2952 sup.
1408 2905 1500 2950 121,
1536 2908 1574 2938 *31

847 2956 915 2993 ins.
949 2957 1027 3007 XI,
1060 2958 1173 3012 265),
1205 2960 1387 2997 nonnulli
1421 2960 1572 2997 retule-
