1779 3420
108 208 241 256 1036
452 204 1057 254 EXCURSUS
1132 206 1268 257 XIV

449 386 1030 447 EXCURSUS
1114 390 1289 447 XIV

197 501 481 545 Futurarum
511 518 666 544 rernm
686 502 1037 560 praedictiones
1068 506 1117 545 in
1147 505 1272 561 epico
1302 506 1524 548 carmine.

222 616 287 667 VI,
318 618 403 660 752
426 630 510 668 sqq.
548 617 608 655 Ita
627 617 710 656 fere
727 616 939 656 hominum
965 617 1169 669 ingenium
1199 619 1291 668 fert,
1322 625 1370 657 ut
1398 620 1631 658 futurarum

105 688 243 714 rerum
268 675 515 714 obscuritate
533 676 661 713 multo
682 676 805 727 magis
826 682 1080 725 moveantur,
1112 690 1233 727 quam
1254 678 1474 729 praesentis
1504 685 1633 717 status

104 734 408 786 perspicacitate
430 739 470 770 et
496 733 720 784 evidentia3
761 734 823 771 uti
854 747 922 783 ea,
959 747 1060 785 quae
1090 741 1253 786 praeter
1278 741 1447 774 naturae
1479 748 1634 774 morem

107 791 226 841 fiunt,
265 792 411 843 vulgus
446 790 659 830 hominum
698 791 828 829 multo
861 792 981 843 magis
1017 793 1262 844 percellunt,
1304 808 1424 845 quam
1451 807 1553 844 quae
1584 807 1635 831 ex

106 850 311 905 praeclaro
333 856 502 888 naturae
524 850 667 888 ordine
684 849 926 902 procedunt,
958 851 1027 901 qui
1044 857 1179 889 tamen
1201 851 1341 890 animis
1360 853 1506 890 nostris
1525 852 1634 890 mul-

109 917 152 948 to
175 908 363 946 clariores
384 922 430 945 ac
449 909 699 960 potentiores
718 908 978 947 admirandae
1002 915 1043 946 et
1068 909 1298 948 adorandae
1318 910 1479 948 divinae
1508 917 1634 948 natu-

106 981 175 1007 rae
203 981 249 1004 ac
281 966 561 1018 providentiae
591 980 749 1004 caussas
770 967 1030 1020 suppeditare
1056 974 1213 1020 poterat
1241 983 1288 1006 ac
1310 969 1495 1007 debebat.
1555 968 1635 1006 Sed

108 1026 308 1064 caecutire
327 1025 528 1063 malumus
545 1026 587 1063 in
606 1025 773 1063 incertis
792 1039 913 1076 quam
935 1027 978 1063 in
1010 1027 1129 1064 certis
1161 1027 1450 1079 perspiciendis
1471 1028 1634 1078 acquie-

107 1097 228 1122 scere.
289 1083 428 1134 Itaque
451 1090 606 1135 poetae,
639 1084 706 1134 qui
723 1082 924 1122 humanae
946 1091 1117 1122 naturae
1140 1099 1294 1123 morem
1323 1093 1364 1123 et
1388 1085 1566 1124 indolem
1592 1085 1635 1123 in

109 1156 202 1181 suos
224 1155 321 1180 usus
345 1141 531 1191 trahunt,
559 1155 645 1180 rem
664 1141 862 1182 viderunt
882 1155 964 1180 esse
994 1144 1448 1182 accommodatissimam
1473 1145 1524 1182 ad
1547 1144 1636 1181 ani-

107 1214 195 1239 mos
214 1200 412 1238 tenendos
438 1206 479 1238 et
499 1200 782 1249 delectandos,
824 1207 873 1239 ut
895 1214 946 1239 ex
972 1214 1111 1239 rerum
1129 1209 1331 1254 gestarum
1351 1203 1544 1241 memoria
1578 1215 1634 1252 ea,

108 1272 211 1311 quae
234 1259 458 1310 argumenti
479 1259 580 1310 epici
598 1265 779 1311 tempore
803 1266 934 1297 essent
961 1260 1132 1310 seriora,
1170 1274 1243 1313 per
1266 1261 1445 1300 vaticinii
1468 1260 1635 1299 modum

107 1318 358 1364 intexerent3
398 1331 478 1368 quo
497 1317 667 1355 artificio
698 1317 775 1369 ipsi
796 1319 938 1369 tragici
969 1319 1101 1370 copias
1133 1318 1371 1358 dramaticas
1393 1320 1637 1372 amplificare

108 1390 192 1415 non
215 1375 417 1427 dedignati
435 1381 542 1414 sunt.
602 1376 658 1413 Ut
679 1376 783 1413 enim
812 1383 968 1414 taceam
988 1377 1152 1415 umbras
1175 1384 1375 1428 evocatas,
1417 1384 1637 1428 vatumque

110 1435 240 1483 effata,
271 1434 337 1472 vel
365 1434 550 1483 oracula,
593 1447 694 1485 quae
720 1435 866 1486 passim
901 1436 943 1474 in
975 1436 1134 1488 tragicis
1163 1443 1408 1486 occurrunt,
1450 1437 1666 1488 Aeschyli·

109 1491 374 1532 Prometheus
404 1493 564 1531 vinctus
596 1493 661 1530 Ius
692 1493 776 1530 fata
805 1494 955 1532 diserto
992 1500 1033 1532 et
1065 1501 1208 1534 ornato
1232 1495 1426 1534 vaticinio
1451 1498 1637 1548 exponit3

111 1553 196 1591 sata
216 1564 314 1590 vero
338 1551 480 1589 Troiae
511 1563 655 1601 resque
675 1558 769 1602 post
789 1553 950 1590 Troiam
975 1560 1245 1604 expugnatam
1275 1554 1507 1593 doctissimo
1539 1554 1637 1593 dra-

110 1615 216 1649 mate
237 1608 514 1661 Lycophronis
532 1609 757 1648 Cassandra
770 1624 780 1660 3
812 1611 962 1649 maiore
984 1612 1123 1662 utique
1144 1626 1236 1650 cum
1264 1612 1318 1662 vi,
1348 1626 1468 1663 quam
1493 1614 1524 1651 si
1546 1626 1638 1650 eae—

112 1668 206 1707 dem
226 1681 289 1706 res
312 1667 391 1706 iam
412 1673 544 1718 gestae
568 1673 608 1704 et
631 1667 684 1706 ad
711 1676 902 1708 eventum
920 1669 1143 1721 perductae
1165 1677 1352 1709 narratae
1384 1678 1526 1710 essent.
1559 1671 1637 1709 Sed

111 1727 247 1779 epicae
274 1726 500 1764 narrationi
520 1725 738 1764 variandae
760 1733 800 1765 et
820 1728 1128 1780 locupletandae
1154 1730 1244 1767 talis
1269 1730 1448 1769 vaticinii
1477 1730 1638 1782 exposi-

111 1785 171 1822 tio
198 1784 380 1836 inprimis
407 1784 711 1822 accommodata
742 1787 794 1823 sit
820 1799 977 1824 necesse
1004 1793 1086 1836 est,
1120 1802 1210 1826 cum
1239 1801 1289 1826 ex
1319 1790 1549 1827 futurarum
1570 1801 1637 1826 re·-

113 1856 206 1882 rum
223 1842 500 1894 praedictione
518 1847 680 1879 tantum
702 1844 925 1895 voluptatis
946 1858 1037 1881 cum
1058 1845 1323 1884 admiratione
1343 1848 1503 1898 capiant
1523 1861 1637 1884 mor-

112 1901 224 1940 tales.
284 1901 377 1948 Quo
409 1899 532 1952 magis
560 1899 640 1937 tale
670 1901 892 1953 episodium
925 1902 1149 1954 optandum
1188 1904 1267 1941 suit
1293 1905 1480 1956 Virgilio,
1523 1905 1637 1943 cuius

113 1965 202 1999 tota
219 1956 364 1996 Aeneis
385 1970 434 1996 ex
455 1958 640 2008 oraculis,
671 1959 833 1997 somniis
846 1990 855 2006 ,
886 1966 927 1997 et
944 1961 1143 1998 vaticiniis
1163 1961 1325 2013 pendet.

229 2016 494 2056 Praedicendi
528 2023 664 2055 autem
699 2031 762 2056 res
789 2018 948 2056 suturas
973 2019 1085 2057 modi
1121 2033 1205 2057 non
1237 2020 1337 2059 adeo
1367 2020 1487 2059 multi
1524 2026 1638 2070 sunt3

114 2088 189 2114 nec
210 2076 327 2122 enim,
358 2075 436 2113 nisi
454 2089 482 2112 a
503 2076 678 2124 vatibus,
713 2082 784 2114 aut
807 2091 833 2114 a
852 2079 938 2114 viso
955 2091 1026 2115 seu
1045 2078 1311 2128 vigilantibus
1342 2092 1411 2117 seu
1429 2081 1639 2116 somniam-

114 2134 232 2183 ίίὒιιε,
253 2133 376 2172 modo
400 2148 428 2171 a
446 2133 707 2172 daemonibus
728 2148 798 2172 seu
820 2136 955 2186 geniis,
977 2135 1099 2173 modo
1113 2138 1288 2187 magicis
1308 2136 1517 2175 hominum
1537 2138 1637 2174 arti>-

114 2192 210 2242 has,
243 2192 413 2241 obiecto,
446 2197 517 2230 aut
544 2192 595 2230 ab
622 2195 715 2243 ipsa
737 2194 879 2231 divina
903 2201 1068 2241 natura,
1109 2194 1308 2246 proficisci
1332 2209 1446 2247 posse
1471 2195 1638 2234 videtur

115 2250 198 2288 ulla
220 2250 452 2288 suturarum
480 2264 616 2288 rerum
650 2251 886 2303 praedictio.
946 2252 1111 2290 Nullum
1128 2266 1178 2290 ex
1197 2253 1258 2290 his
1279 2266 1401 2304 genus
1424 2259 1495 2303 est,
1528 2253 1639 2304 quod

115 2308 314 2346 intactum
334 2323 356 2345 a
378 2309 506 2360 poetis
525 2309 711 2347 relictum
731 2310 793 2348 sit.
854 2310 1044 2348 Omnium
1071 2311 1223 2361 primus
1239 2313 1442 2348 Ilomerus
1462 2324 1638 2350 evocan-

117 2366 178 2404 dis
198 2366 368 2405 Tiresiae
395 2366 580 2405 Manibus
601 2367 751 2419 Ulyssis
770 2367 946 2406 reditum
972 2375 1012 2406 et
1034 2369 1116 2406 sata
1145 2369 1374 2408 declaravit.
1404 2369 1544 2407 Phinei
1563 2384 1639 2408 va-

116 2424 255 2462 ticinio
300 2438 440 2462 rerum
482 2439 707 2463 successum
753 2426 1123 2477 Algonauticorum
1171 2430 1379 2477 scriptores
1428 2435 1640 2479 exponunt

118 2495 267 2520 omnes.
328 2483 461 2531 Quam
489 2484 640 2534 insigne
667 2484 843 2522 Maronis
868 2485 1079 2523 inventum
1108 2485 1180 2534 sit,
1219 2498 1387 2524 recensu
1414 2487 1638 2524 animarum

118 2539 161 2578 in
184 2553 354 2591 corpora
376 2541 693 2580 transiturarum
714 2542 946 2591 substituto,
977 2556 1074 2581 mox
1089 2543 1326 2582 videbimus,
1385 2543 1638 2582 Homericam

124 2596 305 2635 Manium
325 2599 599 2637 evocationem
620 2601 793 2638 retinere
815 2601 950 2638 maluit
978 2602 1102 2640 Silius
1122 2602 1228 2650 XIII,
1247 2601 1331 2643 400
1359 2615 1455 2652 sqq„
1487 2603 1554 2652 qui
1572 2608 1638 2638 ta-

121 2668 214 2694 men
235 2655 340 2693 idern
370 2657 503 2694 Iovem
533 2658 678 2695 Veneri
705 2659 884 2696 suturam
906 2660 1183 2698 Romanorum
1212 2660 1415 2697 fortunam
1435 2663 1639 2712 interpre-

119 2719 274 2751 tantem
296 2713 453 2751 inducit
475 2715 542 2752 lib.
564 2716 628 2764 III,
661 2717 743 2757 570
767 2730 850 2766 sqq.
884 2716 1054 2768 (Virgilii
1077 2719 1159 2754 fere
1176 2717 1357 2767 exemplo
1380 2715 1477 2754 Aen.
1500 2718 1528 2767 Ι>
1554 2720 1639 2759 257

120 2770 222 2825 sqq.)
283 2772 469 2810 Manibus
499 2773 671 2810 Tiresiae
700 2774 875 2810 evocatis
904 2774 1035 2812 utitur
1066 2776 1217 2811 Statius
1245 2774 1286 2811 in
1308 2774 1434 2812 Theb.
1457 2775 1524 2824 IV,
1554 2774 1639 2816 406

120 2843 204 2881 sqq.
235 2831 431 2868 Lucanas
450 2842 561 2881 sagae
583 2830 792 2867 Thessalae
818 2831 1024 2880 veneficio,
1064 2832 1107 2869 in
1126 2831 1304 2869 membra
1333 2838 1524 2872 revocato
1556 2833 1640 2884 spi-

124 2888 209 2926 ritu
241 2888 413 2926 cadaver
449 2889 600 2926 animat
629 2894 670 2926 et
696 2901 852 2940 pugnae
889 2888 1137 2927 Pharsalicae
1165 2896 1355 2929 eventum
1383 2890 1643 2944 praenuntiat

120 2944 188 2984 lib.
204 2945 270 2996 VI,
301 2946 384 2988 750
407 2959 490 2997 sqq.
