1827 3436
334 227 422 275 DE
463 226 772 274 CARMINE
808 226 1016 275 EPICO
1056 228 1305 278 VIRGIL.
1501 238 1566 282 35

60 354 141 401 dia
183 361 269 402 aut
311 358 554 415 acceptus
584 349 811 398 Patrocli
857 349 1047 400 sunere
1089 350 1246 400 dolor
1283 363 1564 420 erupturus

56 423 140 481 sit,
178 420 426 469 sollicitos
455 436 553 468 nos
588 428 776 469 teneat.

190 492 371 539 XVIII.
407 491 487 537 De.
521 505 676 536 versu
710 487 906 551 Virgilii
943 488 1094 553 epico
1127 489 1347 555 eiusque
1378 489 1444 538 ad
1474 508 1562 540 au-

54 575 168 606 rem
199 560 447 607 suavitate
473 574 529 605 ac
550 558 799 621 gravitate
830 557 1086 606 nonnulla
1120 558 1387 624 disputare
1419 560 1560 608 iuva—

54 636 148 682 ret„
170 629 264 676 nisi
299 628 556 676 maiorem
578 626 920 675 subtilitatem
942 644 1001 675 ea
1021 644 1104 676 res
1128 627 1367 690 haberet,
1401 646 1562 694 quam

53 705 113 745 ut
143 697 432 760 legentium
463 697 666 744 animos
692 705 744 744 et
768 695 952 744 oculos
986 705 1170 745 tenere
1194 699 1372 762 possit.
1422 697 1560 747 Illud

52 782 221 814 unum
243 765 610 827 monebimus,
650 766 701 813 in
731 781 969 813 errorem
994 765 1247 815 inducere
1271 766 1560 816 iuvenilem

54 836 289 883 animum
330 835 494 884 videri
540 851 655 897 eos,
704 835 792 900 qui
835 835 983 882 nimii
1014 835 1066 882 in
1111 852 1174 884 eo
1211 845 1356 899 sunt,
1403 845 1462 885 ut
1493 836 1559 886 ad

52 921 232 953 rerum
259 921 419 953 sonos
443 913 495 952 et
519 913 727 952 naturas
752 903 1189 952 accommodatos
1221 914 1272 953 et
1296 904 1563 955 formatos

52 974 214 1022 velint
235 990 346 1022 esse
377 990 570 1024 versus.
642 973 911 1038 Equidem
941 990 1052 1021 non
1081 973 1319 1023 diffiteor
1340 991 1556 1024 sensum

51 1060 140 1090 me
205 1044 362 1091 animi
418 1042 775 1107 refragantem
820 1041 1018 1091 habere
1039 1082 1051 1104 ,
1132 1044 1556 1111 quotiescunque

51 1112 376 1177 persuadere
416 1112 547 1160 mihi
588 1112 739 1173 volo,
787 1128 1043 1175 magnum
1072 1111 1307 1178 aliquem
1338 1123 1556 1179 poetam

53 1190 198 1229 aestu
246 1191 509 1230 tantarum
563 1199 745 1230 rerum
801 1181 1084 1247 abreptum
1134 1191 1186 1231 et
1234 1199 1554 1247 magnorum

51 1250 476 1315 phantasmatum
523 1251 572 1299 vi
629 1250 1014 1299 inflammatum
1068 1252 1120 1299 in
1175 1268 1311 1300 sono
1375 1270 1555 1302 cursus

53 1321 311 1384 equestris
353 1320 436 1368 vel
473 1320 631 1368 tubae
666 1320 751 1369 vel
781 1319 997 1368 aliarum
1041 1337 1223 1368 rerum
1268 1321 1553 1373 reddendo

54 1388 319 1447 laborare;
378 1393 627 1439 Attenuat
663 1406 721 1438 ea
767 1406 851 1437 res
897 1398 949 1437 et
986 1388 1238 1455 deprimit
1278 1391 1553 1456 ingenium

50 1467 240 1522 poetae
275 1468 327 1506 et
357 1459 478 1507 artis
514 1460 753 1523 poeticae
786 1459 1108 1521 dignitatem.
1183 1461 1318 1508 Sunt
1355 1469 1551 1525 tamen,

51 1527 143 1587 ais,
193 1527 319 1576 tales
350 1544 528 1576 versus
554 1528 606 1576 in
639 1528 844 1593 optimo
871 1543 1088 1594 quoque
1117 1537 1288 1593 poeta.
1361 1532 1550 1591 Recte;

49 1604 170 1643 sunt
198 1598 382 1662 utique
421 1597 597 1658 multi3
644 1597 738 1646 etsi
770 1597 950 1662 plures
990 1596 1117 1646 alios
1146 1597 1213 1646 ad
1257 1597 1362 1647 hoc
1407 1599 1550 1649 lusus

47 1680 213 1727 genus
253 1666 658 1715 accommodare
694 1666 829 1715 solet
871 1683 1061 1715 eorum
1106 1666 1405 1731 ingenium,
1460 1670 1551 1735 qui

47 1734 236 1783 talibus
270 1735 428 1783 rebus
465 1736 764 1799 indulgent:
823 1737 951 1797 Quis
985 1736 1152 1797 enim,
1191 1737 1287 1785 nisi
1314 1738 1417 1785 iam
1440 1739 1550 1786 ani-

46 1820 195 1851 mum
223 1805 285 1852 ad
309 1805 450 1853 leves
474 1804 572 1853 hos
596 1805 737 1854 lusus
764 1804 1049 1862 deflexerit,
1075 1805 1308 1854 studium
1331 1806 1548 1873 aliquod

46 1881 529 1937 poetaeagnoscat
571 1875 623 1922 in
666 1874 765 1922 illis
813 1891 870 1922 ac
924 1874 1205 1935 similibus,
1252 1875 1547 1926 cuiusmodi

46 1950 189 1991 sunt:
227 1948 402 1992 Putris
439 1944 615 2007 magni
648 1963 836 2008 parere
866 1947 1085 2008 parabat
1121 1948 1349 2009 Imperio,
1420 1949 1548 1996 Aut:

47 2015 176 2058 Avia
205 2020 319 2060 tum
361 2022 612 2061 resonant
652 2017 821 2062 avibus
859 2013 1080 2076 virgulta
1124 2014 1343 2064 sonoris,
1416 2014 1546 2064 Mihi

45 2080 227 2144 utique
266 2081 330 2130 ad
366 2083 599 2146 poetices
641 2082 879 2130 indolem
920 2083 1139 2147 propius
1185 2099 1298 2132 esse
1335 2082 1548 2132 videtur

46 2156 297 2212 statuere,
336 2151 500 2215 ipsam
534 2151 784 2199 orationis
810 2160 1053 2199 naturam
1084 2152 1151 2199 ita
1187 2168 1298 2201 esse
1329 2168 1546 2217 compa-

45 2225 224 2280 ratam,
261 2228 319 2267 ut
335 2220 621 2268 multarum
642 2237 823 2269 rerum
845 2237 1006 2269 sonos
1025 2221 1298 2285 exprimat3
1337 2220 1545 2270 inflam-

44 2294 247 2335 matum
285 2298 461 2337 autem
501 2289 924 2354 phantasmatum
970 2290 1145 2354 specie
1191 2290 1398 2339 obiecta
1433 2292 1543 2339 ani-

43 2372 217 2418 mum,
257 2374 402 2418 cum,
440 2375 622 2406 rerum
643 2360 843 2424 species
862 2359 957 2407 sibi
978 2359 1316 2407 obversantes
1346 2368 1404 2407 ut
1426 2376 1543 2409 ora-

44 2424 188 2473 tione
225 2426 395 2475 vivide
429 2429 706 2492 exprimat,
756 2428 981 2491 laborat,
1034 2428 1328 2476 necessario
1360 2428 1414 2476 in
1450 2430 1542 2478 ista

42 2493 295 2543 vocabula
314 2496 573 2558 incidere,
610 2497 692 2545 vel
718 2497 966 2545 orationis
993 2497 1316 2561 proprietate
1340 2496 1542 2546 ducen-

42 2569 107 2611 te.
177 2565 251 2611 Ita
291 2579 473 2626 graves
516 2575 567 2613 et
611 2566 830 2627 celeres,
871 2565 1017 2614 lenes
1050 2583 1106 2614 ac
1144 2565 1332 2626 duros,
1379 2583 1541 2615 sonos

42 2630 124 2677 vel
153 2648 261 2679 non
293 2633 345 2680 id
374 2650 531 2697 agens
566 2644 618 2682 et
652 2652 837 2683 curans
870 2635 935 2683 ad
970 2651 1151 2683 rerum
1185 2643 1425 2683 naturam
1456 2652 1540 2684 ac-

44 2701 405 2750 commodabit
434 2712 485 2751 et
506 2713 684 2752 orator
711 2705 934 2770 quisque
960 2704 1135 2752 bonus
1161 2712 1213 2752 et
1235 2703 1405 2752 multo
1427 2722 1540 2753 ma-

42 2768 116 2828 gis
144 2779 312 2833 poeta.
384 2772 540 2820 Aliud
573 2782 673 2834 est,
713 2774 765 2821 in
796 2789 903 2839 quo
928 2774 1021 2821 viri
1046 2773 1188 2821 docti
1220 2783 1538 2836 argutantur,

45 2837 186 2897 quod
229 2856 408 2888 versus
452 2841 794 2906 imperfectos
840 2858 950 2889 non
990 2843 1035 2890 ei
1085 2858 1319 2903 caussae„
1377 2860 1534 2907 quarn

46 2902 137 2965 ipsi
158 2909 385 2956 Maronis
415 2908 693 2959 familiares
723 2910 1097 2975 prodiderant,
1137 2910 1284 2976 quod
1317 2927 1449 2976 opus
1473 2910 1535 2958 ab

1180 2994 1211 3038 3
1234 2997 1259 3026 *
