1811 3388
337 203 747 256 AENEIDOS
783 205 923 254 LIB.
958 205 1047 269 lv,
1084 209 1378 261 540—552
1527 219 1626 267 687

116 334 223 391 Tu,
261 329 482 378 lacrimis
502 328 665 377 evicta
685 328 842 391 meiS‚
882 337 940 377 tu
963 330 1136 395 prima
1158 328 1431 383 furentem

111 401 227 461 His,
257 414 532 462 germana,
566 397 717 446 malis
741 414 954 461 oneraS,
994 408 1151 466 atque
1179 401 1361 451 obiicis
1382 403 1534 455 hosti.

111 472 230 520 Non
260 469 403 516 licuit
421 466 636 515 thalami
661 476 932 533 expertem
953 469 1066 518 sine
1093 471 1313 520 crimine
1338 473 1495 523 vitam
1522 479 1623 528 550

110 542 340 600 Degere,
380 552 535 584 more
558 535 726 598 ferae,
765 535 878 585 talis
901 554 1000 587 nec
1026 547 1241 603 tangere
1265 548 1435 593 curas!

109 611 229 656 Nou
252 615 452 655 servata
478 605 638 670 fides,
677 607 840 656 cisseri
863 608 1121 673 promissa
1144 609 1405 673 Sychaeo!

200 723 268 758 548
296 724 471 755 Diversum
491 722 548 756 hic
568 723 702 757 Urbani
730 723 954 758 Grammatiei
978 724 1299 770 interpunctionem
1325 733 1445 760 narrat
1480 729 1620 763 Servius

111 777 145 803 et
168 782 208 802 ex
231 782 271 803 eo
292 771 459 814 Pompon.
481 770 572 811 Sub„
599 782 688 814 quae
716 771 796 804 talis
827 771 934 804 fuisse
966 771 1124 814 videtur,
1159 779 1196 805 ut
1229 776 1283 805 Tu
1315 773 1474 808 lacrimis
1503 778 1621 809 evicta

109 818 196 850 meis
223 829 268 849 sc.
296 829 352 857 es,
379 817 583 849 sententium
603 818 728 850 liniret.
823 819 892 853 549
919 817 1038 851 obiccic
1056 820 1143 863 ch.
1239 821 1308 855 550
1333 830 1519 866 expertam
1549 824 1619 856 ali-

109 871 191 908 quot
211 863 298 896 Pier.
321 872 354 896 et
371 865 503 904 Burm,
529 863 679 896 sollenni
702 876 833 897 errore.
927 866 994 900 551
1017 865 1103 910 sere
1130 865 1165 897 in
1194 866 1329 906 multis;
1361 879 1498 901 sensum
1530 882 1618 913 pro-

108 909 257 943 habilem
278 910 359 942 inde
387 910 513 942 elicere
543 911 662 942 studet
692 912 913 943 Burmannus.
967 913 1062 944 Idem
1082 912 1171 945 coni.
1201 925 1299 945 more
1328 926 1415 947 meo.
1451 917 1616 951 Waddel.

108 957 201 1000 apud
231 957 332 989 eund.
366 969 462 989 more
486 956 594 1001 Jer03
629 957 692 989 sed
726 957 840 990 omnia
867 959 1009 991 irustra.
1038 970 1070 990 v.
1100 961 1184 991 Not.
1231 961 1399 1003 Agnoscit
1434 974 1473 994 ac
1499 969 1618 996 tuetur

106 1003 292 1036 lectionem
310 1003 476 1036 librorum
500 1003 663 1044 Quinctil.
692 1005 806 1045 1X‚2‚
829 1005 884 1038 64.
934 1006 1009 1037 Hoc
1036 1005 1123 1037 illud
1153 1011 1226 1046 est,
1261 1008 1354 1049 qnod
1384 1007 1488 1040 toties
1513 1009 1548 1042 in
1577 1022 1616 1043 re

107 1050 225 1083 critica
246 1050 349 1082 bilem
370 1057 505 1090 movet,
530 1062 605 1082 cum
627 1062 749 1094 magno
779 1058 905 1084 conatu
932 1052 1040 1084 multa
1069 1058 1210 1084 movent
1239 1053 1303 1085 viri
1331 1053 1446 1097 docti,
1486 1063 1524 1088 ut
1551 1057 1615 1090 sub

107 1097 209 1128 finem
231 1097 482 1129 subiicienduin
504 1096 568 1128 sit:
594 1098 658 1130 sed
675 1110 768 1130 sana
788 1098 953 1143 vulgata.
1000 1098 1036 1130 Si
1058 1106 1116 1130 tuo
1138 1098 1247 1142 ipsius
1264 1099 1393 1133 iudicio
1416 1114 1496 1134 suna
1527 1110 1615 1145 erat,

108 1155 166 1176 cur
185 1155 333 1188 operose
353 1143 537 1175 tentabas?
579 1144 690 1187 serae
720 1145 911 1188 Aproniani
938 1145 1125 1177 lectionem
1154 1157 1230 1177 esse
1258 1147 1421 1179 observat
1446 1149 1614 1194 Pompou.

106 1190 188 1222 Sab.
240 1203 312 1222 non
334 1190 429 1222 tales
449 1189 539 1222 alter
558 1190 702 1223 Mentel.
796 1192 865 1226 552
889 1191 974 1223 Non
997 1193 1112 1224 cineri
1130 1192 1274 1235 &fides
1291 1196 1385 1226 Serv.
1405 1206 1480 1238 sup.
1511 1197 1554 1229 ad
1582 1209 1612 1230 v.

106 1237 162 1271 52.
213 1237 371 1281 Sychaei
389 1235 515 1268 Medic.
539 1236 619 1279 (hoc
639 1244 711 1278 est,
737 1237 831 1280 quod
851 1239 1018 1282 Pompon.
1041 1238 1121 1271 Sub.
1140 1238 1265 1271 habet:
1301 1241 1361 1272 Sic
1378 1241 1466 1286 legit
1486 1246 1612 1288 Apro-

106 1284 254 1325 manus)
277 1295 351 1315 eum
370 1282 448 1315 aliis
472 1282 562 1315 Pier.
593 1283 712 1316 Heius.
740 1290 775 1316 et
810 1295 876 1316 uno
904 1286 1016 1317 Burni.
1064 1284 1134 1317 Sed
1166 1286 1329 1328 iScht'zcceo
1361 1295 1412 1320 est
1441 1300 1506 1332 pro
1538 1292 1612 1334 iSJy—

106 1330 250 1368 chaeio,
276 1336 359 1361 noto
378 1341 474 1362 more
493 1335 696 1373 poetarum,
721 1329 931 1373 primitivum
955 1343 1019 1374 pro
1041 1331 1210 1363 deducto:
1245 1339 1279 1364 ut
1298 1335 1457 1366 Romula
1480 1336 1611 1375 tella-53

106 1382 141 1407 et
161 1376 253 1419 apud
272 1375 440 1418 Tragicos
472 1377 625 1408 Graecos
649 1376 794 1409 infinita.
843 1377 899 1409 Sic
933 1377 1075 1410 laticem
1102 1380 1266 1422 Lyaeum
1292 1380 1316 1419 I,
1345 1381 1414 1415 685
1445 1381 1611 1423 vidimus3

104 1422 153 1454 sic
174 1424 358 1455 Lenaeum
374 1423 546 1455 honorem
568 1434 643 1467 sup.
671 1435 702 1456 v.
736 1425 818 1459 207.
869 1425 954 1465 (lam
979 1431 1115 1456 veteres
1145 1426 1358 1468 interpretes
1388 1426 1445 1459 hic
1480 1429 1611 1461 haese-

103 1475 194 1501 runt.
243 1469 378 1501 Servius
399 1470 563 1510 Sychaeo
584 1478 640 1501 aut
659 1481 723 1513 pro
743 1470 936 1511 adjectivo,
969 1471 1167 1514 Sychaeio,
1200 1471 1399 1505 habendum
1426 1476 1610 1519 praecipit,

104 1521 162 1547 aut
182 1514 355 1558 iungenda
375 1527 468 1547 esse:
489 1517 673 1561 promissa
693 1518 875 1559 Sychaeo,
903 1525 952 1549 et:
977 1529 1050 1549 non
1072 1526 1223 1550 servata
1243 1519 1368 1552 cinesi.
1417 1521 1609 1555 Bruuckius

102 1561 152 1594 ita
174 1562 347 1604 disputat:
375 1563 477 1602 „Non
508 1562 626 1606 placet
654 1563 818 1606 Sychaeo
849 1574 913 1608 pro
946 1564 1142 1606 Sychaeio,
1176 1575 1302 1597 nomen
1336 1567 1515 1611 proprium
1544 1581 1609 1612 pro

102 1608 311 1653 possessivo.
358 1608 500 1641 Mallem
521 1610 614 1650 fere,
648 1609 706 1653 qui
735 1609 923 1642 lectionem
949 1610 1039 1642 hunc
1068 1616 1226 1651 tuentur,
1261 1611 1419 1645 dicerent
1445 1616 1610 1658 Sychaeo

102 1666 178 1687 esse
197 1666 322 1687 nomen
342 1655 541 1699 proprium,
568 1663 601 1687 et
619 1655 817 1699 appositum
836 1658 951 1689 cineri
968 1668 1031 1700 pro
1054 1655 1228 1701 defuncto
1253 1658 1493 1702 accipiendum
1521 1673 1608 1695 esse.

101 1702 246 1734 Diversa
265 1701 352 1733 ratio
375 1701 480 1734 estin
501 1704 686 1734 Lenaeum
705 1704 887 1735 honorem.
936 1705 1026 1735 Num
1053 1705 1231 1743 Lenaeus,
1269 1707 1448 1748 Ληναῖος,
1486 1715 1609 1753 suapte

101 1755 223 1781 natura
250 1759 375 1780 nomen
403 1755 455 1780 est
481 1748 708 1788 adiectivum,
740 1760 809 1781 non
835 1748 921 1781 item
952 1749 1174 1793 Sychaeus&
1231 1751 1332 1784 Addo
1367 1754 1493 1795 etiam,
1537 1766 1609 1788 non

99 1803 193 1827 recte
214 1806 289 1827 cum
311 1796 430 1827 cinere
451 1796 614 1838 Sychaeo
637 1795 799 1839 componi
821 1796 863 1828 ab
898 1796 1035 1841 Hcynio
1064 1797 1257 1829 Romulum.
1284 1798 1472 1841 tellurem,
1506 1805 1609 1834 Dur-

100 1842 201 1874 dana
233 1854 356 1881 arma,
392 1849 425 1873 et
452 1853 539 1885 quae
572 1848 652 1873 sunt
685 1842 784 1874 liuius
815 1842 952 1886 generis
979 1842 1114 1875 similia.
1171 1844 1240 1876 Sed
1266 1856 1392 1878 nomeu
1420 1849 1609 1890 bssychaeus

99 1899 201 1931 quum
227 1887 507 1919 terminationem
539 1888 669 1920 habeat
706 1901 781 1921 cum
823 1889 939 1921 multis
967 1889 1149 1921 adiectivis
1177 1902 1408 1932 communem,
1442 1906 1513 1926 non
1541 1902 1606 1937 est,

98 1934 193 1978 quod
213 1941 272 1966 aut
291 1935 464 1978 Sychaei,
490 1934 683 1967 faciliorem
702 1935 910 1978 lectionem,
934 1936 1191 1981 praeferamus,
1224 1943 1283 1970 aut
1307 1938 1353 1971 ad
1377 1939 1519 1973 illicitas
1547 1941 1606 1974 in-

98 2039 158 2076 nis
195 2040 235 2076 in
274 2039 385 2077 Italia
429 2041 651 2083 considant.
722 2041 819 2083 548.

98 2096 193 2137 549.
215 2096 335 2143 Quod
349 2098 473 2149 ipsam
486 2112 662 2136 sororem
680 2113 819 2137 aman-

97 2153 287 2191 tissimam
307 2162 488 2203 accusat,
528 2170 726 2194 summum
757 2157 818 2193 af—

97 2211 247 2248 sectum
270 2213 418 2262 arguit,
450 2226 528 2262 quo
553 2214 669 2251 etiam
690 2214 730 2251 in
750 2227 818 2250 ca-

96 2268 272 2306 rissimos
310 2269 443 2307 iniurii
492 2284 572 2307 csse
619 2271 817 2309 solemus:

96 2331 144 2362 tu
162 2354 172 2374 ‚
204 2340 226 2362 ο
255 2340 368 2364 soror
389 2356 399 2375 ,
442 2334 622 2378 permota
651 2329 822 2366 lacrimis

96 2382 191 2420 meis
224 2381 278 2431 (v.
306 2398 392 2435 sup.
414 2398 452 2421 v.
482 2387 574 2434 30),
618 2392 663 2422 tu
694 2387 820 2437 prima

95 2453 156 2477 me
171 2440 211 2477 in
234 2440 330 2478 haec
349 2441 450 2478 mala
471 2442 662 2493 impulisti
683 2450 723 2481 et
741 2444 819 2481 Ae-

95 2510 188 2534 neae
212 2499 407 2547 obiecisti,
438 2498 589 2537 homini
619 2502 658 2538 in
686 2515 818 2539 meum

95 2555 263 2593 exitium
283 2557 399 2594 sacto.
460 2556 611 2609 (prima
633 2559 696 2595 his
725 2574 817 2596 ma—

94 2612 145 2649 lis
176 2627 337 2650 oneras:
371 2621 417 2651 tu
444 2613 588 2653 horum
619 2617 816 2655 malorum

95 2682 268 2719 causa3
299 2671 379 2709 vid.
415 2673 463 2719 Q.
488 2673 532 2710 V.
563 2674 745 2723 XXVIII,
776 2677 815 2723 3,

93 2739 127 2776 g.
161 2727 278 2779 lsVr.)
339 2729 434 2769 551.
465 2744 570 2767 more
592 2731 738 2781 serae,
774 2739 817 2770 at

93 2795 211 2832 quam
231 2797 401 2834 parvum
421 2785 510 2834 hoc,
533 2794 580 2825 ut
600 2789 738 2826 saltem
757 2791 817 2826 se-

93 2839 181 2876 rino
219 2854 328 2878 more
367 2844 558 2881 seclusam
589 2859 609 2880 a
640 2847 817 2884 iucunda

92 2896 290 2935 societatis
311 2900 609 2951 coniunctione,
633 2904 757 2942 solam
778 2911 818 2942 et

876 2040 1085 2081 hominum
1128 2043 1305 2095 adeoque
1342 2052 1382 2084 et
1422 2048 1605 2086 virorum

877 2101 1111 2138 commercia
1128 2102 1340 2152 fugientem
1355 2133 1367 2153 ‚
1397 2105 1533 2143 vivere
1553 2106 1605 2143 li-

878 2157 1037 2195 cuisset!
1097 2158 1204 2196 Nihil
1234 2161 1401 2211 amplius
1433 2162 1475 2199 in
1511 2176 1604 2201 sen-

878 2215 1042 2252 tentiam
1068 2222 1127 2253 est
1152 2218 1452 2268 assumendum,
1485 2233 1604 2270 quam

877 2271 1097 2310 abhorrens
1141 2274 1189 2310 ab
1226 2274 1463 2313 humaniore
1510 2292 1601 2316 cum

879 2329 962 2365 aliis
1001 2331 1286 2370 consuetudine
1322 2346 1368 2370 ac
1402 2335 1601 2374 consortio

877 2392 1036 2425 natura.
1095 2389 1258 2428 Servius
1291 2391 1340 2428 ad
1362 2392 1512 2442 Lynces
1534 2406 1601 2431 re-

876 2445 1052 2493 ferebat,
1084 2453 1123 2483 et
1155 2460 1203 2483 ex
1233 2448 1348 2486 Plinii
1379 2449 1428 2487 H.
1461 2450 1506 2489 N.
1535 2451 1601 2489 lo-

877 2515 969 2539 cum
1017 2503 1238 2543 laudabat:
1302 2508 1466 2557 Lync-as
1507 2517 1601 2558 post

875 2561 1050 2597 asnis-sas
1071 2564 1260 2612 cmn'uges
1271 2565 1365 2601 αἰιίἐ
1375 2579 1452 2601 non
1469 2567 1599 2617 iungi.

875 2618 1068 2664 Quinctil.
1087 2619 1111 2656 l.
1135 2633 1169 2660 e.
1190 2621 1259 2670 IX,
1287 2625 1325 2670 2,
1355 2623 1408 2664 64
1436 2622 1484 2660 de
1513 2637 1600 2662 ma—

875 2675 1062 2714 trimonio
1081 2676 1188 2715 iusto
1209 2685 1436 2731 acceperat,
1467 2694 1488 2717 a
1518 2695 1598 2731 quo

875 2732 1023 2770 alienae
1044 2742 1139 2773 sunt
1158 2735 1276 2777 serae.
1317 2751 1388 2774 nec
1416 2746 1594 2789 langere,

876 2791 1094 2841 attingere,
1125 2795 1293 2841 sentire,
1324 2795 1424 2831 tales
1461 2811 1593 2844 curas,

877 2848 1033 2886 dolores
1052 2850 1188 2887 animi!
1257 2852 1352 2893 552.
1385 2853 1485 2889 ΛΥοιι
1513 2868 1596 2889 ,ςεν-

877 2914 974 2943 vala
996 2913 1077 2956 est,
1108 2921 1188 2946 non
1216 2921 1376 2947 servare
1402 2909 1514 2947 licuit
1543 2910 1594 2946 fi-
