1779 3420
143 241 242 290 848
467 234 1073 285 EXCURSUS
1145 234 1344 285 V.V1

143 365 280 404 currui
310 360 571 418 παραβάτης,
598 370 646 403 ut
674 377 746 416 per
775 370 906 402 totum
937 363 1157 401 Homerum
1187 361 1275 400 fieri
1305 361 1426 410 solet3
1454 361 1562 399 unde
1582 360 1662 399 hoc

144 423 351 474 aurigandi
389 436 512 473 genus
561 420 745 475 Τρωϊκῆν
789 422 979 473 διφρείαν
1021 421 1236 472 appellasse
1275 418 1477 471 putandus
1520 419 1663 457 Xeno-

143 481 254 535 phon
286 482 430 532 Cyrop.
463 480 527 528 VI,
561 493 599 530 p.
631 482 713 521 322
744 479 805 516 ed.
836 480 961 516 Lond.
1022 479 1296 528 Quaecunque
1332 476 1496 515 tandem
1526 490 1664 514 rerum

143 539 345 589 morisque
375 537 609 576 vicissitudo
641 536 785 584 suerit,
820 536 872 573 ad
902 536 1045 574 ludum
1077 541 1300 586 equestrem
1341 534 1532 572 nobilium
1560 546 1663 586 pue-

144 610 284 636 rorum
314 608 377 634 res
409 595 591 642 deflexit,
624 607 702 644 quo
735 593 865 644 primo
898 593 1089 630 decursus
1120 599 1303 643 equester
1334 593 1544 643 agebatur,
1576 597 1666 629 tum

146 655 339 707 praelium
383 657 565 703 equestre
609 650 940 688 adumbrabatur.
1000 651 1053 687 Ut
1096 657 1230 688 autem
1274 657 1414 701 poetae
1460 650 1501 687 in
1547 649 1665 688 inve—

148 712 293 751 niendo
326 710 538 748 artificium
570 715 679 746 recte
710 708 951 758 assequaris,
983 708 1203 745 tenendum
1232 713 1311 756 est,
1344 707 1552 758 Virgilium
1580 719 1666 744 rem

148 772 204 807 sic
235 781 422 815 novasse,
465 773 504 804 et
540 766 582 803 in
612 765 756 803 ludum
798 765 1016 803 Troianum
1056 764 1306 803 transtulisse
1347 765 1557 803 decursum
1597 778 1667 801 ar-

148 833 352 867 matorum
382 826 485 863 circa
516 824 737 872 tumulum,
776 836 894 874 quem
926 823 1114 874 antiquus
1143 821 1296 861 funeris
1326 822 1553 860 celebrandi
1582 835 1668 860 mos

150 891 191 922 et
220 883 384 922 Homeri
416 881 666 933 exemplum,
699 880 842 932 Odyss.
875 897 919 925 ω,
953 883 1006 922 68
1037 895 1120 931 sqq.
1165 881 1212 919 cs.
1258 880 1370 918 Iliad.
1409 890 1458 931 ψ,
1501 883 1551 924 13
1584 893 1667 930 sqq.

150 942 392 995 postulabat.
425 940 474 977 cf.
503 939 573 977 ins.
607 939 674 986 Xl,
711 940 791 980 188
823 952 878 989 sq.
921 941 1020 976 Stat.
1064 939 1114 977 VI
1154 937 1276 976 Theb.
1317 940 1400 979 213
1432 952 1514 989 sqq.
1554 937 1668 985 adde,

152 1013 252 1051 quae
282 998 487 1049 Vignolius
519 997 571 1034 ad
601 997 836 1034 Columnam
866 996 1059 1034 Antonini
1090 996 1147 1034 Pii
1174 995 1395 1047 disputavit
1426 1009 1458 1034 e.
1491 999 1514 1036 9
1551 1008 1670 1046 super

153 1056 377 1109 anaglypho
409 1055 653 1106 stylobatae,
692 1067 771 1104 quo
802 1056 989 1092 militaris
1020 1055 1242 1091 declamatio
1276 1055 1462 1105 equestris
1492 1052 1671 1090 exhibita

153 1123 231 1163 est,
264 1115 376 1153 cuius
407 1113 633 1165 partemin
665 1112 772 1149 Edit.
812 1112 950 1150 Iustic.
989 1112 1056 1150 lib.
1098 1112 1149 1149 lll
1190 1111 1286 1149 Aen.
1328 1112 1566 1149 translatam
1604 1113 1671 1149 vi-

154 1173 247 1223 deo,
278 1172 330 1210 ad
366 1185 485 1222 quam
517 1184 556 1210 v.
588 1170 765 1208 Saxium.
823 1170 944 1208 Hunc
974 1170 1106 1220 itaque
1137 1182 1300 1207 cursum
1326 1167 1491 1219 ὁπλίτην
1521 1168 1672 1206 sollerti

155 1232 286 1269 animo
318 1230 369 1267 ad
411 1228 570 1266 Ludum
615 1227 778 1275 Troiae,
822 1242 975 1266 novum
1016 1235 1054 1266 et
1094 1229 1292 1265 intactum
1332 1226 1380 1264 ab
1420 1226 1504 1264 aliis
1545 1226 1673 1278 poetis

154 1289 241 1327 ludi
271 1301 415 1339 genus,
457 1286 676 1324 transtulit.
736 1286 906 1323 Duravit
946 1285 1024 1323 hoc
1066 1285 1241 1323 sollenne
1282 1284 1417 1322 adhuc
1456 1287 1564 1322 saec.
1609 1284 1671 1322 lV.

159 1347 202 1386 V.
234 1346 314 1385 vid.
347 1344 552 1383 Claudian.
585 1344 646 1383 Vl.
680 1344 795 1382 Cons.
826 1344 997 1382 Honorii
1029 1346 1111 1385 622
1142 1356 1198 1394 sq.

506 1647 1157 1706 EXCURSUS
1230 1647 1323 1703 VI

293 1762 634 1805 Classis
719 1761 1098 1804 Troiana
1173 1761 1544 1803 incensa..

280 1869 327 1918 V,
360 1866 443 1909 604
475 1882 557 1918 sqq.
616 1869 701 1905 ‚Hic
728 1870 906 1918 primum
937 1869 1117 1904 Forlmza
1144 1867 1277 1915 fidem,
1306 1874 1463 1903 mulam
1493 1866 1672 1903 novavit.

165 1927 356 1978 Sequitur
388 1926 498 1963 locus
530 1925 578 1962 de
616 1925 775 1963 incensa
814 1925 945 1962 classis
985 1926 1178 1962 Troianae
1222 1930 1357 1976 parte:
1397 1937 1497 1973 quae
1535 1935 1597 1960 res
1639 1927 1679 1958 et

165 1986 249 2037 ipsa
276 1984 465 2022 historica
496 1983 574 2020 fide
613 1989 887 2034 superstructa
919 1982 1212 2020 iucunditatem
1243 1981 1432 2019 Romanis
1465 1979 1679 2019 lectoribus

167 2043 307 2080 ass'erre
339 2041 500 2090 debuit,
541 2054 620 2091 quo
651 2041 775 2091 magis
805 2040 859 2077 ita
900 2037 1055 2091 ψεύὸεα
1093 2035 1298 2092 ἐτύμοισιν
1338 2037 1455 2090 ὁμοῖα
1492 2038 1564 2076 sibi
1604 2051 1680 2088 ap-

166 2101 261 2152 poni
305 2099 508 2138 videbant.
567 2099 666 2136 Nam
708 2099 824 2136 fuisse
861 2098 1094 2149 scriptores,
1145 2098 1211 2148 qui
1249 2096 1458 2134 traderent
1500 2094 1576 2149 (ὥς
1615 2093 1681 2134 λε’-

167 2158 284 2212 γουσί
324 2156 468 2209 τινες),
518 2170 639 2194 naves
677 2156 831 2206 aliquot
867 2156 1059 2193 Troianas
1102 2169 1122 2192 a
1167 2154 1400 2192 mulieribus
1440 2154 1680 2201 combustas,

169 2217 287 2254 etiam
318 2215 529 2265 Dionysius
560 2214 739 2251 meminit
768 2214 835 2251 lib.
873 2214 902 2262 I,
950 2215 1015 2254 52.
1091 2213 1259 2250 Factum
1298 2212 1341 2249 id
1381 2225 1461 2249 esse
1500 2212 1540 2249 in
1587 2210 1682 2247 locis

170 2274 274 2312 circa
304 2272 475 2310 Menden
508 2278 546 2309 et
576 2273 745 2309 Scionen
776 2273 817 2309 in
848 2270 1047 2308 Thessalia
1088 2277 1252 2308 auctore
1292 2268 1500 2321 Aetliylla,
1536 2267 1683 2306 Priami

170 2344 326 2379 sorore,
359 2344 379 2366 a
411 2330 615 2368 Protesilai
647 2330 768 2381 copiis
796 2330 951 2380 captiva
991 2328 1031 2365 in
1070 2328 1311 2365 Thessaliam
1350 2327 1544 2375 abducta,
1593 2324 1683 2374 (ad-

173 2389 332 2426 diderat
370 2401 526 2425 sororcs
567 2386 794 2438 Astyochen
837 2394 876 2424 et
916 2386 1203 2423 Medesicasten
1243 2384 1528 2436 Apollodorus)
1576 2381 1684 2434 apud

173 2447 374 2483 Cononem
416 2446 612 2482 traditum
650 2445 753 2495 legas
805 2445 960 2482 Narrat.
1006 2447 1068 2484 13.
1117 2444 1208 2481 add.
1257 2442 1447 2493 Stephan.
1496 2442 1588 2492 Byz.
1642 2440 1684 2477 in

174 2499 350 2553 Σκιώνη.
422 2502 497 2539 Alii
545 2503 757 2553 scriptores
806 2503 959 2540 facinus
1010 2500 1088 2538 hoc
1141 2500 1355 2539 mulierum
1406 2499 1683 2545 Troianarum,

176 2560 271 2597 dum
312 2560 493 2609 captivae
538 2560 586 2596 ab
628 2559 788 2597 Achivis
829 2559 1106 2606 ducerentur,
1160 2559 1201 2596 in
1250 2558 1361 2595 Italia
1412 2557 1461 2593 ad
1505 2554 1683 2602 Crathin,

176 2618 279 2654 circa
312 2617 506 2667 Sybarin,
549 2623 825 2667 perpetratum
860 2617 1132 2664 tradiderant,
1174 2617 1353 2652 Setaeain
1393 2613 1578 2650 seminam
1621 2613 1684 2649 sa-

177 2674 321 2711 cinoris
354 2680 556 2711 auctorem
589 2674 714 2710 edidit
745 2674 983 2725 Lycophron
1016 2676 1097 2713 919
1130 2686 1185 2722 sq.
1231 2671 1323 2709 add.
1361 2670 1550 2722 stephan.
1591 2671 1684 2721 1352.

177 2733 217 2769 in
248 2734 449 2782 Σηταῑου·
483 2744 581 2780 quae
612 2731 851 2767 narrationis
883 2730 1092 2768 diversitas
1124 2728 1229 2766 unde
1261 2734 1349 2766 orta
1379 2729 1448 2776 sit,
1480 2728 1589 2766 sacile
1611 2728 1686 2764 do-

178 2789 258 2827 ceri
300 2794 443 2839 potcst.
504 2788 660 2824 Scilicet
698 2788 873 2838 primum
910 2800 992 2824 rem
1034 2787 1214 2823 nonnulli
1258 2784 1312 2837 (v.
1357 2786 1502 2823 Strabo
1542 2786 1604 2832 Vl,
1648 2798 1685 2835 p.

179 2849 262 2888 262
293 2847 335 2883 B.
365 2845 466 2882 adde
496 2844 627 2882 Scliol.
658 2843 854 2895 Lycoplir.
887 2844 937 2881 ad
968 2858 1006 2881 v.
1037 2843 1136 2896 921)
1170 2843 1220 2880 ad
1251 2842 1472 2881 Neaethum
1502 2843 1544 2882 ss.
1569 2855 1688 2892 supra

181 2906 394 2941 Crotonem
428 2903 729 2949 transtulerant,
762 2902 873 2951 quasi
904 2902 951 2938 ab
982 2901 1095 2938 initio
1131 2898 1351 2940 Ναύαιθον
1372 2901 1538 2948 dictum,
1569 2899 1688 2935 etiam

179 2967 412 3013 propterea,
466 2965 589 3011 puto,
639 2960 827 3010 quoniam
873 2973 955 2997 non
1004 2959 1118 3010 longe
1164 2959 1275 2996 abest
1316 2958 1505 2997 Crimisus
1542 2956 1687 2994 fluvius
