1827 3436
369 224 776 279 AENEmos
815 224 956 272 ΜΒ.
994 224 1032 283 1,
1067 228 1359 274 381—390
1527 202 1639 276 143'

116 361 235 424 Ipse
264 357 495 419 ignotus,
535 366 719 415 egem,
755 349 950 412 Libyae
975 348 1183 397 deserta
1206 363 1444 412 peragro,

115 431 327 489 Europa
390 430 547 487 atque
593 420 706 469 Asia
754 418 949 485 pulsus,
1028 421 1139 467 Nee
1196 416 1347 481 plura
1398 434 1626 482 queren-

903 496 1015 535 tem
1527 490 1626 538 385

118 567 268 612 Passa
300 563 482 609 Venus
508 557 693 606 medio
726 558 798 606 sic
827 554 1072 605 interfata
1108 553 1296 603 dolore
1327 562 1428 603 est:

187 629 439 695 Quisquis
485 645 566 691 es,
607 626 776 690 haud,
834 625 1024 688 credo,
1070 623 1265 672 invisus
1314 622 1629 672 coelestibus

281 733 285 737 ,
903 710 1051 744 auras

120 767 316 819 Vitales
347 766 543 831 carpis,
582 765 794 828 Tyriam
822 764 913 830 qui
942 763 1217 813 adveneris
1248 760 1454 811 urbem.

118 842 285 901 Perge
334 835 529 898 modo,
590 843 748 900 atque
792 832 916 881 hinc
962 842 1014 881 te
1070 831 1284 895 reginae
1335 830 1401 879 ad
1449 829 1629 878 limina

904 901 1099 968 perfer.

118 980 363 1041 Namque
389 973 481 1021 tibi
504 972 729 1021 reduces
749 972 921 1021 socios
941 971 1268 1036 classemque
1287 967 1506 1017 relatam
1529 975 1630 1021 390

1476 1109 1546 1143 386
1578 1117 1632 1140 est

1276 1157 1345 1190 388
1367 1156 1489 1200 carpis
1508 1155 1634 1187 vitalis

120 1208 290 1241 Montalb.
318 1206 460 1249 (vitalis
479 1205 616 1245 Medic.‚
642 1205 736 1249 quod
754 1205 880 1249 probat
902 1204 1086 1238 VVunderl.
1106 1203 1218 1236 Pravf.
1241 1214 1276 1245 p.
1298 1203 1394 1240 Xll.;
1429 1214 1491 1234 nec
1520 1202 1630 1233 debe-

120 1256 182 1287 bat
200 1256 410 1286 Burmannus
432 1253 475 1284 de
492 1252 714 1295 ambiguitate
733 1251 882 1295 sonique
901 1252 1110 1283 detrimento
1132 1250 1219 1282 adeo
1241 1260 1315 1280 esse
1336 1248 1517 1281 sollicitus.
1535 1249 1630 1290 lVr.)

120 1303 189 1337 389
217 1301 312 1333 adr.
335 1301 357 1332 l.
379 1301 459 1331 Exc.
484 1300 597 1330 Burni.
632 1299 681 1331 ud
701 1297 834 1330 omittit
855 1298 1022 1330 Rottend.
1044 1310 1112 1329 sec.
1135 1296 1227 1340 quod
1247 1296 1339 1327 forte
1358 1295 1507 1327 doctius.
1530 1296 1632 1340 (per-

113 1348 221 1392 ferre
247 1360 285 1379 se
316 1347 442 1379 limina
473 1345 674 1377 inauditum.
724 1345 772 1376 ad
804 1346 954 1388 reginae
982 1345 1054 1376 lim.
1080 1344 1156 1375 Alb.
1195 1342 1290 1384 lVr.)
1346 1350 1451 1386 teque
1482 1343 1568 1374 ilinc
1603 1353 1631 1372 r.

121 1394 284 1427 Parrhas.
304 1399 339 1425 et
354 1394 476 1425 Veuct.
499 1392 595 1435 quod
615 1399 667 1423 est
683 1391 805 1423 leuius.
832 1391 1007 1433 (vitiosum
1029 1397 1163 1425 tamem
1187 1401 1299 1433 neque
1319 1388 1409 1419 enim
1425 1389 1528 1421 modo
1546 1398 1632 1432 pro-

122 1441 261 1472 ductam
293 1439 399 1471 habet
430 1438 575 1470 alteram
599 1438 767 1482 syllabam
795 1438 888 1481 apud
907 1437 1102 1480 Virgilium.
1133 1435 1226 1478 lVr.)
1285 1435 1334 1467 ad
1353 1435 1491 1467 lumina
1510 1435 1632 1477 fragm.

121 1488 248 1519 Mon-et.
272 1493 306 1518 et
332 1486 414 1517 edit.
436 1486 567 1517 Geuev.
610 1483 741 1531 profer
758 1483 856 1516 Leid.
886 1483 949 1516 sed
978 1496 1007 1516 v.
1028 1484 1140 1515 Burm.
1244 1482 1315 1516 390
1339 1483 1456 1514 socios
1484 1481 1634 1513 reduces

122 1533 268 1566 Dorvill.
318 1532 540 1576 classemque
571 1539 750 1576 receptam
781 1533 898 1574 Sprot.
932 1529 1120 1573 Hamburg.
1154 1541 1208 1572 pr.
1237 1528 1335 1560 Leid.
1369 1540 1425 1560 un.
1446 1534 1481 1559 et
1500 1527 1632 1559 Zulich.

126 1580 247 1624 (etiam
269 1578 346 1611 Alb.
376 1578 471 1620 ll'r.)
498 1578 560 1609 sed
580 1578 734 1610 relatam
753 1583 848 1609 recte
866 1576 1025 1608 defendit
1042 1577 1154 1608 Burm.
1202 1576 1276 1618 Ego
1305 1575 1447 1606 addam:
1483 1574 1549 1605 hor
1571 1585 1633 1606 ex-

122 1625 285 1672 quisitius
316 1637 392 1657 esse
426 1624 555 1663 alter03
592 1631 647 1665 et,
680 1630 717 1655 ut
733 1622 836 1669 serti
859 1624 898 1655 in
919 1631 1068 1669 portum
1097 1620 1277 1667 proprium
1297 1619 1331 1652 in
1351 1633 1388 1652 re
1411 1620 1547 1652 nautica
1570 1626 1634 1660 cst,

121 1672 172 1706 sic
197 1671 337 1717 poetica
356 1670 517 1703 oratione
538 1670 675 1714 referri
693 1682 733 1702 ex
751 1669 821 1702 alto
838 1669 893 1702 vel
912 1675 1123 1715 tempestate
1149 1669 1313 1701 iactatum
1333 1666 1369 1699 in
1388 1673 1527 1712 portum
1544 1667 1634 1699 bene

212 1113 282 1150 384
305 1125 457 1160 pererro
486 1112 610 1145 Ilamb.
638 1124 691 1156 pr.
721 1111 841 1144 eadem
870 1110 1054 1144 diversitas
1084 1111 1153 1150 IV,
1185 1111 1243 1145 72.
1269 1110 1381 1141 Burm.

119 1162 220 1195 abest
241 1174 260 1193 a
278 1159 464 1192 nonnullis.
490 1171 522 1192 v.
547 1160 659 1191 Burm.
687 1158 769 1202 (vid.
788 1160 829 1198 Q.
851 1160 894 1192 V.
916 1160 996 1199 XV,
1023 1160 1055 1192 1.
1086 1155 1181 1199 ler.)

122 1720 263 1752 dictum.
313 1718 476 1750 relictam
502 1718 610 1750 Goth.
629 1723 709 1749 tert.

122 1846 200 1875 tus.
236 1835 448 1882 Enimyero
469 1840 526 1872 est
543 1834 583 1872 in
605 1839 713 1871 terra
733 1833 849 1884 igno-

124 1901 190 1942 ta,
222 1894 328 1931 inter
354 1891 557 1941 homines,
589 1891 732 1942 quibus
768 1892 851 1942 ipse

123 1953 285 2003 ignotus
322 1956 393 1987 est.
469 1950 534 1987 Sic
563 1951 672 1986 solus
709 1948 850 1998 aliquis

124 2021 259 2048 errare
317 2007 467 2045 dicitur
523 2008 563 2045 in
623 2006 851 2044 solitudine.

126 2067 304 2119 (ignotus
329 2065 458 2103 active
480 2064 520 2102 h.
542 2065 568 2102 l.
596 2064 749 2101 dictum
770 2077 848 2114 pu-

127 2131 187 2162 tat
200 2125 308 2161 Cort.
332 2122 382 2159 ad
403 2124 548 2160 Lucan.
566 2122 613 2170 V,
635 2122 749 2169 500.;
770 2135 852 2158 non

125 2188 246 2220 recte.
265 2201 323 2209 —
352 2181 435 2218 Vix
457 2188 618 2231 septem,
640 2180 695 2216 ait
716 2179 853 2216 Dona-

127 2246 216 2287 tus,
247 2237 359 2288 quasi
394 2251 468 2289 pro
502 2236 628 2274 nihilo
667 2236 853 2287 positum.

129 2297 220 2334 Non
245 2300 372 2332 recte:
403 2297 470 2331 vix
496 2295 684 2332 adiuncto
712 2306 855 2331 nume-

127 2368 174 2392 ro
206 2352 398 2403 significat
425 2352 687 2403 paucitatem,
716 2357 764 2388 ut
792 2365 854 2402 ap.

128 2412 237 2449 Caes.
261 2410 304 2447 B.
335 2410 381 2446 G.
409 2409 455 2458 11,
485 2412 571 2450 28.:
603 2409 689 2457 „Ex
719 2407 853 2446 homi—

129 2482 226 2507 num
249 2466 424 2504 millibus
446 2467 648 2517 sexaginta
675 2466 763 2503 vix
794 2465 854 2503 ad

129 2540 155 2577 q
166 2526 252 2564 uin
264 2538 286 2575 g
301 2537 320 2561 e
334 2539 359 2561 n
373 2530 390 2562 t
403 2538 425 2562 0
436 2538 454 2561 s
481 2538 564 2561 sese
583 2524 767 2562 redactos
790 2537 854 2560 es-

129 2597 170 2621 se
190 2583 424 2620 dixerunt.“
454 2582 532 2619 Cic.
559 2582 676 2633 Epist.
702 2581 753 2618 ad
769 2581 855 2618 Att.

130 2641 195 2688 IV,
217 2643 277 2681 3.:
306 2639 494 2687 „Clodius
526 2639 705 2676 desertus
731 2652 752 2674 a
776 2638 856 2676 suis

132 2698 216 2737 vix
237 2697 314 2734 iam
331 2697 531 2733 Decimum
553 2696 856 2746 designatorem,

130 2755 218 2793 vix
240 2754 410 2791 Gellium
432 2755 626 2803 retinet3“
657 2755 737 2791 fere
766 2754 791 2791 i.
820 2766 856 2803 q.

131 2812 202 2850 vix
211 2824 337 2849 unum
350 2818 391 2848 et
410 2812 604 2860 alterum3
625 2817 665 2848 et
683 2811 732 2847 de
744 2812 857 2848 Orat.

131 2869 160 2917 I,
181 2872 239 2910 2.:
271 2868 398 2917 „Quis
421 2868 592 2917 dubitet,
614 2869 710 2919 quin
730 2868 771 2905 in
793 2868 858 2905 di-

133 2925 260 2964 cendo
283 2926 520 2965 excellentes
547 2926 636 2965 vix
664 2939 859 2978 paucos

908 1833 1091 1885 proferre
1111 1831 1305 1884 possimus
1315 1831 1361 1868 '?“
1380 1851 1436 1858 —
1462 1829 1633 1866 Conuol-

908 1890 1016 1928 saei.
1033 1904 1068 1940 q.
1092 1897 1322 1941 quas-salae,
1346 1887 1476 1937 inquit
1503 1886 1632 1925 W'un-

910 1947 1146 1996 derlicl1ius3
1176 1945 1273 1983 mihi
1292 1944 1389 1982 haec
1413 1945 1466 1982 ita
1491 1944 1634 1982 viden-

908 2012 978 2043 tur
1000 2003 1250 2055 accipienda:
1281 2016 1331 2040 ex
1355 2002 1521 2050 harum,
1556 2016 1634 2040 un-

910 2063 970 2100 dis
984 2063 1169 2112 Euroque
1189 2060 1483 2108 convussnrum,
1495 2073 1637 2097 nume-

910 2135 956 2158 ro
982 2120 1049 2158 vix
1078 2125 1229 2171 septem
1253 2123 1480 2168 supersunt.
1517 2115 1634 2168 lVr.)

912 2178 1008 2219 385.
1039 2178 1138 2215 Eum
1155 2174 1438 2227 interpellavit,
1458 2174 1534 2222 vel,
1555 2188 1634 2212 non

903 2250 1036 2286 passa
1056 2242 1292 2286 querentem,
1318 2246 1405 2284 pro,
1436 2246 1515 2268 non.
1529 2247 1636 2282 pas-

912 2307 960 2329 sa
990 2307 1079 2329 eum
1106 2292 1216 2343 queri
1233 2292 1371 2340 plura,
1405 2302 1542 2339 graeca
1566 2303 1635 2326 ra-

913 2350 1038 2398 tionc3
1070 2348 1145 2396 vel,
1177 2347 1366 2398 intufizla
1398 2356 1632 2398 querentem.

914 2421 993 2444 non
1010 2420 1139 2457 pas-sa
1157 2420 1209 2442 se.
1229 2405 1340 2455 queri
1357 2406 1509 2455 plura:
1542 2400 1636 2444 οὐδ’

914 2464 977 2505 εἴα
997 2465 1149 2504 κλαίειν
1171 2462 1279 2500 Iliad.
1300 2479 1338 2513 η,
1358 2464 1452 2502 427.
1487 2459 1637 2513 (poste-

911 2522 996 2560 rior
1015 2520 1228 2572 explicatio
1242 2519 1500 2571 praeserenda
1519 2531 1638 2571 supe-

913 2579 1022 2618 riori.
1051 2576 1162 2631 er.)
1195 2580 1356 2628 Semper
1377 2583 1508 2614 autem
1531 2576 1637 2628 apud

914 2637 1076 2674 Homer.
1100 2635 1172 2690 ἐᾴν
1198 2648 1288 2673 cum
1309 2634 1527 2683 infinitivo3
1558 2647 1637 2671 non

915 2708 1007 2732 cum
1027 2693 1251 2745 participio.

973 2754 1068 2792 387.
1098 2753 1193 2791 388.
1233 2750 1395 2786 ornate.
1438 2748 1472 2785 Ο
1500 2761 1637 2785 carum

916 2815 956 2847 tc
974 2808 1139 2861 superiS‚
1152 2821 1242 2845 eum
1265 2805 1546 2856 Carthaginem
1566 2805 1638 2842 de-

915 2867 1020 2904 latus
1045 2867 1115 2903 sis!
1145 2865 1351 2915 Expressit
1373 2870 1503 2901 autem
1525 2862 1637 2908 illud,

914 2924 1026 2975 quod
1044 2922 1252 2974 aliquoties
1272 2921 1380 2974 apud
1399 2921 1637 2959 Homerum:
