1811 3388
386 163 802 212 AENEmos
839 164 988 214 LIB.
1027 167 1089 230 V,
1127 172 1418 223 834—850
1572 184 1671 231 835

156 286 327 336 Iaside
353 286 627 351 Palinure,
665 285 849 336 ferunt
871 290 979 354 ipsa
1005 306 1238 356 aequora
1259 293 1503 360 classem3

156 361 427 422 Aequatae
451 357 651 422 spirant
673 373 854 419 aurae3
895 359 1051 408 datur
1080 360 1212 410 hora
1238 363 1429 428 quieti:

155 428 306 475 Pone
330 434 510 491 caput,
549 425 827 494 fessosque
856 429 1039 478 oculos
1061 429 1239 481 furare
1262 431 1443 486 labori.
1571 443 1669 490 845

153 497 275 560 Ipse
303 510 400 559 ego
424 496 713 563 paullisper
736 515 835 563 pro
861 507 912 548 te
933 508 1021 549 tua
1043 516 1267 550 munera
1289 503 1449 556 inibo.

157 564 254 614 Cui
279 565 358 613 vix
381 565 644 615 adtollens
665 567 940 617 Palinurus
966 569 1166 619 lumina
1189 570 1349 623 fatur:

151 636 315 683 Mene
341 634 455 682 salis
476 635 670 700 placidi
691 637 900 686 voltum
920 637 1221 706 fluctusque
1243 643 1452 707 quietos

152 705 405 767 Ignorare
426 705 611 755 iubes?
647 723 807 760 mene
836 706 959 757 huic
985 709 1262 760 confidere
1284 719 1564 764 monstro?

153 778 370 823 Aenean
391 774 606 823 credam
633 776 762 843 quid
789 777 933 826 enim
957 777 1230 829 fallacibus
1253 782 1403 845 auriS,
1566 787 1665 835 850

224 872 337 919 850.
373 881 592 916 AUSTRIS

246 1005 357 1053 843s.
375 1019 445 1039 sua
454 1007 617 1052 flamina
634 1007 751 1040 Colot.
777 1015 811 1041 et
832 1007 973 1050 Medic„
997 1009 1056 1042 hic
1075 1010 1214 1054 quidem
1235 1011 1303 1044 iam
1329 1013 1539 1047 correctoris
1560 1026 1661 1047 manu

151 1059 304 1086 notatus.
353 1054 555 1097 Repetitum
585 1066 626 1086 ex
652 1067 684 1087 v.
714 1055 794 1088 832.
836 1068 997 1101 puppem
1015 1058 1103 1089 Ven.
1197 1058 1264 1093 845
1289 1061 1414 1105 sopori
1441 1060 1573 1094 Zulich.
1596 1072 1660 1105 pro

151 1110 223 1135 var.
245 1100 327 1135 lect.
421 1102 491 1135 846
516 1109 583 1133 tua
602 1102 726 1133 munia
749 1101 856 1134 Goth.
879 1114 948 1135 sec.
972 1110 1007 1135 et
1024 1104 1093 1136 Erf.
1191 1106 1258 1138 848
1280 1107 1389 1138 Mene
1417 1109 1529 1140 maris
1555 1108 1660 1141 Goth.

152 1158 221 1180 sec.
267 1147 456 1192 placidum
476 1148 616 1180 voltum
638 1147 773 1191 aliquot
803 1148 894 1181 Pier.
944 1150 1072 1183 vultus
1099 1149 1190 1183 alter
1221 1152 1345 1184 Hamb.
1375 1158 1409 1185 et
1438 1154 1519 1187 Exc.
1545 1155 1661 1188 Burm.

150 1191 219 1227 849
243 1194 310 1225 Pro
335 1193 447 1235 iubes,
472 1194 565 1226 velis
582 1193 713 1227 Zulich.
730 1206 795 1239 pro
817 1195 886 1227 div.
903 1194 986 1229 lect.
1019 1197 1119 1229 Hunc
1139 1203 1174 1229 et
1196 1210 1293 1242 seqq.
1315 1199 1384 1232 duo
1404 1211 1522 1233 versus
1545 1204 1660 1234 Acron

150 1241 214 1272 Ge.
233 1239 389 1273 Fabricii
410 1241 453 1273 ad
471 1241 594 1274 Horat.
614 1243 638 1281 Ι,
665 1243 685 1275 5
708 1241 881 1274 contraxit
898 1241 934 1274 in
954 1254 1074 1283 unum,
1101 1244 1289 1277 memoriae
1310 1244 1394 1277 vitio
1411 1258 1419 1278 z
1443 1248 1553 1280 illene
1574 1249 1660 1280 lzus'c

149 1287 365 1319 concredere
383 1295 545 1320 monstro
565 1290 727 1320 Aeneam
749 1290 858 1321 toties
879 1289 1051 1334 deceptus
1070 1291 1270 1335 (deceptum
1293 1298 1328 1324 et
1346 1298 1438 1331 ante,
1464 1295 1658 1337 confidere,

148 1332 266 1366 Schol.
287 1333 425 1378 Cruqu.)
446 1333 588 1377 fraude
610 1336 740 1367 sereni.
837 1336 904 1369 850
928 1336 1102 1379 (Aeneam
1132 1338 1295 1377 Romam
1333 1337 1403 1370 vid.
1425 1340 1466 1373 V.
1484 1340 1524 1373 L.
1544 1341 1589 1374 ad
1608 1353 1657 1374 vs-

150 1381 251 1419 809.;
278 1387 427 1424 utroque
443 1380 523 1413 loeo
542 1380 739 1413 adiunctum
751 1387 803 1414 est
820 1381 1026 1415 vocabulum
1046 1382 1081 1415 in
1102 1382 1238 1416 literam
1257 1398 1290 1416 m
1310 1384 1444 1425 exiens3
1469 1387 1536 1420 vid.
1556 1389 1598 1421 V.
1616 1387 1656 1420 L.

148 1427 193 1459 ad
210 1431 294 1459 Aen.
312 1428 337 1468 I,
364 1428 441 1462 104.
471 1429 566 1470 er.)
615 1428 770 1460 Donatus
793 1427 904 1471 legit:
931 1430 1018 1474 qaid
1035 1431 1128 1462 enim
1143 1429 1327 1474 fallacias
1350 1435 1486 1465 austris
1508 1437 1557 1466 Et
1573 1447 1656 1468 coe-

148 1473 209 1506 lo'?
243 1474 402 1506 Debebat
420 1474 541 1506 saltem
562 1474 792 1518 distinguere:
828 1478 989 1507 Aeneam
1016 1477 1161 1509 credam
1192 1478 1294 1521 (quid
1320 1479 1413 1510 enim
1429 1478 1654 1524 fallacius?)

145 1522 299 1553 Austris
313 1523 360 1553 Ec
381 1520 506 1553 coelo?
552 1521 672 1554 Potest
693 1522 817 1553 scribi:
841 1526 1002 1554 Aeneam
1028 1523 1182 1563 credam,
1207 1524 1295 1567 quid
1316 1525 1657 1571 enim?fallacibus

147 1568 312 1600 auseris!
359 1571 404 1600 At
422 1566 665 1611 interpositum
691 1568 740 1600 sic
759 1568 847 1613 quid
865 1568 984 1601 enim?
1010 1568 1118 1601 habet
1139 1569 1241 1602 aliam
1258 1570 1454 1604 notionem:
1490 1573 1572 1617 quid
1594 1573 1654 1606 ni?

146 1625 208 1646 cur
231 1613 328 1647 non?
361 1614 459 1646 Utin
479 1614 542 1646 illo
565 1615 721 1647 Horatii:
747 1615 834 1659 quid
853 1615 969 1647 enim?
993 1618 1236 1649 concurritur.
1269 1617 1325 1649 Sic
1347 1629 1482 1663 quoque
1503 1620 1540 1652 τί
1556 1617 1653 1664 yde,-

144 1659 257 1693 Etiam
278 1660 417 1693 Servius
437 1661 486 1693 sic
503 1660 768 1704 interpretatur.
817 1662 998 1694 Sententia
1026 1669 1142 1694 tamen
1173 1674 1214 1695 ea
1235 1662 1348 1695 aliena
1369 1670 1423 1696 est
1444 1677 1463 1698 a
1486 1665 1565 1699 loco
1584 1679 1653 1699 no-

146 1713 233 1739 stro.
261 1701 436 1751 (Iahnius,
463 1707 625 1739 Bothium
652 1714 803 1748 secutus,
827 1707 874 1741 ita
904 1708 992 1741 haec
1023 1708 1225 1752 distinguit:
1260 1713 1423 1750 „Aenean
1452 1712 1590 1746 credam
1609 1733 1651 1738 —

147 1753 232 1798 quid
253 1754 344 1786 enim
358 1754 374 1786 ἶ)
399 1774 455 1796 —-‚
480 1754 664 1787 fallacibus
682 1754 817 1787 Austris
838 1755 883 1786 Et
905 1755 1018 1788 00011ιι
1044 1764 1122 1797 cet„
1156 1755 1246 1788 hanc
1272 1756 1390 1789 dicens
1413 1769 1489 1790 esse
1508 1766 1651 1792 sentcn—

143 1800 247 1833 tiam:
284 1801 449 1843 „Scilicet
481 1804 621 1835 Aenean
660 1801 741 1834 huic
774 1807 931 1834 monstro
967 1801 1125 1842 credam,
1169 1802 1227 1846 qui
1251 1802 1433 1836 fallacibus
1457 1806 1592 1839 Austris
1617 1814 1652 1839 et

143 1847 245 1880 coelo
267 1859 392 1880 sereno
417 1847 521 1881 toties
547 1848 716 1891 deceptus
742 1847 874 1880 su1n?“
923 1850 960 1880 In
985 1848 1119 1891 vulgari
1143 1849 1301 1891 ratione,
1338 1852 1519 1884 contendit
1545 1852 1650 1890 idem.

143 1897 193 1926 Ec
218 1894 311 1927 omni
335 1907 437 1927 seusu
460 1907 600 1935 carere,
627 1902 663 1927 et
687 1894 793 1927 verba
819 1895 906 1939 quid
930 1897 1023 1927 enim
1058 1896 1105 1927 ita
1145 1899 1343 1940 postposita
1366 1897 1511 1931 maxime
1536 1900 1650 1932 offen-

142 1940 228 1973 dere
253 1953 317 1973 nec
341 1942 557 1974 commodam
581 1941 720 1973 efficere
754 1941 968 1973 sententiam.
1017 1941 1150 1975 Similia
1185 1942 1341 1985 disputat
1373 1944 1588 1991 Peerlkamp.
1613 1945 1649 1978 in

142 1986 315 2020 Biblioth.
340 1988 423 2020 crit.
448 1989 539 2021 Nov.
565 1987 646 2020 Vol.
673 1989 716 2020 V.
742 1988 779 2019 P.
802 1989 828 2019 J.
855 2000 889 2031 p.
916 1988 993 2023 131.
1041 1991 1087 2020 At
1110 1987 1257 2032 primum
1282 1988 1365 2020 satis
1399 1989 1484 2023 dura
1510 2000 1545 2024 et
1567 1992 1648 2026 lan-

144 2033 248 2076 guida
274 2033 393 2066 existit
417 2034 544 2075 oratio,
570 2033 599 2065 si
617 2034 662 2066 ad
683 2034 743 2066 illa
758 2036 908 2066 Aenean
931 2034 1074 2066 credam
1092 2042 1251 2077 repetere
1269 2034 1354 2067 velis
1372 2035 1457 2068 lzuic
1474 2048 1646 2072 monstro.

144 2081 233 2112 Tum
269 2081 375 2113 verba
410 2081 497 2125 quid
529 2082 622 2112 enim
647 2079 715 2112 vim
741 2080 873 2112 habent
905 2080 1131 2124 negandi:
1155 2079 1179 2113 i.
1205 2092 1235 2113 e.
1259 2092 1471 2125 quorsum
1504 2085 1646 2118 enim?

144 2125 235 2159 sive:
261 2138 363 2170 quam
388 2126 478 2158 enim
503 2126 626 2159 stultus
651 2126 736 2167 sim,
760 2126 828 2158 hoc
852 2127 881 2158 si
905 2127 1041 2159 faciam.
1089 2130 1132 2159 At
1164 2127 1284 2159 eadem
1311 2127 1392 2169 illa,
1428 2131 1518 2173 quid
1541 2133 1644 2174 enim,

142 2172 304 2205 absolute
327 2173 445 2218 posita
468 2173 536 2205 vim
562 2172 751 2214 sustinent,
783 2173 929 2205 alienam
950 2173 993 2205 ab
1019 2173 1087 2206 hoc
1110 2173 1211 2214 loco,
1243 2173 1532 2210 affirmandi:
1564 2189 1644 2211 nec

142 2219 283 2252 aliter
307 2231 385 2252 res
411 2231 458 2252 se
483 2219 658 2252 habere
682 2226 860 2263 potest3
885 2231 916 2252 v.
943 2220 1098 2263 exempla
1124 2232 1144 2252 a
1169 2219 1335 2253 Salmasio
1361 2221 1406 2253 ad
1430 2222 1580 2257 Tertull.
1599 2225 1643 2258 de

140 2266 227 2299 Pall.
254 2278 329 2310 cap.
352 2268 395 2299 V.
422 2265 498 2298 init.
531 2272 565 2298 et
591 2266 633 2298 ab
660 2265 808 2299 Horatio
829 2265 1027 2298 Tursellino
1047 2278 1126 2310 pag.
1153 2267 1231 2300 863.
1260 2266 1342 2299 edit.
1368 2267 1426 2300 alt.
1457 2270 1642 2304 Schwartz.

142 2312 308 2352 collecta;
336 2312 424 2345 adde
449 2313 665 2356 Peerlkamp.
690 2313 714 2345 l.
741 2313 764 2345 l.
791 2319 826 2344 et
850 2312 962 2345 Hand.
988 2313 1138 2345 Tursell.
1158 2312 1239 2347 Vol.
1264 2314 1304 2345 II.
1330 2324 1364 2356 p.
1389 2314 1466 2349 386.
1515 2318 1558 2350 Et
1576 2318 1642 2351 de-

141 2358 256 2392 sinent
279 2360 367 2392 haec
390 2359 608 2392 incommode
634 2359 747 2404 posita
772 2359 901 2401 videri,
935 2358 964 2390 si
988 2359 1163 2403 vulgarem
1188 2359 1362 2403 sequimur
1384 2359 1641 2407 interpunctio-

140 2417 230 2439 nem.
279 2406 437 2451 Denique
472 2409 521 2439 Et
545 2406 640 2439 valet
673 2406 709 2440 h.
733 2405 770 2448 l.,
801 2413 839 2438 ut
863 2412 958 2438 recte
992 2406 1136 2451 exponit
1159 2406 1315 2450 Heynius
1348 2406 1384 2438 in
1407 2408 1523 2453 Nota,
1557 2411 1580 2444 i.
1605 2424 1639 2457 q.

139 2523 308 2562 tandum
321 2524 568 2576 propteralia
581 2521 867 2576 loca.(—841.
927 2530 967 2561 et
994 2523 1068 2572 IV,
1108 2523 1202 2566 587.
1233 2523 1378 2573 furari
1405 2527 1639 2577 exquisitius

140 2581 196 2618 De
217 2582 406 2620 iunctura
435 2581 624 2620 orationis
643 2581 724 2619 vid.
744 2581 794 2629 Q.
818 2581 863 2619 V.
923 2594 1040 2631 quam
1087 2580 1322 2619 subtrahere
1336 2612 1348 2632 7
1406 2584 1636 2625 subducere.

141 2639 309 2688 XXXV,
341 2642 380 2680 9.
418 2638 535 2693 lVr.)
596 2638 864 2676 Plzorbantem
920 2637 1111 2678 κλέπτειν.

140 2696 245 2733 forte
262 2708 312 2733 ex
335 2696 446 2734 Iliad.
466 2698 497 2746 ξ,
529 2697 611 2738 490
629 2696 744 2747 petiit
764 2709 863 2748 poe-
979 2694 1232 2737 847—857.
1284 2695 1526 2748 Comparant
1555 2698 1634 2736 Lu·-

140 2758 194 2790 ta.
248 2753 303 2790 De
334 2754 474 2792 ceteris
500 2768 538 2793 v.
569 2755 734 2792 Excurs.
764 2754 862 2792 VIII.
921 2759 1018 2793 eret.
1050 2753 1098 2802 ΙΙ,
1129 2752 1386 2795 556—559.
1418 2757 1486 2791 vix
1513 2756 1633 2792 attol-

141 2807 234 2850 844-
259 2809 353 2851 845.
375 2812 586 2862 Aequatae
606 2825 743 2860 aurae,
770 2824 861 2862 opp.
919 2811 1003 2847 lens
1020 2811 1189 2847 lumina.
1247 2809 1356 2847 Bona
1377 2810 1500 2848 Servii
1520 2817 1631 2849 nota:

140 2874 252 2904 vento
274 2865 445 2918 obliquo.
470 2881 508 2906 v.
529 2882 614 2919 sup.
638 2868 688 2906 ad
706 2869 857 2916 v.830‚
919 2870 1122 2916 „nzmzim's
1162 2869 1389 2916 praesentia
1432 2881 1630 2918 praegra-

1240 2934 1357 2977 53*
