1779 3420
137 201 238 251 484

477 199 531 247 P.
579 196 929 247 VIRGILII
973 194 1348 244 MARONIS

136 329 276 377 Aere
304 340 433 374 cavo
459 323 721 390 clipeum,
758 321 936 387 magni
959 329 1236 385 gestamen
1261 320 1498 385 Abantis,

134 395 382 447 Postibus
405 394 636 444 adversis
668 393 801 458 figo,
837 402 887 442 et
912 408 1030 440 rem
1064 392 1301 440 carmine
1324 393 1501 456 signo:

135 480 337 516 AENEAS
369 481 506 514 HAEC
544 480 611 513 DE
643 479 834 512 DANA1s
872 476 1194 511 VICTORIBUS
1231 477 1397 514 ARMA.

133 538 405 603 Linquere
432 544 550 584 tum
577 544 764 601 portus
791 533 979 595 iube0‚
1021 540 1073 581 et
1101 532 1383 581 considere
1413 532 1667 584 transtris.

136 607 396 660 Certatim
455 606 585 654 socii
646 604 848 654 feriunt
905 619 1082 665 mare,

1155 611 1208 651 et
1260 619 1496 669 aequora
1546 620 1668 652 ver-

927 681 1068 722 runt.
1563 679 1666 725 290

133 750 403 797 Protenus
427 746 588 795 aerias
606 744 911 794 'Phaeacum
935 741 1316 791 abscondimus
1344 760 1504 806 arces,

132 818 424 882 Litoraque
449 816 595 882 Epiri
620 815 870 879 legimuS,
908 822 1181 879 portuque
1204 813 1445 863 subimus

135 887 405 950 Chaonio,
446 895 499 936 et
521 885 714 935 celsam
735 884 982 934 Buthroti
1008 883 1322 933 adcedimus
1349 884 1557 934 urbem.

225 1007 296 1040 286
329 1007 427 1038 Aere
455 1017 552 1037 novo
583 1007 701 1048 Sprot.
752 1003 879 1049 clypeo
909 1002 1077 1036 Rotteud.
1107 1014 1177 1035 sec.

320 1053 388 1087 289
414 1060 490 1083 tum
505 1053 657 1097 penitus
678 1051 785 1083 Goth.
805 1063 875 1083 sec.

703 1099 769 1132 291
799 1098 1032 1130 ascendimus
1063 1098 1131 1129 duo
1157 1098 1271 1130 Burm.
1305 1110 1380 1130 cum
1409 1098 1510 1139 aliis,
1544 1110 1662 1142 prave.

476 1147 547 1180 292
569 1153 775 1190 portusque
794 1158 822 1177 s.
849 1145 1010 1177 Chaonio
1029 1144 1156 1177 Medic.
1178 1157 1196 1177 a
1216 1157 1260 1177 m.
1281 1157 1348 1188 pr.‚
1374 1157 1454 1178 mox
1470 1144 1664 1178 correctrix

132 1054 221 1085 Ven.

131 1099 283 1132 riatione
297 1125 305 1141 ‚
331 1099 393 1131 sed
414 1099 504 1131 male
527 1098 562 1131 h.
583 1098 606 1131 l.

133 1145 241 1179 urbes
261 1150 378 1191 Sprot.

1275 1004 1344 1037 287
1380 1005 1522 1036 aversis
1552 1003 1665 1049 fingo

925 1052 1128 1083 ΟΟΙιδίδίΕΓΒ
1157 1050 1225 1082 dUO
1248 1051 1363 1083 Burni.
1397 1058 1569 1094 perpetua
1600 1063 1664 1083 VR-

131 1206 252 1225 manus
280 1192 408 1226 adiecit
431 1205 460 1225 s.
508 1193 553 1224 Et
573 1204 656 1224 sane
685 1201 893 1238 portusque
927 1204 954 1224 s.
985 1192 1168 1225 Chaonios
1201 1200 1237 1224 et
1264 1205 1293 1224 c.
1322 1193 1423 1224 multi
1458 1193 1561 1226 codd.
1594 1192 1664 1225 ha-

129 1241 234 1281 bent,
274 1240 331 1273 vel
362 1246 484 1272 contra
509 1246 680 1280 metrum,
713 1246 748 1271 et
775 1239 880 1279 olim,
915 1246 953 1271 ut
992 1239 1047 1271 vel
1079 1251 1120 1271 ex
1147 1239 1268 1271 Servio
1300 1247 1418 1284 patet,
1452 1240 1663 1273 habuerunt.

129 1287 217 1320 Hinc
241 1286 548 1330 grammaticorum
568 1286 695 1327 tricae,
730 1287 773 1318 de
799 1286 924 1331 quibus
953 1299 985 1320 v.
1010 1285 1101 1319 Pier.
1131 1293 1167 1319 et
1198 1287 1320 1320 Heius.

130 1335 174 1367 ad
207 1334 494 1378 intelligendum,
529 1334 678 1377 primum
711 1333 849 1367 librarii
878 1346 998 1366 errore
1030 1334 1180 1375 factum,

1377 1287 1446 1320 Sed
1474 1286 1579 1320 facile
1608 1294 1663 1320 est

1230 1340 1267 1366 ut
1297 1334 1538 1367 communiore
1564 1346 1663 1368 more

126 1390 331 1428 portusque
350 1380 513 1414 subimus
533 1381 771 1422 scriberetur3
797 1381 878 1413 hinc
900 1382 1211 1414 accommodarunt
1239 1381 1396 1416 alterum.
1445 1383 1560 1415 Burm.
1592 1394 1663 1426 pu-

130 1429 230 1461 tabat
260 1428 427 1472 scriptum
463 1428 577 1472 primo
608 1428 716 1461 fuisse
752 1437 977 1475 portumque
1006 1441 1034 1462 S.
1066 1429 1274 1462 Clzaom'om.

1337 1430 1499 1462 Chaonia
1527 1429 1661 1462 Zulich.

132 1478 153 1508 E
178 1476 350 1509 Gothanis
371 1488 424 1520 pr.
445 1482 480 1508 et
499 1483 582 1509 tert.
603 1488 720 1508 veram
738 1475 929 1508 lectionem
948 1483 1151 1519 agnoscunt.
1203 1476 1440 1520 (Constructio
1463 1488 1533 1509 non
1552 1477 1662 1521 magis

128 1523 273 1556 vexabit
296 1522 564 1567 grammaticos,
590 1535 692 1568 quam
722 1525 784 1563 JV,
803 1524 884 1559 373.
912 1524 1063 1555 eiectum
1086 1523 1206 1556 litore.
1243 1531 1302 1556 aut
1326 1537 1431 1569 supra
1454 1525 1533 1560 135.
1569 1526 1662 1557 sicco

129 1569 330 1603 subductae
365 1570 473 1602 litore
500 1583 655 1617 puppes.
714 1574 823 1613 Sunt,
857 1571 916 1614 qui
949 1570 1074 1602 malint
1096 1579 1212 1616 portu
1241 1583 1306 1615 pro
1332 1573 1460 1617 portui
1489 1570 1662 1616 accipere.

140 1618 244 1651 chlz.
273 1638 315 1641 —
342 1618 659 1663 portu—Chaonio
681 1618 811 1657 Palat.;
846 1619 940 1659 VIII,
974 1619 1072 1653 125:
1111 1618 1347 1658 „subeunt
1375 1618 1529 1651 luco.“
1578 1619 1661 1651 Vid.

128 1665 171 1697 V.
193 1665 233 1697 L.
253 1665 297 1697 ad
318 1663 395 1705 VII,
433 1665 511 1698 161.
559 1666 657 1708 IVr.)
766 1666 838 1701 293
878 1667 1047 1706 Brauon,
1082 1667 1251 1706 Butroti,
1287 1666 1478 1709 Bythroti,
1513 1667 1660 1707 Bitrotzy

130 1713 270 1752 Biroti,
298 1711 494 1752 Burrlzoti,
521 1718 556 1743 et
576 1719 663 1757 quot
684 1712 798 1746 modis
821 1724 892 1745 non
921 1713 1107 1755 peccatur!
1159 1713 1364 1745 accedimus
1387 1712 1506 1745 Heius.
1536 1726 1554 1745 e
1584 1726 1661 1745 me-

128 1758 278 1791 lioribus
298 1764 381 1803 post
401 1758 492 1791 Pier.
512 1759 704 1793 revocavit.
754 1760 871 1804 Vulgo
895 1759 1166 1800 adscendamus.
1217 1760 1463 1803 (ascendimus
1474 1760 1586 1793 Palat.
1604 1762 1660 1795 11.

131 1807 187 1840 12.
215 1807 281 1845 13.,
308 1805 403 1850 quod
422 1806 554 1851 probat
574 1807 671 1840 Cort.
696 1807 741 1840 ad
763 1808 892 1840 Lucan.
918 1808 960 1847 ΙΙ,
994 1808 1075 1842 609.
1124 1806 1195 1839 Sed
1225 1819 1326 1852 quam
1360 1808 1543 1840 commode
1572 1807 1661 1841 haec

128 1852 235 1885 lectio
259 1864 335 1885 cum
354 1864 422 1885 vss.
441 1853 512 1888 300
530 1866 606 1898 sqq.
628 1861 663 1887 et
679 1855 750 1891 345
769 1867 845 1900 sqq.
872 1853 1054 1887 conciliari
1073 1853 1189 1899 possit
1202 1879 1210 1895 ,
1235 1854 1296 1887 alii
1315 1853 1479 1888 viderint.
1509 1854 1606 1898 lVr.)

127 1957 221 1996 rat„
273 1955 507 2000 exasperat,
555 1945 714 2003 οἷγριοῖ,
764 1965 866 2003 pro-
910 1950 1072 2002 firinnt
1090 1964 1202 1988 mare
1215 1980 1225 1999 ,
1268 1956 1316 1989 ut
1341 1950 1463 1989 toties
1495 1946 1661 1992 τύπτειν

129 2006 318 2045 cellarum
367 2007 440 2045 ira.
528 2007 739 2047 Illustrant
787 2009 865 2048 hoc

128 2065 254 2102 Cerda
273 2071 314 2103 et
332 2065 523 2103 Burman.

185 2125 448 2165 286—288.
470 2124 526 2161 De
548 2124 681 2177 clipeis
701 2126 863 2175 votivis,

128 2194 219 2219 cum
249 2181 367 2219 titulo
394 2181 612 2234 inscripto,
643 2184 751 2223 inter
786 2184 864 2222 do-

127 2239 240 2276 naria
277 2239 477 2292 suspensis
514 2254 577 2278 res
623 2248 732 2280 nota.
806 2243 862 2280 De

128 2297 285 2334 Abante
320 2311 360 2336 v.
395 2298 561 2337 Excurs.
601 2299 656 2337 [X
684 2300 736 2337 ad
763 2299 804 2338 h.
836 2301 861 2338 l.

130 2355 308 2391 adversis
322 2385 332 2404 ‚
359 2362 498 2405 ornat3
518 2356 559 2394 in
578 2358 716 2410 templi
736 2358 862 2397 aditu.

128 2426 313 2459 carmen,
349 2413 398 2450 de
429 2427 511 2451 uno
540 2427 681 2465 versu,
725 2422 863 2454 tenere

132 2476 169 2507 te
190 2484 272 2507 non
292 2469 422 2508 debet.
454 2472 555 2509 haec
576 2487 692 2510 arma
708 2504 717 2522 ‚
751 2473 863 2511 huuc

130 2527 301 2579 clipeum
355 2530 632 2568 consecravit:
694 2531 863 2578 Αἰνείας

131 2582 211 2626 οἷπὸ
230 2588 311 2624 τῶν
344 2589 542 2626 Δαναῶν·
586 2594 633 2624 ut
665 2588 707 2625 in
744 2589 862 2626 simili

129 2656 172 2680 re
206 2656 343 2693 saepe:
393 2657 432 2681 v.
477 2658 509 2682 c.
547 2645 657 2696 apud
693 2647 862 2685 Pausan.

129 2701 195 2739 lib.
220 2701 249 2748 I,
272 2703 338 2749 13,
357 2715 394 2750 p.
425 2704 491 2742 31.

187 2761 270 2800 289
291 2780 348 2786 —
367 2761 464 2800 293.
507 2767 648 2810 portas
693 2760 862 2798 Portum

129 2815 349 2854 Actiacum.
385 2830 423 2855 v.
459 2816 510 2854 ad
548 2830 587 2855 v.
631 2816 727 2858 274.
764 2818 860 2860 275.

129 2876 329 2912 considere
368 2876 563 2912 transtris.
619 2888 735 2927 saepe
772 2875 861 2913 Ho-

129 2946 227 2971 mer.
266 2931 330 2972 ἐπὶ
355 2936 490 2984 κληῖσι
518 2929 703 2982 κάθιζον.
764 2933 860 2972 Mox

925 2005 1014 2048 ἅλα.
1076 2008 1359 2047 abscondimus
1380 2009 1660 2061 praetervehi-

923 2081 1016 2105 mur
1048 2067 1285 2119 Corcyram,
1330 2080 1454 2118 eaque
1493 2082 1514 2105 a
1545 2073 1660 2119 tergo

922 2125 1075 2173 relicta,
1092 2125 1378 2176 adnavigamus
1391 2126 1519 2164 littori
1538 2126 1660 2178 Epiri.

927 2184 1088 2236 Proprie
1116 2183 1333 2222 dicendum
1373 2191 1481 2222 erat:
1524 2185 1661 2222 insula

922 2241 1180 2280 absconditur
1194 2242 1307 2280 nobis
1320 2273 1329 2290 ‚
1355 2243 1480 2281 oculis
1499 2242 1659 2281 nostris.

922 2300 1085 2338 Dictum
1109 2300 1347 2338 abscondere
1375 2301 1515 2339 eodem
1537 2300 1659 2338 modo

920 2364 969 2396 ut
988 2372 1074 2410 sup.
1094 2372 1133 2396 v.
1157 2358 1240 2401 275
1267 2362 1460 2409 aperitur.
1509 2360 1555 2399 cs.
1587 2359 1658 2396 inf.

922 2416 973 2453 ad
1009 2417 1107 2457 411.
1145 2438 1202 2444 —-
1253 2419 1388 2454 aerias
1414 2417 1660 2454 Phaeacum

921 2488 1055 2521 arcae,
1117 2480 1274 2511 montes
1318 2474 1517 2525 Corcyrae
1562 2471 1659 2524 ὄρεα

921 2527 1104 2571 σκιόεντα
1127 2531 1252 2582 Γαίης
1284 2529 1482 2583 Φαιήκων
1514 2531 1657 2583 Odyss.

922 2603 962 2633 ε,
1001 2590 1099 2628 279.
1162 2588 1210 2625 de
1247 2589 1350 2626 binis
1390 2590 1563 2641 scopulis
1607 2590 1658 2628 ad

919 2645 1132 2683 introitum
1157 2652 1302 2697 portus
1332 2648 1512 2698 accipere
1537 2648 1657 2686 video

921 2710 1152 2751 auctorem,
1196 2704 1265 2754 qui
1294 2704 1394 2743 haec
1420 2706 1510 2743 loca
1543 2705 1658 2755 adiit,

921 2762 981 2799 St.
1019 2761 1203 2798 Samwm·
1241 2763 1287 2800 V
1286 2777 1415 2814 oyage
1460 2765 1564 2802 (lans
1601 2765 1659 2802 les

919 2820 1021 2857 lsles
1048 2820 1303 2857 Veniliennes
1334 2821 1389 2858 cla
1415 2822 1586 2861 Levant.
1618 2836 1657 2874 p.

923 2879 987 2919 19.
1021 2876 1206 2915 subtilius
1245 2891 1365 2928 quam
1397 2893 1557 2918 necesse
1586 2886 1658 2919 est.

911 2943 1034 2985 porca
1067 2935 1277 2974 Chaonio:
1316 2943 1376 2975 est
1407 2945 1553 2989 portus
1582 2939 1658 2976 Pe-
