1811 3388
6 2906 41 2965 *x

506 213 1292 263 ADLIBRUMIII
1559 223 1661 271 575

265 342 499 391 Corythum,
536 340 722 378 Etruriae
744 353 845 391 quae
873 341 971 379 urbs
1003 341 1073 391 sit,
1113 343 1154 380 in
1190 345 1504 385 controversiam
1536 349 1661 399 venit,

145 400 215 438 sed
239 401 333 437 satis
355 399 435 436 iam
457 397 616 436 Cluver.
636 398 721 436 Ital.
744 404 827 436 ant.
850 412 888 449 p.
907 399 989 439 590
1009 413 1107 450 sqq„
1137 408 1177 439 et
1196 416 1325 454 nuper
1347 404 1490 443 Gorius
1513 419 1533 442 a
1554 407 1662 445 Bur—

147 471 293 495 manno
313 457 391 494 iam
411 454 600 492 laudatus
619 455 741 493 Inscr.
761 456 899 494 Etrur.
924 456 1036 495 Tom.
1055 458 1102 505 ll,
1123 472 1161 509 p.
1180 461 1276 508 364,
1308 462 1377 511 qui
1404 469 1539 501 tamen
1565 465 1662 503 Clu-

146 515 299 554 verium
342 514 424 551 sere
464 514 667 563 sequitur,
716 513 958 564 argumentis
999 514 1154 553 idoneis
1195 519 1426 569 evicerunt,
1466 533 1548 558 esse
1576 536 1663 560 eam

156 574 381 609 Cot-zonam.
416 570 530 618 Quae
551 584 642 608 cum
676 572 787 608 varie
817 572 911 609 olim
937 573 1203 624 scriberetur,
1235 575 1528 628 habereturque
1565 580 1662 618 urbs

141 630 405 667 Etruscorum
430 628 728 678 antiquissima:
759 629 840 667 vid.
868 629 1028 681 Dionys,
1049 632 1078 680 Ι,
1109 635 1176 673 20.
1206 635 1261 675 26
1292 633 1352 687 (at
1378 636 1421 674 in
1453 635 1661 677 Herodoto

143 687 172 734 Ι,
198 688 251 728 57
283 686 481 724 Cortonae
502 685 636 723 nullus
657 686 769 724 locus
797 700 879 723 esse
902 694 1056 738 potest,
1097 696 1135 727 et
1162 704 1270 728 mera
1298 695 1450 732 somnia
1481 696 1662 736 continet

141 744 290 781 Ridols.
337 745 489 781 Venuli
510 743 665 781 libellus
690 743 738 780 de
760 746 925 795 antiqua
945 746 1121 784 Cortona
1148 747 1190 785 in
1219 751 1335 788 Diss.
1372 752 1475 790 delfi
1499 754 1656 793 Accacl.

141 803 187 839 ‹lc'
210 802 380 839 Cortona
415 802 459 839 T.
491 801 556 848 IV,
572 801 618 839 N.
652 800 714 852 1),
744 803 916 840 nominis
949 804 1168 843 similitudo
1199 806 1312 844 facile
1339 809 1390 846 ad
1423 810 1659 862 Corythum,

141 859 318 897 Dardani
342 865 519 910 patrem,
553 859 698 896 ducere
719 861 874 910 potuit,
907 862 1018 911 quasi
1048 862 1079 899 is
1104 864 1243 902 urbem
1274 867 1518 906 condidisset
1547 869 1660 921 eique

140 919 384 969 imperasset.
445 916 549 953 Hinc
572 916 680 954 inter
699 931 808 968 reges
841 925 880 956 et
912 920 1140 958 conditores
1174 922 1477 973 Tyrrhenorum
1510 929 1660 967 censeri

141 975 272 1025 coepit
294 973 513 1025 Corythus,
544 974 652 1012 unde
671 983 790 1025 poeta
816 977 978 1027 Corythi
998 977 1109 1015 arbes·
1131 993 1203 1029 pro
1231 981 1455 1032 Tyrrhenia
1485 984 1553 1023 lib.
1589 987 1658 1035 IX,

145 1036 208 1073 10.
229 1033 279 1081 X,
299 1034 397 1081 719,
418 1038 457 1069 et
479 1045 546 1080 eo,
579 1045 697 1082 quem
720 1048 842 1085 supra
870 1035 1095 1085 posuimuS,
1129 1036 1234 1076 loco:
1269 1039 1481 1092 Corythum
1511 1051 1656 1082 terras-

141 1105 215 1141 que
235 1093 410 1142 requirat
433 1092 649 1147 Ausonias.

254 1170 298 1207 In
321 1169 611 1208 recentioribus
630 1171 773 1222 passim
796 1171 980 1225 interpp„
1011 1188 1048 1211 v.
1072 1188 1103 1212 c.
1127 1175 1177 1213 ad
1197 1176 1260 1226 ΠΙ,
1288 1181 1381 1228 167,
1413 1181 1537 1219 multa
1561 1196 1657 1233 per-

139 1242 274 1281 peram
297 1228 541 1276 traduntur,
573 1242 673 1278 quae
692 1243 741 1266 ex
762 1228 925 1267 Anianis
953 1231 1095 1269 fabulis
1124 1234 1244 1284 petita
1276 1235 1533 1287 deprehendi.
1593 1240 1658 1278 Ad

140 1286 430 1324 Graeculorum
452 1293 674 1323 commenta
696 1288 891 1338 pertinet,
937 1289 1045 1338 quod
1080 1290 1128 1327 (le
1153 1292 1259 1342 galea
1292 1294 1466 1334 Dardani
1496 1295 1656 1351 (κόρυς)

138 1350 422 1395 perstrepunt,
452 1349 492 1380 et
513 1344 621 1393 quod
647 1344 870 1396 Corythum
893 1346 1140 1397 Tyrrheniae
1159 1350 1208 1386 ad
1233 1351 1385 1390 Paridis
1414 1368 1463 1392 ex
1493 1356 1656 1393 Oenone

138 1402 265 1440 filium
286 1402 489 1449 referunt,
519 1401 707 1452 quodque
730 1404 960 1441 Dardanum
983 1418 1031 1441 ex
1055 1406 1194 1455 Creta,
1226 1409 1334 1446 unde
1365 1412 1517 1450 Teucer
1556 1427 1655 1465 pro-

140 1461 266 1497 sectus
297 1465 403 1507 erat,
434 1465 645 1510 repetunt,
678 1461 742 1498 vel
769 1461 819 1498 ad
849 1462 955 1499 [dam
990 1469 1029 1500 et
1060 1463 1164 1501 circa
1197 1467 1486 1507 Scamandrum
1513 1478 1656 1511 natum

141 1517 367 1565 affirmant,
400 1522 440 1554 et
458 1517 573 1568 plura
606 1517 692 1556 alia.
753 1518 887 1566 Quam
915 1520 1078 1570 vellem,
1118 1523 1264 1562 multas
1296 1526 1448 1566 fabulas
1476 1528 1518 1566 in
1546 1529 1656 1568 hunc

138 1575 303 1613 modum
326 1574 461 1613 detexi
484 1574 634 1616 liceret,

254 1655 306 1693 Ut
345 1661 478 1693 autem
516 1656 563 1693 iis
599 1656 934 1706 adolescentibus,
977 1658 1120 1708 quibus
1152 1660 1263 1711 libri,
1306 1664 1413 1702 unde
1448 1665 1546 1705 haec
1575 1668 1656 1720 peti

139 1719 326 1765 possunt,
358 1713 439 1752 non
459 1713 511 1751 ad
531 1728 671 1752 manus
697 1721 813 1762 sunt,
860 1715 910 1752 ad
939 1715 1238 1767 intelligendum
1272 1719 1369 1760 haec
1398 1726 1528 1762 omnia
1561 1727 1655 1764 satis

138 1772 219 1809 sint
240 1771 378 1820 obvia,
410 1772 636 1822 progeniem
667 1772 842 1809 Dardani
875 1779 914 1810 et
945 1772 1011 1811 hic
1039 1777 1257 1815 secundum
1286 1778 1447 1820 Homer.
1478 1784 1588 1821 Iliad.
1617 1800 1655 1833 v,

139 1830 224 1872 214
243 1844 326 1880 sqq.
358 1829 521 1880 Dionys.
541 1829 665 1867 Halic.
698 1831 725 1877 Ι,
754 1833 807 1872 62
839 1837 878 1867 et
910 1830 1142 1882 Apollodor.
1173 1835 1237 1883 ΙΙΙ,
1276 1840 1327 1880 12
1362 1846 1539 1890 repetere
1573 1856 1655 1879 non

139 1887 298 1938 pigebit.
332 1887 382 1925 cf.
406 1887 568 1926 Diodor.
601 1888 662 1935 IV,
697 1890 762 1929 75.
824 1888 868 1925 In
896 1888 941 1926 iis
971 1895 1127 1936 tamen,
1169 1906 1268 1942 quae
1301 1896 1349 1932 ab
1380 1897 1465 1935 aliis
1499 1899 1655 1938 diverse

139 1945 383 1993 traduntur,
415 1959 452 1983 v.
474 1959 505 1982 c.
528 1960 549 1982 a
572 1945 689 1996 Dicty
710 1945 776 1982 lib.
801 1945 828 1993 Ι,
850 1960 881 1984 c.
907 1949 945 1996 9,
973 1946 1038 1985 hic
1057 1962 1137 1986 non
1158 1952 1417 1993 morabimur.

253 2026 480 2064 Dardanas
500 2039 548 2063 ex
571 2025 679 2063 Batia
694 2057 704 2076 ‚
737 2026 879 2064 Teucri
905 2027 952 2074 s.‚
993 2029 1102 2066 llum
1123 2037 1163 2069 et
1183 2033 1491 2073 Erichthonium
1528 2039 1653 2075 susci-

140 2083 209 2134 pit.
269 2084 350 2121 Ilus
369 2083 453 2120 sine
472 2084 584 2135 prole
604 2084 789 2122 moritur.

255 2164 538 2202 Erichthonius
565 2177 614 2202 ex
643 2163 864 2202 Callirrhoe
893 2167 1150 2216 Scamandri,
1195 2175 1236 2206 ut
1276 2170 1460 2223 Dionys,
1500 2175 1563 2212 vel
1604 2188 1654 2213 ex

140 2221 341 2273 Astyoche
363 2222 576 2260 Simoentis
598 2223 622 2261 s.
645 2228 755 2260 creat
784 2225 949 2271 Troem;
988 2238 1009 2261 a
1029 2239 1108 2275 quo
1137 2228 1252 2264 Troes
1273 2228 1380 2268 dicti.

261 2305 359 2341 Tros
376 2317 426 2340 ex
448 2302 668 2340 Callirrhoe
696 2304 950 2353 Scamandri,
994 2311 1041 2343 ut
1073 2305 1258 2358 Apollod.
1291 2315 1330 2346 et
1360 2311 1498 2349 Conon
1530 2327 1563 2351 c.
1601 2317 1654 2356 12

141 2359 207 2413 (ex
226 2360 466 2409 Acallaride,
498 2361 686 2398 Eumedis
707 2362 731 2398 s.
748 2367 794 2399 ut
822 2361 996 2415 Dionys.)
1028 2364 1135 2402 llum
1154 2394 1163 2412 ‚
1200 2368 1471 2417 Assaracum,
1509 2371 1653 2413 Gany-

139 2421 310 2467 medem,
347 2432 438 2456 cum
465 2419 677 2468 Cleopatra
699 2426 870 2470 generat.
929 2421 1012 2458 Iam
1599 2414 1609 2422 ⁵

250 2500 478 2537 Assaracus
510 2498 789 2538 Hieromneme
830 2501 1040 2539 Simoentis
1076 2503 1101 2540 f.
1141 2503 1205 2541 vel
1239 2504 1458 2557 Clytodora
1486 2508 1653 2548 Laome-

465 2554 520 2568 υ
1404 2564 1538 2604 dontis
1568 2568 1595 2606 f.

396 2628 718 2698 Capy.themis
748 2630 795 2668 Ili
827 2632 853 2670 f.
885 2632 949 2670 vel
977 2632 1070 2671 Nais
1100 2634 1276 2687 nympha

459 2762 656 2800 Anchises
679 2785 726 2790 —
755 2761 887 2801 Venus

614 2878 773 2915 Aeneas

133 2930 190 2968 lli
211 2937 344 2969 autem
358 2961 368 2980 ,
400 2945 422 2970 a
445 2946 524 2983 quo
546 2934 673 2972 Ilium
690 2934 920 2984 conditum,
947 2935 1155 2987 progenies
1175 2939 1411 2979 Laomedon
1422 2957 1439 2990 ;
1471 2945 1650 2983 Laome-
