1811 3388
293 193 700 245 AENEIDOS
739 194 881 243 LIB.
916 195 1003 256 IV,
1036 199 1327 248 249—258
1482 205 1584 251 635

72 322 310 371 Piscosos
332 317 603 384 scopu108‚
639 317 855 367 humilis
878 319 1022 369 volat
1044 336 1277 386 aequora
1300 321 1450 374 iuxta.
1483 327 1584 377 255

142 417 242 465 256
279 414 474 460 *HAUD
495 426 687 460 ALITER
715 426 915 461 TERRAS
949 428 1106 461 INTER
1135 428 1456 474 COELUMQUE
1485 432 1586 465 vo-

851 496 1036 544 LABAT,

140 556 239 602 257
278 551 476 598 *erus
514 564 799 599 ARENOSUM
826 566 894 599 Ac
922 554 1122 600 LIBYAE
1156 568 1469 612 VENTOSQUE
1504 569 1588 603 sE-

854 635 1021 670 CABAT

141 693 242 740 258
281 691 586 738 *MATERNO
609 705 830 738 VENIENS
851 704 918 739 AB
943 705 1051 740 Avo
1075 692 1345 743 CYLLENIA
1371 707 1586 742 PROLES.

273 772 370 815 257.
401 785 615 811 ARENOSUM
642 773 795 811 LIBYAE

167 907 236 943 255
263 916 394 941 contra
413 909 519 941 iuxta
540 909 688 943 Dorvill.
707 917 741 943 et
764 910 927 944 omissum
950 911 1107 944 humilis.
1142 911 1211 945 vid.
1233 913 1347 946 Burm.
1417 913 1499 947 256.
1519 913 1588 948 257

75 955 208 998 Ingrati
230 967 351 987 versus
364 981 371 994 ,
398 962 433 987 et
451 966 538 988 sono
558 955 592 987 in
612 968 697 989 voce
723 965 879 991 extrema
910 958 1033 990 eodem
1061 958 1115 990 bis
1134 959 1304 991 redeunte
1319 985 1328 1001 ,
1365 965 1399 992 et
1418 959 1589 1004 impedita

73 1001 255 1034 verborum
277 1008 460 1036 structura.
509 1002 610 1034 Haud
624 1003 728 1036 facile
739 1004 806 1037 fuit
817 1004 875 1049 qui
888 1006 1065 1037 Maronem
1084 1005 1232 1048 legeret,
1252 1005 1334 1050 quin
1358 1006 1402 1039 ad
1422 1006 1486 1038 hos
1506 1018 1590 1038 ver-

75 1059 134 1080 sus
166 1048 374 1082 offenderet.
406 1049 458 1081 De
477 1055 649 1082 structura
671 1063 703 1083 v.
724 1059 797 1084 not.
845 1054 882 1084 ln
905 1052 1007 1084 codd.
1035 1052 1163 1085 Medic.
1193 1059 1226 1085 et
1246 1053 1360 1085 multis
1380 1052 1457 1085 aliis
1476 1053 1589 1085 Hein—

75 1094 118 1127 sii
139 1101 174 1127 et
192 1097 391 1127 Burmann.:
417 1108 459 1128 ac
481 1094 638 1139 Libyae,
664 1097 721 1129 vel
743 1108 778 1131 ει
795 1100 851 1139 L„
878 1106 913 1131 at
932 1099 1020 1131 Gud.
1047 1110 1067 1131 a
1086 1111 1131 1132 m.
1151 1110 1204 1142 pr.
1239 1111 1313 1132 cum
1340 1099 1415 1132 aliis
1444 1100 1494 1132 ad
1521 1101 1590 1132 Li-

77 1140 186 1185 byae,
211 1142 305 1186 quod
326 1142 533 1174 Brunckium
553 1144 762 1186 praetulisse
789 1145 902 1178 video.
953 1153 1133 1190 ventoque
1163 1147 1253 1178 Ven.
1301 1147 1371 1179 Sed
1401 1146 1488 1179 haec
1521 1158 1590 1191 pa-

76 1200 151 1220 rum
172 1188 304 1221 iuvant.
354 1189 473 1221 Heius.
495 1189 584 1221 coni.
605 1191 814 1236 coelumque
836 1192 963 1224 volatu
977 1217 985 1233 ,
1010 1191 1066 1224 vel
1080 1192 1259 1225 volando.
1306 1193 1514 1236 Elegantior
1536 1198 1591 1225 est

76 1235 223 1267 Bentleii
246 1235 444 1268 emendatio
464 1236 507 1268 ad
529 1237 752 1271 Horat.IOd.
773 1238 819 1273 34
839 1237 993 1283 legebat.
1029 1239 1116 1273 Tan.
1136 1239 1250 1271 Faber
1269 1251 1404 1272 versum
1423 1239 1587 1272 alterum:

77 1283 185 1314 Litus
215 1294 411 1314 arenosum
434 1282 636 1325 iugulabat,
675 1284 733 1327 qui
758 1291 793 1316 et
817 1285 949 1317 Zulich.
971 1285 1088 1317 deest:
1134 1297 1272 1327 verum,
1305 1286 1334 1318 si
1358 1286 1448 1319 hunc
1480 1285 1591 1318 solum

78 1328 276 1368 sustuleris,
303 1328 477 1361 sententia
497 1341 617 1362 manca
636 1331 854 1375 relinquitur.
901 1332 1015 1364 Debet
1037 1331 1127 1364 enim
1155 1332 1318 1365 Mercurii
1338 1333 1473 1366 volatus
1495 1332 1592 1365 iuxta

77 1387 171 1406 mare
200 1387 239 1408 ac
266 1374 347 1407 litus
369 1375 550 1408 declarari.
600 1379 686 1409 Sunt
705 1379 846 1411 tandem
873 1378 975 1411 codd.
1003 1378 1109 1411 Pierii
1139 1385 1174 1411 et
1203 1379 1338 1412 Heinsii
1360 1386 1395 1412 et
1421 1379 1493 1412 bini
1514 1380 1591 1412 Go-

77 1421 196 1462 thani,
222 1433 297 1454 cum
315 1422 385 1454 Erf.
407 1435 426 1454 a
446 1435 490 1454 m.
510 1435 590 1464 sec„
614 1422 648 1456 in
677 1424 800 1468 quibus
829 1437 949 1457 versus
979 1429 1151 1459 Materno
1184 1427 1335 1459 veniens
1362 1426 1593 1471 praeponitur

79 1468 204 1500 alteri:
231 1469 339 1500 Licus
356 1481 569 1509 arenosum3
615 1471 775 1514 (eundem
793 1472 951 1504 ordinem
977 1471 1145 1504 exhibent
1168 1472 1264 1515 Lips.
1289 1480 1361 1517 utq.
1394 1480 1429 1505 et
1447 1477 1480 1506 4.
1504 1474 1538 1507 7.
1559 1473 1592 1507 8.

82 1517 137 1549 ll.
166 1515 262 1558 lVr.)
289 1515 358 1547 hoc
379 1515 555 1548 arridebat
576 1517 720 1550 Heinsio
735 1544 743 1558 ,
768 1531 842 1551 cum
863 1518 912 1551 sic
933 1518 1087 1562 ingratus
1110 1530 1214 1551 sonus
1231 1519 1388 1552 tollatur.
1438 1523 1484 1552 At
1502 1521 1593 1552 Bur—

79 1573 205 1602 mann„
228 1560 287 1605 qui
309 1562 412 1594 docte
433 1562 477 1594 de
498 1562 565 1595 hoc
584 1563 663 1596 loco
685 1565 769 1608 egit,
789 1565 964 1609 vulgatum
985 1565 1143 1597 ordinem
1165 1565 1273 1609 (cuius
1296 1566 1398 1599 etiam
1415 1566 1449 1598 in
1467 1567 1592 1610 fragm.

79 1608 191 1640 Vatic.
212 1607 359 1652 vestigia
377 1608 547 1651 visuntur)
575 1616 692 1643 tuetur
712 1611 873 1644 similium
895 1624 1054 1644 versuum
1078 1611 1251 1656 exemplo,
1275 1611 1432 1657 inprimis
1456 1613 1518 1646 lib.
1540 1614 1590 1654 X,

78 1655 157 1689 213.
182 1655 260 1688 214.
305 1654 362 1686 ‘Ita
379 1662 535 1688 maneret
565 1656 690 1690 saltem
718 1659 804 1691 hoc:
834 1671 909 1691 esse
938 1671 1055 1691 versus
1084 1658 1214 1691 similes
1247 1659 1283 1691 in
1314 1660 1489 1703 Virgilio,
1521 1671 1593 1692 non

79 1701 190 1734 minus
208 1700 297 1733 male
317 1713 428 1734 cusos.
478 1703 638 1735 Praestat
673 1704 802 1747 dicere,
833 1717 908 1738 esse
930 1717 1047 1738 versus
1068 1705 1221 1748 Virgilii,
1259 1706 1321 1738 sed
1348 1719 1484 1739 manum
1508 1706 1593 1738 ulti—

79 1760 168 1780 mam
196 1759 255 1780 eos
286 1748 378 1780 haud
404 1761 479 1781 esse
512 1757 687 1792 expertos.
736 1754 781 1784 At
807 1764 871 1784 nec
899 1751 1010 1785 minus
1038 1752 1325 1796 probabilitatem
1354 1753 1465 1786 habet
1491 1753 1594 1795 illud,

82 1806 152 1827 non
169 1794 274 1826 modo
296 1806 399 1827 unum
418 1796 473 1827 vel
504 1795 662 1838 alterum,
688 1799 750 1830 scd
774 1810 892 1831 omnes
915 1806 988 1831 tres
1010 1811 1149 1831 versus:
1176 1800 1290 1831 Haud
1317 1800 1437 1833 aliter.
1485 1802 1596 1833 Litus

82 1854 138 1875 ar.
159 1843 330 1874 Materno
350 1854 382 1874 ν.
407 1842 529 1874 deberi
556 1843 678 1887 inepto
703 1845 971 1890 interpolatori,
997 1846 1055 1889 qui
1079 1845 1302 1878 desiderabat
1322 1845 1594 1891 comparationis

81 1887 273 1931 apodosin‚
307 1900 372 1932 qua
398 1888 460 1922 illa
492 1889 536 1921 ad
562 1891 769 1924 Mercurium
803 1893 1065 1924 transferretur.
1114 1896 1201 1925 Sunt
1229 1899 1343 1924 autem
1375 1905 1493 1926 versus
1523 1900 1595 1926 tam

81 1934 187 1967 ieiuni
216 1940 251 1965 et
277 1935 468 1976 salebrosi,
500 1943 537 1968 ut
556 1935 612 1969 vix
644 1938 687 1970 de
709 1939 830 1971 fraude
850 1940 942 1972 facta
960 1939 1119 1971 dubitare
1143 1939 1260 1971 liceat.
1310 1940 1432 1972 Habeo
1457 1952 1595 1984 quoque

82 1979 326 2014 assentientem
347 1982 412 2015 hac
434 1983 469 2014 in
488 1995 526 2014 re
549 1985 713 2027 sagaciss.
738 1985 847 2018 virum
869 1987 935 2018 Iac.
960 1987 1110 2029 Bryant:
1145 1998 1208 2018 nec
1237 1997 1371 2027 vereor,
1398 1987 1480 2030 quin
1503 1987 1595 2019 idem

84 2026 216 2060 sensuri
237 2040 369 2060 mecum
406 2028 476 2060 sint
505 2029 570 2061 viri
600 2031 715 2072 docti,
758 2031 816 2075 qui
848 2033 934 2065 haec
960 2033 1091 2075 legunt.
1145 2032 1381 2077 (Priusquam,
1416 2034 1497 2076 quid
1518 2033 1596 2077 ipse

84 2073 231 2106 sentiam
267 2074 310 2105 de
336 2074 389 2106 his
416 2075 592 2115 versibus,
627 2089 847 2121 expromam,
889 2078 977 2111 libet
1002 2079 1155 2111 rationes
1182 2078 1325 2119 afferre,
1361 2079 1485 2122 quibus
1511 2079 1595 2111 freti

83 2119 371 2153 XVunderlichius
406 2128 440 2153 et
476 2122 702 2156 Weiehertus
738 2136 855 2156 eorum
890 2125 1128 2169 ‘integritatem
1153 2124 1331 2157 declarare
1364 2126 1480 2158 conati
1507 2132 1595 2158 sunt.

86 2168 135 2198 Ut
160 2166 315 2198 omittam
341 2174 577 2211 argumentum
603 2183 622 2202 a
648 2171 725 2202 soni
750 2170 959 2204 insuavitate
985 2172 1192 2211 desumtum,
1218 2171 1455 2214 impugnatum
1480 2171 1548 2204 iam
1576 2184 1597 2204 a

86 2214 290 2253 Burmanno,
316 2214 384 2245 vid.
410 2218 548 2246 Santen.
575 2216 619 2247 ad
639 2217 840 2250 Terentian.
859 2219 968 2251 Maur.
993 2231 1027 2262 p.
1049 2219 1129 2252 202.
1156 2230 1231 2261 sqq.
1255 2219 1335 2252 215.
1361 2230 1451 2261 sqq.‚
1477 2220 1597 2251 XVun-

87 2258 286 2299 derliclfius,
313 2259 340 2291 si
367 2259 515 2292 volabat
541 2262 630 2294 litus
654 2263 825 2306 iungatur,
852 2264 1151 2308 praepositionem
1177 2264 1246 2303 ait,
1273 2275 1334 2296 suo
1360 2263 1503 2305 iudicio,
1529 2264 1595 2296 de-

89 2318 163 2337 esse
189 2317 257 2337 non
285 2318 408 2350 pmseq
435 2307 621 2340 secundum
646 2311 831 2342 Burmanni
856 2311 1137 2351 distinctionem,
1170 2311 1211 2343 ab
1239 2310 1375 2354 Heynio
1413 2318 1596 2352 servatam,

86 2352 232 2396 primum
258 2353 448 2396 asyndeton
474 2354 643 2395 volabat,
671 2357 760 2388 licus
785 2382 792 2389 .
809 2382 838 2390 ..
866 2357 1033 2397 secabat,
1068 2357 1336 2400 ingratissimum
1362 2369 1458 2399 esse,
1483 2370 1595 2401 neque

87 2399 175 2431 litas
198 2398 343 2431 secubat
367 2399 436 2432 dici
459 2412 562 2444 posse
584 2402 627 2434 de
642 2403 790 2444 volante,
809 2416 870 2436 nec
890 2403 998 2448 figura
1015 2404 1387 2447 aliqua—zeugmate,
1411 2405 1504 2449 quod
1516 2404 1596 2448 pla-

87 2452 143 2478 cet
165 2446 377 2485 Burmanno,
402 2466 446 2471 —
472 2447 642 2481 advocata
668 2449 937 2493 explicationem
973 2450 1042 2483 loci
1067 2462 1280 2494 magnopere
1312 2450 1479 2483 adiuvari.
1527 2452 1595 2484 Ita-

87 2504 153 2536 que
179 2492 264 2533 sibi,
291 2499 328 2524 ut
352 2492 541 2535 Bruuwkio,
576 2495 763 2529 lectionem
789 2498 838 2529 ad
862 2496 1019 2539 Libyae,
1047 2509 1166 2541 quam,
1191 2504 1334 2540 praeter
1359 2498 1554 2531 Gudianum
1579 2510 1597 2530 a

89 2551 130 2571 nl.
157 2551 223 2584 pr„
246 2546 316 2571 tres
342 2540 443 2573 codd.
470 2539 504 2572 iu
531 2542 671 2584 ordine,
698 2551 731 2576 et
755 2556 839 2576 unus
866 2556 929 2588 pro
957 2543 1024 2577 div.
1048 2544 1128 2578 leet.
1154 2544 1326 2586 offerunt,
1360 2544 1596 2589 recipiendam

91 2674 149 2704 est
169 2668 219 2704 ad
240 2668 442 2706 notionem
463 2672 691 2721 praedicati,
706 2673 814 2723 quod
874 2679 954 2722 set,
988 2673 1231 2725 distinguere
1261 2673 1395 2711 malim
1423 2687 1512 2711 cum
1535 2672 1597 2711 vi-

94 2726 326 2775 praeeessit3
367 2726 422 2764 ita
456 2727 495 2765 h.
527 2729 552 2766 l.
597 2730 648 2766 ad
693 2732 815 2769 verba
873 2731 928 2768 ris
960 2731 1088 2769 doctis
1119 2738 1209 2783 post
1230 2731 1413 2783 Libyae;
1457 2738 1504 2768 ut
1527 2731 1598 2768 sit:

86 2796 277 2832 [waes-eps
309 2798 349 2820 se.
379 2786 498 2822 misit.
552 2788 676 2825 ch·lz.
738 2789 815 2825 Sed
875 2791 1103 2826 Mercurius
1140 2788 1305 2826 volabat
1342 2791 1442 2826 inter
1475 2797 1596 2825 terras

92 2837 173 2876 vid.
196 2839 239 2876 V.
267 2840 307 2877 L.
338 2841 388 2877 ad
414 2856 472 2879 vs.
491 2845 586 2884 956.
606 2858 661 2894 sq.
698 2846 814 2898 lVr.)
876 2848 1105 2897 coelumque
1141 2843 1382 2898 (Meamyydg
1410 2846 1527 2899 γαίης
1558 2859 1598 2883 τε

149 2898 231 2939 256
250 2920 295 2925 —
311 2899 406 2938 258.
437 2900 475 2936 Si
497 2901 614 2938 lectio
636 2916 728 2940 sana
755 2917 813 2940 es·
876 2903 941 2943 :wi
963 2900 1141 2956 ου’ριιιόῦ
1166 2899 1424 2956 ἀστερόεντος
1441 2902 1550 2939 Iliad.
1569 2916 1596 2949 ε,
