1811 3388
350 222 762 274 AENEIDOS
802 228 940 278 LIB.
980 233 1074 293 Vl,
1109 239 1396 294 825—836

1522 255 1618 302 989

115 345 403 407 Aggeribus
425 363 578 396 socer
597 349 799 415 Alpinis
818 361 974 419 atque
995 372 1111 405 arce
1133 360 1380 412 Monoeci

111 415 480 476 Descendens3
518 433 685 480 gener
705 420 934 471 adversis
954 424 1234 477 instructus
1254 432 1389 484 Eois,

110 486 215 544 Ne,
255 485 431 549 pueri,
470 502 539 535 ne
564 496 703 537 tanta
724 491 908 541 animis
930 494 1219 547 adsuescite
1240 499 1406 560 bella;

0 609 1 622 χ
57 585 64 588 >
110 555 227 601 Neu
248 554 446 617 patriae
472 556 664 605 validas
686 559 738 606 in
764 561 959 611 viscera
985 567 1171 615 vertite
1196 569 1344 620 vires,

111 624 302 687 Tuque
324 625 487 689 prior,
511 634 569 674 tu
587 645 760 692 parce,
782 646 948 694 genus
969 635 1058 700 qui
1075 635 1222 685 ducis
1239 639 1496 706 Olymp03
1521 648 1620 696 835

109 692 314 741 Proiice
339 694 444 743 tela
463 712 648 755 manu,
679 701 886 763 sanguis
907 719 1071 754 meus.
1096 736 1165 743 —

201 809 264 844 831
302 811 487 853 IlIenoeci,
520 811 582 856 (ita
620 815 652 849 6.
694 817 788 859 IVr.)
832 819 1016 861 Memmi,
1051 822 1208 861 Moneti,
1246 825 1409 866 szw‘,
1444 828 1611 869 Minoem}

108 855 274 896 ΠῙοηειε,
292 857 460 891 aben-att.
479 860 580 892 codd.
630 864 673 893 At
692 869 746 894 est
765 864 961 898 Movoiuov
979 864 1096 910 λιμήν.

1191 870 1260 903 832
1278 872 1476 905 Discedens
1494 875 1563 918 Pug
1569 882 1614 908 et.

107 903 248 934 aversis
271 903 395 936 Medic.
421 918 439 937 a
459 918 501 938 111.
520 918 573 951 pr.
596 914 631 939 et
655 908 773 950 Leid„
799 910 833 942 in
855 923 924 953 quo
951 912 1084 946 mireris
1113 915 1290 949 Heinsium
1322 918 1427 950 otium
1454 922 1614 964 perdere.

105 949 174 982 833
199 949 382 983 adnectite
401 952 521 995 Puget.

105 994 274 1030 Montalb.

371 998 438 1032 836
472 1001 626 1044 sanguis
650 1003 738 1046 pius
768 1015 809 1035 ex
838 1005 1020 1038 Ruliniano
1050 1007 1094 1039 de
1119 1008 1254 1042 Schem.
1282 1010 1378 1043 Dian.
1410 1024 1443 1055 p.
1469 1014 1514 1047 36

616 955 683 990 834
708 958 791 988 illem
812 958 919 990 Goth.
947 970 1020 1001 pn,
1047 966 1082 992 et
1108 963 1294 995 invalidas
1320 964 1423 998 idem.
1474 976 1615 1000 vertere

1543 1016 1612 1058 (ed.

105 1040 243 1073 Ruhnk.
277 1055 310 1086 p.
340 1044 422 1087 267)
446 1046 513 1077 iam
541 1048 602 1079 Ge.
644 1049 822 1082 Fabricius
860 1051 1038 1092 laudavit3
1073 1065 1137 1087 nec
1165 1055 1286 1088 dubito
1312 1058 1344 1089 vi
1369 1070 1407 1090 ac
1436 1067 1612 1102 potestate

105 1087 301 1121 sententiae
325 1102 399 1123 esse
423 1093 710 1136 praeferendum3
745 1097 809 1128 etsi
840 1098 1037 1132 Rufinianus
1070 1100 1104 1132 in
1134 1100 1426 1147 interpretatione
1459 1107 1610 1149 argutias

105 1140 240 1176 captat,
266 1137 363 1180 quasi
383 1145 488 1181 poeta
508 1146 600 1172 tecte
623 1141 802 1175 Caesarem
824 1144 1020 1188 vituperare
1048 1147 1218 1188 voluerit,
1252 1161 1326 1182 cum
1353 1151 1469 1184 dicere
1495 1154 1609 1185 mani—

104 1181 195 1213 feste
231 1194 352 1226 parum
378 1191 491 1218 tutum
526 1193 635 1220 esset:
678 1189 773 1222 Nam
808 1192 917 1223 simul
940 1205 1106 1226 caussam
1133 1193 1218 1227 belli
1242 1197 1359 1228 civilis
1386 1200 1544 1232 ostendit
1569 1202 1609 1232 in

105 1229 411 1273 Caesatejaisse‚
438 1233 521 1264 dum
539 1234 644 1273 dicit,
671 1235 823 1278 priorem
839 1238 942 1270 illam
960 1238 1088 1272 debere
1112 1253 1282 1285 parcere;
1317 1245 1426 1277 simul
1449 1246 1607 1278 dolorem

102 1274 273 1319 confessa
298 1283 355 1320 tan
379 1291 418 1310 re
440 1279 634 1324 consessa?
658 1294 735 1314 nam
755 1296 893 1316 sensus:
919 1292 956 1316 ut
974 1285 1041 1329 ipsi
1067 1287 1205 1320 Caesari
1233 1288 1310 1321 talis
1339 1292 1511 1324 confessio
1543 1304 1606 1324 ex-

102 1322 284 1365 primatur)
309 1332 344 1356 et
361 1326 399 1356 in
420 1326 553 1359 iudicio
575 1339 641 1361 suo
662 1332 823 1373 quaerit,
850 1339 1032 1376 tamquam
1059 1334 1140 1366 ideo
1163 1347 1317 1379 parcere
1344 1337 1440 1380 prior
1468 1337 1604 1379 debeat,

102 1369 188 1412 quia
208 1370 256 1401 sit
272 1371 456 1403 Anchisae
474 1373 550 1416 pius
572 1375 710 1418 sanguis
731 1386 765 1408 et
783 1376 827 1409 ab
850 1378 998 1424 Olympo
1017 1392 1135 1424 genus
1163 1381 1283 1414 ducat.
1330 1384 1521 1417 Fatendum
1547 1391 1605 1418 ta·-

100 1426 176 1446 men
192 1441 199 1455 ‚
225 1415 372 1449 alterum
396 1421 550 1463 Sanguis
568 1433 668 1455 meus
695 1423 838 1456 allectus
861 1424 940 1469 plus
969 1426 1100 1458 habere
1125 1433 1159 1459 et
1185 1428 1227 1459 ad
1255 1436 1397 1462 naturae
1424 1431 1603 1464 veritatem

100 1473 129 1493 Π]
136 1461 221 1494 elius
243 1474 319 1496 esse
339 1474 586 1509 ΟΟΪΠΡΕΙΓΞᾸΠΠΠ.

99 1544 255 1582 lumina
276 1548 393 1584 vilae.
458 1546 554 1600 (Sed
583 1551 649 1600 qui
680 1551 745 1600 fit,
775 1559 824 1591 ut

98 1614 124 1638 n
138 1615 159 1638 o
176 1608 252 1639 cte
273 1605 398 1654 premi
418 1604 472 1642 illi
488 1606 685 1658 dicantur,
698 1623 822 1659 quum

98 1659 272 1710 Elysium
302 1675 373 1700 suo
413 1663 494 1700 sole
536 1666 822 1706 collustretur?

96 1716 179 1754 vid.
203 1731 260 1755 vs.
284 1720 365 1760 640
386 1733 442 1770 sq.
494 1722 689 1762 Nimirum
713 1725 821 1776 quod

95 1773 182 1811 loca
216 1775 341 1813 infera
392 1782 592 1818 communi
636 1783 821 1832 opinione

96 1832 269 1870 tenebris
297 1834 478 1873 involuta
505 1844 719 1889 putantur,
752 1841 821 1890 qui

94 1895 229 1927 autem
264 1900 506 1942 nascuntur,
548 1896 597 1933 in
644 1897 820 1935 lucem

93 1947 158 1984 edi
175 1947 394 1999 dicuntur,
425 1951 466 1988 id
490 1952 529 1989 in
550 1967 725 1992 errorem
752 1957 818 1992 in—

94 2004 206 2042 duxit
237 2014 407 2057 poetam.
445 2011 562 2063 W)
623 2014 717 2053 831.
749 2013 818 2050 Iu-

92 2062 168 2100 lius
196 2064 337 2103 Caesar
373 2066 415 2103 in
448 2067 675 2119 Pompeium
706 2083 816 2107 arma

94 2121 279 2159 movebat
322 2136 342 2160 e
383 2124 530 2163 Galliis.
598 2126 679 2163 Etsi
716 2140 814 2166 vero

90 2178 304 2217 Ravennae
330 2186 416 2218 tum
449 2182 686 2220 subsistebat
724 2198 814 2222 cum

89 2249 170 2273 una
196 2237 367 2288 legione,
398 2245 551 2288 tamen,
591 2255 679 2278 cum
708 2248 812 2279 cete-

89 2307 157 2331 rae
186 2294 356 2345 legiones
390 2310 438 2334 ex
468 2296 644 2335 hibernis
678 2298 733 2349 (v.
765 2300 813 2337 de

88 2351 131 2388 B.
173 2352 258 2390 Civ.
300 2354 326 2402 l,
359 2357 425 2403 7),
468 2355 645 2405 adeoque
686 2358 812 2395 maior

89 2409 295 2460 copiarum
314 2425 406 2461 pars
440 2425 489 2449 ex
515 2413 640 2450 Gallia
662 2414 812 2452 Trans-

88 2466 217 2516 alpina
249 2475 348 2505 esset
382 2471 636 2519 arcessenda,
685 2486 811 2522 augu—

86 2531 147 2561 sta
168 2537 303 2562 rerum
323 2527 449 2576 specie
474 2528 521 2565 ab
547 2529 711 2579 Alpibus
737 2530 811 2566 de-

86 2582 274 2620 scendere
297 2596 387 2621 eum
407 2592 553 2624 narrat.
596 2586 713 2637 Alpes
738 2587 810 2625 de—

86 2639 213 2677 clarat
248 2654 319 2692 per
350 2656 519 2693 aggeres
559 2645 734 2693 Alpinos
771 2651 810 2683 et

84 2710 216 2734 arcem
237 2700 451 2747 Monoeci,
486 2699 525 2738 h.
555 2714 585 2739 e.
616 2715 811 2753 promon-

84 2755 232 2791 terium
281 2770 371 2793 cum
422 2758 569 2809 templo
607 2765 644 2795 et
689 2767 812 2810 portu

81 2809 266 2848 Herculis
297 2813 498 2858 Monoeci,
541 2817 613 2854 sub
646 2816 810 2868 Alpibus

81 2867 290 2905 maritimis
312 2883 391 2907 non
412 2871 525 2922 longe
545 2887 566 2909 a
587 2874 728 2911 Nicaea
752 2876 809 2912 si-

80 2925 142 2974 tis,
163 2926 231 2976 qui
253 2939 362 2964 nunc
385 2929 563 2967 Monaco
585 2937 655 2969 est.
702 2932 808 2969 Alie-

882 1567 977 1591 num
1022 1554 1156 1606 itaque
1198 1563 1258 1594 est
1287 1572 1368 1596 non
1398 1559 1518 1610 magis
1553 1561 1600 1596 ab

880 1610 1066 1650 historiae
1086 1614 1278 1663 veritate,
1310 1630 1428 1666 quam
1455 1631 1476 1654 a
1504 1631 1601 1668 poe-

881 1675 943 1706 tae
968 1671 1152 1720 consilio,
1184 1679 1253 1709 aut
1279 1675 1471 1724 cogitare,
1503 1676 1600 1712 Cae-

881 1740 1008 1764 sarem
1042 1728 1171 1778 ipsum
1196 1742 1268 1780 per
1300 1730 1395 1768 haec
1434 1732 1520 1769 loca
1559 1734 1600 1770 in

879 1784 1031 1821 Italiam
1055 1786 1312 1835 descendisse,
1338 1795 1408 1826 aut
1427 1789 1477 1826 ad
1503 1790 1600 1827 red-

879 1841 978 1879 itum
1013 1843 1185 1881 Caesaris
1208 1857 1257 1882 ex
1286 1845 1472 1898 Hispania
1505 1846 1601 1885 haec

878 1900 1039 1938 referre.
1098 1902 1176 1939 Nec
1201 1903 1338 1941 melius
1367 1917 1450 1942 rem
1476 1917 1599 1956 expe-

879 1957 939 1994 dit
964 1958 1230 1996 Burmannus.
1290 1961 1432 1998 Videas
1469 1968 1598 2000 tamen

877 2016 1067 2052 audacter
1088 2015 1185 2053 haec
1208 2016 1248 2054 in
1268 2017 1598 2069 descriptionibus

876 2078 913 2108 et
950 2071 1124 2110 historiis
1162 2074 1294 2111 ltaliae
1326 2077 1451 2126 repeti
1479 2075 1533 2128 (v.
1564 2091 1595 2115 c.

881 2129 991 2166 Obss.
1015 2145 1084 2167 sar
1101 2131 1128 2167 l'
1148 2133 1267 2169 ltalie
1294 2133 1336 2170 T.
1357 2134 1594 2185 1H‚p.282),

874 2192 911 2222 et
935 2188 1150 2225 monstrari
1172 2189 1314 2227 turrim
1338 2204 1455 2242 super
1478 2205 1595 2228 111011-

871 2249 911 2280 te
942 2244 1121 2295 Turbia,
1163 2260 1238 2296 qua
1277 2249 1448 2286 transitu
1487 2250 1593 2286 facto

872 2302 1012 2339 Caesar
1033 2303 1105 2340 iter
1133 2303 1174 2340 in
1209 2304 1361 2342 Italiam
1391 2307 1592 2354 clauserit3

872 2372 990 2409 quam
1013 2360 1284 2411 Tropaeoruni
1311 2362 1477 2413 Augusti
1504 2365 1592 2401 rui-

871 2430 940 2453 nas
961 2417 1025 2454 alii
1053 2431 1132 2454 esse
1152 2422 1438 2469 pronuntians,
1470 2427 1514 2458 ut
1543 2435 1591 2458 ex

869 2474 1159 2512 Holdswortlio
1180 2476 1310 2515 didici.
1362 2478 1590 2530 Pompeium

870 2534 1002 2582 copias
1051 2546 1101 2570 ex
1142 2534 1304 2572 Oriente
1346 2538 1590 2574 contraxisse

869 2590 954 2639 quis
999 2591 1147 2629 nescit?
1223 2595 1316 2633 833.
1358 2608 1406 2630 ne
1442 2596 1589 2632 culsne-

869 2650 963 2684 scile
981 2647 1085 2685 bella
1102 2678 1112 2696 ‚
1146 2662 1218 2699 pro
1244 2650 1415 2700 vulgari:
1447 2652 1588 2690 adsue-

869 2717 976 2742 scere
996 2705 1118 2744 bellis.
1142 2705 1242 2756 (Liv.
1265 2709 1374 2756 XXI,
1396 2712 1477 2750 33:
1499 2710 1584 2757 „in-

869 2762 933 2800 via
982 2776 1028 2800 ac
1069 2764 1182 2801 devia
1223 2765 1416 2803 adsueti.“
1468 2765 1584 2817 Il1'r.)

868 2818 972 2857 Ante
994 2821 1129 2858 oculos
1152 2823 1266 2859 fuisse
1288 2824 1455 2860 credunt
1477 2823 1583 2861 Iliad.

866 2893 905 2928 η,
926 2881 1008 2919 279
1039 2879 1087 2915 de
1108 2879 1278 2917 Hectore
1302 2887 1339 2916 et
1365 2879 1476 2916 Aiace
1500 2880 1583 2916 sin-

865 2934 993 2984 gulari
1033 2937 1246 2974 certamine
1295 2937 1581 2987 pugnantibus:
