1827 3436
428 254 845 306 AENEIDOS
884 255 1022 303 LIB.
1060 256 1100 315 1,
1140 259 1430 305 488—497
1590 263 1683 308 165

171 388 343 435 Aurea
374 381 697 431 subnectens
732 387 966 429 exsertae
997 378 1204 442 cingula
1231 395 1514 444 mammae,

170 453 438 513 Bellatrix,
478 449 749 515 audetque
774 449 895 497 viris
920 464 1241 497 concurrere
1264 448 1425 512 virgO.

238 526 382 572 Haec
406 521 537 571 dum
561 518 831 570 Dardanio
861 521 1070 567 Aeneae
1093 517 1336 567 miranda
1357 519 1619 582 videntur,

168 597 311 643 Dum
333 600 533 657 stupet,
574 589 877 654 obtutuque
897 587 1085 637 haeret
1105 586 1309 636 defixus
1332 588 1385 636 in
1407 605 1541 640 uno:
1588 595 1685 643 495

170 662 371 727 Regina
394 661 460 710 ad
482 658 775 725 templum,
808 656 984 707 forma
1006 657 1327 723 pulcerrima
1348 658 1505 721 Dido,

170 732 416 795 Incessit,
453 745 645 794 magna
669 729 927 778 iuvenum
955 728 1182 793 stipante
1213 737 1431 779 caterva.

242 830 356 877 492.
396 837 628 872 MAMMAE
664 824 719 872 B.
863 824 978 874 496.
1016 835 1369 884 PULcERmMA,
1405 824 1547 871 Dino
1582 822 1620 871 Ι.

262 963 333 1000 492
369 966 546 997 Exsectae
583 961 686 995 codd.
720 960 814 1005 apud
840 959 932 993 Pier.
967 959 1069 993 male.
1129 961 1172 993 cf.
1214 963 1300 993 Aen.
1327 961 1401 1003 XI,
1435 960 1503 995 649
1539 966 1575 992 et
1609 959 1689 994 803.

169 1010 240 1047 494
264 1012 355 1044 haec
375 1023 455 1043 cum
475 1009 626 1042 Dorvill.
650 1014 686 1041 et
703 1008 754 1040 ita
776 1006 888 1039 Rufin.
910 1019 989 1051 pag.
1015 1007 1072 1042 33.
1120 1007 1216 1040 Idem
1234 1010 1383 1040 Aeneae
1401 1019 1466 1052 pro
1498 1005 1542 1040 ab
1564 1011 1690 1040 Aenea

170 1059 324 1104 positum
345 1069 422 1090 esse
441 1058 557 1090 docet.
605 1057 736 1096 Recte,
763 1054 793 1086 si
814 1053 897 1098 quid
917 1053 1033 1087 video.
1082 1055 1193 1095 Nam,
1218 1054 1248 1086 si
1269 1065 1441 1097 exponas:
1467 1055 1501 1087 ei
1518 1053 1689 1086 videntur

171 1118 250 1139 esse
270 1105 459 1146 miranda,
484 1103 684 1148 pedestrem
706 1101 837 1134 habeas
862 1101 1079 1142 orationem,
1105 1113 1175 1133 non
1192 1101 1379 1146 poetieam.
1474 1100 1543 1135 495
1569 1098 1689 1133 obtui—

171 1161 283 1198 tuqae
315 1152 396 1184 duo.
446 1150 601 1196 diffisi-us
628 1161 682 1193 pr.
720 1147 889 1181 Rottend.
947 1149 986 1180 in
1025 1149 1093 1180 imo
1130 1148 1199 1180 duo
1227 1148 1335 1180 Goth.
1361 1148 1545 1192 frequente
1578 1147 1688 1191 lapsu.

169 1200 238 1235 497
258 1201 432 1232 iuvenum
457 1209 593 1243 magna
619 1199 737 1240 Sprot.
786 1195 982 1227 comitante
1002 1201 1085 1238 post
1110 1196 1303 1227 Romanurn
1331 1195 1468 1238 Meuag.
1488 1207 1540 1239 pr.
1565 1193 1689 1227 Hamb.

171 1259 223 1292 pr.
259 1248 309 1290 (et
334 1246 413 1279 Alb.
444 1245 539 1287 lVr.)

170 1305 309 1327 mannO.

171 1412 213 1450 id
243 1425 288 1449 eo
320 1410 518 1463 pertinet,
549 1407 680 1459 quod,
712 1407 902 1458 quando-

172 1470 334 1521 quidem
389 1467 539 1506 auxilia
585 1479 636 1503 ex
682 1466 802 1503 terris
853 1465 902 1502 ab

172 1528 325 1566 oriente
355 1527 462 1573 sitis,
494 1537 595 1575 quae
616 1530 703 1561 tum
730 1523 804 1561 sub
825 1523 902 1560 As-

171 1586 374 1637 syriorum
411 1583 563 1621 ditione
603 1582 724 1619 fuisse
755 1580 903 1619 viden-

170 1649 262 1691 tur,
294 1643 476 1680 Aurorae
498 1640 563 1677 ille
590 1639 696 1677 filius
720 1638 903 1687 adduxit,

170 1714 214 1739 re
232 1701 275 1739 in
293 1701 422 1738 maius
442 1703 580 1746 aucta,
612 1696 733 1734 Indos
757 1703 796 1734 et
820 1696 902 1734 Ae-

171 1759 329 1811 thiopes
349 1756 565 1795 adduxisse
594 1755 773 1792 fabulose
801 1754 902 1792 dici-

172 1824 252 1856 tur.
312 1816 413 1856 Vide
437 1816 603 1852 Excurs.
626 1813 677 1850 ad
696 1811 737 1850 h.
761 1813 785 1851 l.

229 1873 488 1916 490-493,
546 1871 601 1908 De
632 1870 903 1909 Amazonibus

172 1933 274 1971 duce
314 1930 563 1970 Penthesilea
604 1928 798 1967 auxilium
831 1929 901 1966 Ilio

172 1991 393 2028 ferentibus
432 2001 471 2027 v,
508 1987 709 2035 Quintum
741 1989 902 2038 Smyrn.

171 2049 275 2087 libro
298 2049 326 2087 I.
347 2055 385 2085 et
409 2047 457 2084 de
480 2045 749 2083 Amazonibus
772 2044 901 2082 artifi-

173 2121 264 2145 cum
296 2105 484 2158 operibus
520 2103 714 2155 expressis
744 2117 784 2141 v.
817 2103 899 2139 Ex-

173 2179 276 2203 curs.
322 2164 374 2201 ad
416 2163 457 2201 11.
497 2162 523 2200 l.
556 2162 693 2212 peltae
734 2162 900 2198 lanalae

173 2223 335 2275 proprie
361 2222 610 2259 Amazonum
640 2220 764 2256 suere.
804 2217 900 2255 sub-

172 2289 327 2318 nectens
373 2279 545 2329 cingula
589 2277 817 2323 mammae,
871 2289 900 2313 s.

172 2338 374 2388 mammis,
407 2335 642 2386 exquisitius
663 2348 782 2385 quam
806 2332 902 2370 sul)-

173 2405 327 2434 nectens
351 2426 360 2444 ,
435 2394 656 2432 subnexam
726 2391 901 2439 habens,

172 2468 396 2492 mammam
445 2452 608 2503 cingulo
627 2481 636 2498 ,
681 2465 710 2488 s.
754 2449 902 2496 balteo,

173 2525 291 2563 quem
318 2512 360 2549 in
394 2509 666 2548 monumentis
693 2507 830 2546 videre
860 2507 902 2543 in

172 2575 339 2622 promtu
360 2575 431 2606 est.
481 2568 631 2606 Dextra
646 2566 803 2606 ,seilicet
827 2578 902 2616 pa-

173 2628 269 2680 pilla
292 2633 379 2664 erat
398 2626 562 2664 nudata.
621 2625 727 2662 Nota
757 2623 902 2661 omnia.

172 2687 275 2724 Loca
297 2684 458 2723 classica
478 2698 539 2735 ap.
561 2682 799 2721 Strabonem
811 2685 903 2718 sunt

173 2744 240 2782 lib.
279 2743 337 2781 XI
379 2748 418 2779 et
464 2742 552 2779 XII.
599 2740 683 2778 vid.
724 2739 903 2778 Petitum

174 2802 337 2839 omnino
363 2801 410 2838 cle
436 2797 725 2837 Amazonibus,
758 2797 805 2834 cs.
832 2796 901 2833 ins.

173 2860 225 2897 ad
243 2860 316 2907 XI,
337 2857 432 2899 649.
452 2858 575 2904 ardel,
599 2856 712 2903 furit,
743 2854 902 2892 sortiter

173 2924 334 2969 pugnat,
356 2916 497 2952 mediis
527 2917 569 2952 in
594 2912 788 2961 millibus,
824 2911 900 2949 (lo-

174 2975 277 3013 ctius
314 2987 434 3024 quam
476 2972 516 3010 iu
551 2971 673 3010 turba
703 2970 768 3008 vel
807 2970 901 3006 acie.

588 1245 747 1276 Iuvenes
769 1241 899 1285 Tyrios
923 1241 1102 1287 principes
1131 1253 1226 1284 esse,
1253 1241 1302 1274 nil
1333 1241 1474 1274 dubites
1503 1253 1579 1274 cum
1598 1241 1687 1272 Bur—

960 1408 1158 1460 audetque
1188 1410 1284 1445 viris
1315 1419 1539 1445 concurrere
1572 1406 1687 1455 virgo

961 1479 1011 1503 ex
1032 1465 1246 1504 Homerico
1280 1487 1332 1492 —
1362 1460 1587 1516 Ἀμαζόνας
1615 1459 1689 1502 οἷν-

961 1525 1166 1576 τιανείρας
1196 1522 1304 1561 Iliad.
1339 1524 1369 1570 ζ,
1403 1524 1497 1569 186,
1529 1537 1577 1573 y,
1607 1522 1688 1561 189

962 1587 1103 1619 natum
1153 1581 1305 1628 videri,
1357 1584 1554 1616 notarunt
1610 1577 1687 1614 iam

963 1639 1040 1677 alii.
1100 1639 1226 1677 Totus
1245 1637 1314 1675 hic
1346 1637 1394 1674 de
1421 1635 1688 1674 Amazonibus

960 1697 1071 1735 locus
1092 1702 1151 1733 est
1170 1695 1447 1748 pulcerrimus.

1018 1753 1102 1796 494
1122 1768 1205 1805 sqq.
1237 1754 1406 1801 Interea,
1423 1752 1518 1790 dum
1537 1750 1687 1787 miran-

963 1812 1013 1851 da
1030 1812 1130 1850 11300
1154 1825 1275 1863 opera
1296 1810 1593 1861 contemplatur
1609 1808 1687 1845 Ae—

962 1884 1079 1919 neas,
1114 1870 1211 1908 dum
1242 1869 1290 1906 ab
1320 1881 1365 1906 eo
1393 1868 1587 1914 videmur,
1623 1865 1686 1902 in-

962 1929 1199 1980 spiciuntur,
1230 1933 1269 1964 et
1296 1927 1391 1964 dum
1415 1926 1530 1963 unice
1552 1924 1660 1961 1111011
1678 1946 1687 1950 -

961 1993 1026 2025 tus
1061 1986 1100 2023 in
1133 2000 1178 2023 ea
1210 1998 1311 2036 quae
1338 1984 1532 2021 intuetur.
1587 1980 1686 2018 Dido

962 2044 1138 2082 advenit.
1169 2042 1287 2095 (haee
1307 2042 1405 2079 clam
1426 2042 1586 2079 Aeneae
1609 2040 1687 2075 mi—

960 2102 1092 2140 rancla
1118 2103 1303 2139 videntur
1322 2100 1489 2137 sortasse
1509 2101 1687 2148 praestat

961 2161 1017 2198 ita
1061 2160 1258 2212 accipere:
1308 2157 1408 2195 haee
1444 2156 1541 2193 dum
1579 2153 1687 2192 videt

961 2225 1001 2255 et
1022 2217 1213 2267 nliratur3
1243 2215 1326 2254 vid.
1348 2215 1398 2262 Q.
1421 2214 1464 2252 V.
1485 2211 1686 2259 XXVIIII,

961 2275 999 2316 4.
1035 2274 1153 2328 lVr.)
1224 2275 1325 2312 Cum
1351 2272 1427 2310 1130
1458 2269 1686 2309 oeconomia

960 2346 1097 2372 rerum
1164 2333 1215 2371 ef.
1281 2330 1490 2369 laudatum
1554 2328 1686 2365 locum

962 2391 1108 2442 Odyss.
1132 2407 1171 2442 η,
1203 2392 1281 2432 133
1301 2402 1385 2439 sqq.
1407 2393 1447 2425 et
1472 2387 1520 2424 de
1543 2399 1580 2424 v.
1603 2384 1685 2425 498

961 2449 1123 2490 —503.
1153 2445 1193 2487 v}
1220 2448 1312 2485 Exc.
1337 2445 1388 2483 ad
1417 2445 1457 2483 11.
1484 2459 1522 2483 v.
1565 2444 1684 2480 Corn—

960 2507 1117 2558 paratio
1167 2512 1227 2544 est
1272 2502 1480 2556 splendida
1521 2499 1686 2539 Didonis

962 2578 1051 2602 cum
1065 2564 1199 2612 Diana,
1222 2576 1342 2614 quam
1361 2561 1552 2599 tractavit
1569 2563 1683 2610 poeta

960 2628 1054 2674 post
1070 2622 1292 2659 Homerum
1315 2619 1390 2658 Od.
1415 2622 1444 2667 ζ,
1471 2621 1545 2659 101
1568 2630 1624 2666 sq.
1647 2621 1685 2651 et

962 2680 1147 2731 Apollon.
1183 2678 1259 2717 Rh.
1294 2678 1371 2726 ΙΙΙ,
1413 2675 1495 2717 875
1524 2687 1606 2723 sqq.
1637 2673 1683 2720 II,

963 2740 1059 2779 938.
1091 2738 1251 2789 qualis,
1286 2749 1359 2787 pro
1391 2733 1574 2784 qualiter,
1606 2743 1683 2780 quo

961 2795 1128 2844 habitu,
1160 2792 1254 2846 (qua
1278 2795 1417 2831 forma.
1441 2786 1589 2840 aff-la.)
1611 2801 1683 2838 pro

962 2853 1090 2903 qualis
1120 2859 1201 2899 est,
1234 2866 1325 2888 cum
1358 2856 1506 2886 exercet
1529 2846 1678 2888 choros,

962 2911 1089 2959 ducit,
1115 2909 1301 2948 instituit.
1359 2907 1682 2955 Frequentantur

962 2974 1094 3007 autem
1116 2981 1136 3005 a
1158 2967 1283 3019 poetis
1296 2963 1570 3016 Nympharum
1590 2958 1681 2996 cho-
