1779 3420
95 182 198 231 204

425 180 478 229 Ρ.
512 181 863 230 VIRGILII
900 183 1270 232 MARONIS

94 307 388 371 Postquam
410 307 585 373 prima
613 308 765 375 quies
789 309 972 375 epulis,
999 326 1329 376 mensaeque
1357 319 1624 363 remotae:

95 376 339 425 Crateras
361 394 586 443 magnos
606 387 858 441 statuunt,
895 388 948 428 et
973 380 1091 428 vina
1113 389 1388 431 coronant.

161 495 351 530 7931dem
386 498 462 530 fere
501 510 620 530 versus
655 509 731 540 sup.
765 498 847 531 216.

953 494 1024 531 724
1048 504 1214 529 crateres
1246 497 1381 541 aliquot
1417 509 1473 540 ap.
1509 497 1622 529 Burni.

94 542 145 584 (et
168 542 247 576 Alb.
274 543 343 577 vid.
370 546 413 578 V.
439 545 480 578 L.
507 546 551 577 ad
573 545 644 578 Ecl.
672 547 715 586 V,
741 545 797 578 68.
833 544 928 586 ll'r.)
978 555 1136 588 magnas
1161 550 1242 576 tert.
1269 545 1438 577 Rottend.
1466 551 1499 576 et
1522 544 1622 576 Leid.

92 588 192 632 qnasi
216 602 236 622 a
261 599 409 624 cratera
433 592 573 625 ductum
599 592 656 625 sit.

708 595 882 624 Crateras
905 590 996 622 laeti
1018 597 1065 622 st.
1093 590 1227 623 Nouius
1255 598 1289 623 et
1318 595 1492 624 Crateras
1510 591 1622 637 longe

92 644 136 668 st.
162 637 345 680 Lutatius,
372 651 426 684 ap.
455 641 580 681 Burm.,
604 641 697 672 forte
724 652 766 672 ex
792 643 878 672 Aen.
905 637 981 678 VH,
1009 637 1087 671 147.

90 744 147 782 ita
173 746 395 798 capiamus·
427 754 561 786 tentat
588 761 724 786 amore
745 746 828 785 Ae-

90 817 187 841 neae
224 804 421 843 Didonem
462 813 556 844 ante
597 807 825 857 incendere,

90 875 211 913 quam
230 863 378 915 prioris
397 864 532 902 mariti
553 866 744 904 memoria
756 880 825 905 re—

89 920 270 959 fricetur.
315 923 446 960 Vivus
470 928 605 962 autem
623 923 690 962 hic
711 938 825 963 amor

89 979 219 1017 veteri
248 979 306 1017 illi
328 985 365 1018 et
394 980 667 1021 intermortuo
691 998 822 1036 oppo—

88 1037 214 1075 nitur.
259 1040 377 1086 l‘Vr.)
443 1054 580 1078 amore
616 1044 734 1091 vivo,
778 1049 824 1081 ut

77 1096 264 1146 stamma
290 1099 387 1134 ιἰἰά
402 1114 413 1133 :
448 1112 538 1150 opp.
560 1101 707 1137 resides
728 1103 823 1138 ani-

87 1155 160 1203 mi,
184 1154 342 1192 animus
363 1155 414 1193 ad
439 1157 670 1207 amandum,
689 1165 736 1197 ut
749 1159 823 1197 be—

85 1225 136 1249 ne
156 1213 331 1261 Servius,
361 1215 469 1252 iners
492 1221 532 1253 et
550 1216 617 1267 quj
638 1217 824 1257 desuevit

86 1283 233 1309 amare.
273 1273 404 1309 Amor
420 1280 556 1312 autem
571 1275 703 1325 puber
719 1275 759 1314 h.
782 1276 821 1326 l.‚

84 1335 132 1366 ut
153 1328 192 1366 in
217 1336 299 1368 vet.
320 1330 439 1382 signis
459 1333 567 1385 apud
581 1334 818 1374 Winckelm.

89 1388 143 1425 G.
160 1387 202 1424 α’.
228 1390 282 1425 Is.
310 1402 348 1440 p.
371 1392 469 1433 233.

141 1448 238 1487 723.
281 1448 507 1499 Postquam
535 1452 674 1501 prima
706 1454 819 1504 quies

83 1505 216 1552 epulis
234 1503 274 1542 h.
296 1518 328 1543 e.
353 1508 623 1560 cumprimum
645 1511 817 1562 epulan-

83 1561 123 1599 di
148 1562 238 1600 finis
260 1570 362 1602 esset
383 1566 525 1605 faetus.
563 1566 664 1620 (vid.
693 1569 743 1617 Q.
771 1569 816 1608 V.

82 1620 281 1671 XXVIII,
319 1625 366 1672 3,
407 1624 445 1662 b.
484 1625 569 1664 Liv.
600 1627 722 1674 XXI,
759 1629 818 1669 5.:

82 1692 264 1729 „quum
310 1682 479 1731 prima
532 1686 643 1735 quies
694 1686 817 1723 silen—

80 1738 267 1789 tiumque
289 1739 337 1776 ab
362 1739 547 1780 hostibus
568 1744 685 1782 fuit.“
703 1743 816 1797 lVr.)

80 1796 182 1833 Nam
203 1797 343 1835 libatio
366 1798 416 1837 ad
438 1800 558 1838 finem
580 1816 723 1840 coenae
743 1803 817 1840 fie-

80 1854 174 1903 bat,
204 1869 246 1893 v.
274 1856 325 1894 ad
355 1870 390 1895 v.
413 1859 508 1900 705.
536 1860 637 1909 VIII,
668 1860 749 1902 184
776 1868 817 1899 et

81 1915 178 1962 273,
200 1916 299 1963 279,
322 1917 419 1956 280.
479 1917 536 1954 De
555 1919 684 1970 spatio
709 1920 816 1958 inter

79 1971 252 2022 primam
294 1978 333 2010 et
378 1975 594 2014 secundam
636 1992 815 2016 mensam

80 2030 233 2067 frustra
246 2031 376 2069 Cerda
394 2033 536 2072 multa.
569 2050 732 2074 mensae
752 2053 816 2075 re-

79 2096 225 2126 molae.
261 2090 309 2128 cs.
330 2090 381 2128 ad
408 2106 447 2130 v.
468 2095 567 2135 216.

137 2147 233 2188 794.
268 2144 406 2201 Αὕτοέρ
441 2150 528 2191 ἐπεὶ
567 2147 709 2200 πόσιος
743 2153 811 2193 καὶ

78 2201 249 2256 ἐδητύος
292 2206 332 2255 ἐξ
367 2207 460 2261 ἔρον
497 2209 606 2258 ἕντο,
651 2214 811 2264 Κοῦροι

78 2260 153 2314 μὲν
185 2267 392 2318 κρητῆρας
422 2267 698 2319 ἐπεστέψαντο
728 2286 808 2310 πο-

76 2324 184 2369 τοῖο,
235 2319 448 2376 Νώμησαν
491 2322 534 2366 δ’
577 2324 656 2380 ἄρα
708 2331 809 2369 πᾶσι

77 2375 207 2429 (quod
230 2381 391 2430 quidem
419 2383 485 2421 hic
506 2386 621 2423 aliter
645 2400 683 2424 v.
706 2387 807 2442 729)

74 2436 188 2475 ssiad.
219 2454 255 2487 a,
288 2438 385 2487 470,
416 2441 512 2483 471.
572 2443 686 2482 Alter
713 2459 809 2484 ver-

76 2509 141 2533 sus
166 2496 289 2534 etiam
313 2498 407 2536 alibi
429 2502 640 2551 repetitur,
663 2511 710 2541 ut
730 2505 807 2544 Od.

76 2569 113 2602 α,
140 2554 233 2595 149.
266 2556 301 2603 ὃ,
339 2558 433 2599 339.
473 2558 698 2599 Meminisse
731 2577 807 2601 au-

75 2617 153 2649 tem
177 2625 333 2650 necesse
355 2621 414 2652 est
439 2629 489 2653 ex
507 2617 696 2668 Homero,
720 2628 806 2658 sta-

74 2670 134 2707 tui
159 2670 209 2707 ad
230 2684 396 2709 coenam
417 2675 569 2713 maiora
585 2691 691 2727 vasa,
716 2694 808 2717 cra-

73 2734 191 2776 teras,
214 2738 253 2769 et
274 2731 496 2772 minoribus
528 2736 681 2785 poculis
699 2738 808 2775 exiis

72 2785 216 2826 hausta
249 2789 344 2827 vina
374 2792 559 2832 distribui
592 2795 699 2833 inter
724 2797 807 2833 sin-

71 2846 184 2896 gulos
204 2850 418 2899 convivas,
452 2854 560 2904 apud
584 2853 725 2891 H0me1
740 2869 805 2891 um

72 2905 235 2955 quidem
253 2919 326 2958 per
345 2922 583 2961 praeconem
599 2911 649 2949 ad
671 2912 806 2964 singu-

886 741 946 780 los
978 744 1170 783 convivas
1202 744 1479 795 accedentem,
1517 760 1555 784 v.
1587 761 1619 784 e.

887 800 1031 853 Odyss.
1065 807 1116 852 θ,
1150 803 1193 840 in
1224 803 1380 841 Alcinoi
1418 805 1619 854 convivio,

885 859 996 909 quod
1028 860 1214 912 Virgilius
1244 862 1435 914 respexit.
1495 862 1620 900 Sede-

883 917 982 956 bant
1002 919 1107 957 enim
1131 921 1327 959 convivae
1353 921 1393 958 in
1415 920 1522 958 soliis
1544 935 1617 973 pa-

882 979 1023 1014 rietem
1044 978 1325 1029 ambientibus,
1341 986 1380 1016 et
1399 979 1619 1030 unicuique

884 1037 1163 1087 apponebatur
1201 1051 1336 1075 mensa
1380 1051 1472 1075 cum
1516 1038 1616 1076 cibo.

881 1093 965 1131 lam
996 1097 1095 1133 ι’ίηα
1127 1105 1344 1135 coronant.-
1383 1110 1463 1146 quo
1498 1109 1618 1134 sensu

883 1151 1040 1190 dictum
1060 1167 1080 1190 a
1100 1160 1216 1205 poeta
1235 1155 1299 1204 sit,
1330 1154 1402 1193 vix
1423 1154 1519 1191 satis
1542 1155 1616 1193 de-

881 1210 991 1249 finiri
1011 1218 1154 1264 potest.
1216 1213 1258 1250 Si
1286 1213 1337 1250 ad
1365 1213 1531 1251 Homeri
1555 1214 1612 1252 lo-

881 1283 997 1319 cum,
1039 1270 1148 1309 unde
1186 1272 1340 1323 reliqua
1373 1271 1616 1311 adumbrata

879 1335 996 1377 sunt,
1035 1331 1332 1382 respiciendum
1367 1337 1448 1379 est,
1480 1337 1542 1380 et,
1582 1332 1615 1369 si

877 1391 1083 1442 κρητῆρας
1141 1389 1417 1440 ἐπεστέψαντο
1468 1395 1611 1431 ποτοῖο

877 1459 1112 1498 expressum
1144 1454 1220 1486 est:
1269 1449 1385 1486 aliter
1414 1462 1533 1499 quam
1565 1448 1614 1486 de

876 1504 1047 1556 impletis
1068 1520 1193 1557 usque
1212 1506 1260 1544 ad
1285 1521 1354 1545 ora
1373 1507 1528 1559 poculis
1546 1507 1613 1545 in-

876 1563 1000 1615 telligi
1029 1566 1182 1616 nequit.
1216 1564 1272 1618 (et
1294 1567 1350 1603 sic
1368 1566 1613 1617 Pomponius

877 1629 915 1659 et
946 1624 1133 1673 servius,
1166 1625 1235 1675 qui
1272 1631 1406 1662 tamen
1437 1631 1477 1662 et
1508 1624 1610 1661 alte—

875 1695 962 1718 ram
1025 1683 1403 1734 interpretationem
1455 1682 1609 1736 habet.)

877 1740 941 1777 Sic
971 1746 1010 1778 et
1034 1741 1145 1779 Iliad.
1171 1747 1215 1791 θ,
1236 1745 1333 1790 232,
1366 1742 1435 1779 ubi
1465 1742 1514 1779 de
1538 1755 1609 1780 co—

875 1799 940 1850 pia
962 1799 1037 1837 cibi
1058 1806 1278 1852 potusque2
1310 1803 1497 1849 πίνοντες
1516 1816 1607 1853 nm]-

875 1862 1000 1910 ’πήρας
1040 1859 1278 1910 ἐπιστεφέας
1317 1859 1458 1899 οἴνοιο.
1521 1859 1609 1897 Alia

874 1916 1086 1955 brevitatis
1108 1919 1243 1956 studio
1258 1918 1493 1956 omittimus,
1528 1920 1608 1956 V·-

873 1989 928 2012 ηα
965 1982 1050 2013 tum
1075 1976 1182 2014 dicta
1206 1983 1300 2014 sunt
1326 1991 1400 2028 pro
1426 1978 1604 2028 poculis,

874 2047 1048 2084 quorum
1092 2049 1203 2073 oram
1239 2036 1383 2084 ambit,
1424 2042 1606 2085 coronat,

872 2091 1030 2143 στέφει,
1063 2094 1202 2132 vinum
1228 2095 1419 2133 infusum.
1467 2094 1606 2133 Altera

869 2151 1153 2203 interpretatio
1193 2161 1253 2191 est
1284 2154 1418 2191 minus
1458 2167 1602 2191 recon-

870 2209 975 2258 dita,
1017 2218 1064 2248 ut
1100 2218 1292 2250 coronata
1331 2212 1412 2250 sint
1446 2213 1603 2263 pocula,

868 2269 984 2306 sertis
1011 2270 1218 2322 impositis.
1279 2272 1331 2307 De
1359 2271 1520 2308 corollis
1542 2271 1604 2309 his

870 2327 1046 2378 cogitare
1093 2328 1242 2366 heroici
1287 2329 1478 2382 temporis
1518 2344 1604 2368 mos

869 2399 962 2423 sane
1001 2401 1084 2425 non
1124 2388 1291 2439 patitur.
1355 2389 1404 2426 cf.
1456 2388 1602 2428 Athen.

868 2444 907 2492 I,
942 2447 1006 2489 15.
1051 2461 1088 2498 p.
1133 2448 1195 2488 18.
1236 2447 1279 2483 E.
1319 2446 1361 2484 F.
1437 2448 1488 2483 De
1538 2461 1601 2485 se—

869 2504 1008 2555 quiore
1029 2519 1126 2543 vero
1149 2518 1247 2542 aevo
1269 2519 1350 2542 non
1374 2505 1600 2557 dubitatur,

867 2570 915 2601 ut
945 2565 1088 2615 Georg.
1124 2564 1172 2611 ΙΙ,
1205 2564 1288 2604 528
1318 2565 1417 2599 soc-ia·
1445 2574 1600 2603 cratera

866 2631 1071 2659 coroncml.
1137 2622 1224 2659 Hoc
1249 2621 1279 2658 si
1307 2627 1502 2671 tenemus,
1535 2623 1600 2660 di-

868 2681 1061 2729 cendum,
1104 2686 1263 2732 poetam
1304 2680 1490 2717 maluisse
1539 2682 1599 2719 sui

867 2739 1061 2791 temporis
1090 2752 1241 2776 morem
1273 2738 1442 2786 inferre,
1480 2754 1598 2789 quam

868 2798 1077 2848 antiquum
1118 2798 1314 2845 retium-Q
1346 2798 1455 2847 qnod
1491 2798 1598 2836 idem

868 2857 1066 2893 commisit
1093 2856 1161 2893 ins.
1195 2856 1261 2893 lib.
1284 2855 1354 2902 ΠΙ,
1377 2857 1460 2897 595
1498 2859 1599 2894 Τιινη

859 2923 981 2965 paler
1005 2914 1196 2951 >lla-lasses-
1221 2928 1419 2965 ltmgnmn
1443 2924 1599 2952 cralera
