1779 3420
131 237 233 286 662
457 232 512 280 Ρ.
550 227 904 280 VIRGILII
940 221 1313 273 MARONIS

134 362 306 422 Quam
336 355 468 405 mihi
499 371 666 421 quum
708 351 943 411 dederiS,
974 346 1314 427 ’cumulatam
1346 356 1525 397 morte
1559 364 1644 397 re-

912 426 1136 467 mutam.

227 544 298 580 436
317 544 484 578 Virorum
504 542 684 574 doctorum
705 538 742 571 iu
766 537 835 570 hoc
860 536 940 569 Ioco
968 534 1271 579 interpungendo,
1305 534 1570 580 interpretando
1601 541 1646 575 et,

137 591 205 625 etsi
220 590 310 624 nihil
331 590 445 623 sanius
466 600 541 621 esse
560 593 680 631 potest
697 586 741 630 (v.
759 584 849 627 not.)
864 609 872 623 ‚
895 582 1135 622 emendand0‚
1159 588 1292 615 aestum
1322 582 1403 615 vide
1433 594 1490 625 ap.
1514 583 1648 621 Burm.;

136 650 216 672 nam
239 638 373 682 singula
390 642 551 681 repetere
568 634 710 677 longum
732 627 774 664 e?
793 630 918 663 inutile
948 635 1051 662 esset.
1109 627 1146 661 Si
1173 628 1314 672 ingenio
1346 629 1513 661 utendum
1543 634 1648 669 esset,

138 685 261 719 saltem
281 684 510 728 metaphorae
543 679 795 712 immanendum
824 683 920 719 erat,
958 682 993 709 et
1021 675 1208 708 cumulata
1236 684 1336 708 sorte
1361 677 1541 708 remittam
1574 681 1649 708 erat

138 731 421 766 coniectandum:
445 735 482 761 ut
512 725 713 760 beneficium
739 736 816 758 cum
839 725 987 756 ‘foenore
1012 721 1226 755 reddituram
1263 734 1300 755 se
1328 723 1508 767 spondeat.
1557 722 1649 754 Pro-

138 779 230 813 xime
258 777 404 811 accessit
431 775 466 807 in
497 772 636 807 schedis
661 774 712 805 Io.
740 771 978 811 Schraderus,
1010 769 1068 813 qui
1096 781 1173 802 cum
1198 768 1267 802 alia
1293 775 1429 811 tentat,
1463 775 1536 801 tum
1560 769 1647 801 hoc:

142 829 256 869 Quam
274 825 360 857 mihi
376 824 408 855 si
429 821 586 861 dederit,
612 819 800 853 cumulata
818 826 937 858 sorte,
962 817 1167 862 relinquam
1201 816 1295 860 quod
1314 827 1384 848 nou
1404 815 1489 849 satis
1516 815 1651 848 intelli-

140 884 198 917 go.
244 868 501 913 Diserepantias
523 866 681 899 codicum
702 865 817 911 primo
835 865 915 898 loco
935 864 1122 896 videamus.
1172 863 1259 896 milli
1278 871 1319 895 ta
1338 863 1373 896 d.
1399 862 1534 895 Zulich.
1563 875 1582 895 a
1605 873 1650 895 m.

140 931 209 952 sec.
255 930 332 950 cum
353 916 495 948 dederit
511 913 699 946 cumulata
718 920 833 946 morte
855 924 885 944 r.
912 910 1066 951 Medic.,
1104 911 1199 954 quod
1228 909 1347 942 Heius.
1373 917 1554 953 praestare
1582 921 1651 954 pu-

140 966 257 1006 tabat,
291 962 378 1004 etsi,
416 973 535 994 sensus
576 959 635 1005 qui
671 960 718 992 sit
748 959 932 992 verborum
961 956 1182 998 commodus,
1216 968 1287 989 non
1315 956 1475 990 subiecit.
1522 956 1653 989 Eadem

140 1011 244 1045 lectio
266 1010 301 1042 in
318 1008 479 1042 Parrhas.
502 1013 537 1039 et
554 1008 681 1052 Puge-t.
712 1013 763 1048 et,
797 1005 1002 1045 cumulata,
1041 1003 1145 1036 etiam
1171 1004 1262 1036 alter
1290 1004 1430 1048 Menag.
1460 1009 1496 1037 et
1522 1005 1652 1036 Moret.

141 1065 220 1091 tert.
244 1058 294 1101 (et
309 1057 341 1090 2.
358 1056 391 1090 3.
410 1057 464 1090 10.
496 1055 591 1097 Wr.)
640 1055 679 1086 In
700 1065 753 1097 pr.
782 1053 911 1085 Moret.
938 1051 1148 1084 emrzulatim
1180 1063 1255 1083 cum
1285 1050 1424 1094 glossa,
1451 1051 1547 1096 quod
1566 1050 1655 1082 milti

141 1117 219 1138 cum
249 1103 395 1136 dederis
421 1101 656 1134 cumulatam.
717 1101 826 1133 Porro
853 1100 1034 1132 remittam
1065 1097 1183 1130 Heins.
1214 1097 1374 1142 reposuit
1403 1110 1421 1130 e
1447 1097 1653 1130 melioribus

143 1151 212 1185 suis
233 1156 269 1183 et
287 1148 474 1189 Pierianis3
509 1147 573 1192 (sic
597 1147 702 1180 etiam
732 1145 859 1179 Medic.
889 1157 946 1189 ap.
973 1145 1141 1188 Foggin.,
1181 1156 1386 1189 quamquam
1414 1144 1517 1177 aliter
1546 1143 1581 1176 in
1611 1154 1653 1175 eo

142 1197 307 1241 scriptum
324 1195 495 1228 invenisse
514 1195 651 1228 videtur
669 1193 842 1226 Heinsius.
872 1191 967 1234 lVr.)
993 1191 1097 1235 vulgo
1121 1191 1344 1236 relinquam3
1380 1192 1443 1224 sed
1474 1198 1526 1223 est
1555 1189 1653 1235 prius

141 1245 227 1278 illud
252 1242 421 1288 exquisite
447 1253 512 1287 pro
541 1240 699 1287 referam
728 1240 869 1273 dictum.
921 1239 1110 1272 remissum
1146 1238 1309 1272 Parrhas.
1348 1244 1384 1271 et
1415 1239 1535 1281 Puget.
1582 1239 1654 1269 Iam

142 1292 223 1325 olim
242 1302 346 1334 super
364 1288 465 1322 huius
485 1300 604 1322 versus
627 1287 780 1321 lectione
801 1285 995 1319 dubitatum
1017 1285 1144 1325 fuisse,
1178 1297 1219 1317 ex
1248 1284 1369 1318 Servio
1396 1292 1430 1317 et
1460 1284 1654 1329 Pomponio

142 1339 222 1373 sab.
242 1343 358 1381 patet3
383 1335 568 1369 lectionem
592 1335 731 1379 quidem
755 1334 900 1367 dederis
919 1334 1073 1365 Tuccam
1103 1339 1137 1364 et
1158 1332 1303 1366 Varium
1329 1332 1521 1376 probasse,
1556 1339 1655 1364 uter-

143 1397 209 1430 que
232 1383 358 1422 tradit3
383 1390 418 1415 at
446 1381 596 1415 Medicei
625 1381 756 1414 codicis
792 1380 998 1425 scripturam
1028 1379 1172 1411 dederit
1201 1378 1401 1423 Aproniano
1433 1378 1574 1418 deberi,
1615 1389 1657 1410 ex

142 1430 335 1475 Pomponio
353 1429 518 1472 discitur,
542 1428 637 1462 cuius
657 1434 774 1461 tamen
793 1428 900 1460 verba
919 1427 949 1459 si
972 1433 1068 1459 recte
1090 1425 1251 1469 intelligo
1267 1452 1275 1467 ,
1298 1426 1519 1458 cumulatam
1539 1428 1658 1470 Apro-

142 1479 262 1512 nianus
282 1476 409 1521 etipse
436 1475 591 1509 tenuisse
608 1475 766 1516 videtur,
791 1486 862 1507 non
882 1473 1088 1513 cumulata3
1126 1472 1194 1505 etsi
1215 1472 1460 1517 interpretatio
1481 1472 1526 1505 ad
1544 1472 1657 1517 ipsum

143 1525 312 1559 refertur:
340 1524 559 1556 cumulando
578 1531 704 1556 morte.
752 1521 956 1554 Adscribam
980 1518 1165 1564 Pomponii
1187 1520 1320 1553 locum:
1347 1528 1543 1552 extremam
1562 1520 1658 1552 smne

144 1573 304 1611 veniam,
331 1583 414 1613 oro,
441 1579 481 1603 ut
502 1571 673 1616 impetres
691 1568 736 1602 ab
755 1574 900 1608 Aenea,
930 1567 968 1600 id
988 1575 1042 1599 est
1067 1566 1289 1606 beneficium.
1339 1567 1377 1598 id
1397 1575 1470 1606 est,
1502 1574 1541 1598 at
1569 1578 1658 1611 pro-

146 1619 273 1653 trahat
294 1618 490 1650 discessum
507 1629 631 1657 suam,
654 1616 770 1649 donec
788 1616 923 1648 discam
946 1614 1082 1647 dolere.
1133 1615 1175 1646 Si
1201 1615 1437 1654 concesserit,
1469 1625 1657 1657 nunquam

147 1678 209 1698 ero
229 1666 408 1697 immemor
441 1664 529 1696 talis
558 1662 733 1706 beneficii.
784 1663 844 1695 Sic
869 1662 959 1707 legit
989 1661 1239 1706 Apronianus.
1294 1662 1413 1692 Tucca
1439 1668 1475 1692 et
1511 1661 1658 1697 Varius,

147 1710 329 1757 referente
347 1712 475 1756 Sergio
497 1709 668 1754 (Servio),
693 1709 833 1741 dederis
854 1708 999 1754 legant:
1037 1719 1112 1739 cum
1141 1706 1281 1739 dederis
1308 1706 1464 1748 veniam,
1502 1705 1658 1738 cumula-

147 1765 218 1791 tam
248 1764 359 1790 morte
386 1757 559 1790 remittam
592 1756 628 1801 (l.
662 1754 891 1800 rclinquam),
923 1754 962 1787 id
992 1762 1066 1794 est,
1102 1754 1304 1798 relinquam
1330 1761 1514 1798 acceptum
1546 1751 1589 1784 ab
1616 1765 1658 1785 eo

149 1805 374 1848 beneficium,
402 1812 517 1837 morte
537 1803 770 1836 cumulando.
818 1804 872 1835 ita
890 1801 1067 1846 intelligit
1090 1802 1343 1845 Apronianus,
1393 1801 1489 1832 hanc
1517 1800 1659 1845 opinio-

149 1864 229 1883 nem
261 1852 412 1895 Sergius
442 1850 608 1895 (Servius)
637 1850 808 1888 damnat,
844 1854 879 1880 et
906 1853 1002 1879 recte
1031 1847 1172 1891 utique,
1206 1859 1284 1879 nam
1314 1846 1560 1891 interpretatio
1591 1846 1659 1878 ista

149 1898 278 1930 nullum
294 1897 421 1929 bonum
440 1909 576 1930 sensum
595 1896 760 1935 exhibet3
786 1906 855 1928 non
875 1894 965 1926 enim
989 1902 1100 1926 morte
1121 1893 1269 1926 Didonis
1290 1893 1471 1938 quicquam
1501 1893 1592 1938 grati
1620 1905 1659 1925 ac

150 1944 288 1977 iucundi
307 1943 342 1976 in
360 1947 490 1977 Annam
505 1943 622 1976 redire
643 1938 804 1987 poteram
829 1941 895 1974 etsi
916 1940 1055 1974 Servius
1084 1940 1174 1972 nihil
1205 1940 1358 1973 melioris
1388 1947 1492 1972 notae
1525 1940 1659 1972 all'erat.

151 1992 272 2023 Manet
289 1989 394 2034 igitur
415 1991 501 2023 hoc:
527 1993 676 2023 Tuccam
699 1995 736 2022 et
753 1988 895 2022 Varium
924 1988 1094 2031 probasse
1124 1988 1270 2020 dederis
1301 1994 1335 2019 et
1366 1987 1409 2019 ad
1440 1990 1570 2019 Annam
1600 1998 1660 2018 re-

152 2038 290 2077 tulisse3
315 2037 409 2082 quod
430 2037 529 2070 unice
547 2049 664 2069 verum
684 2043 831 2081 propter
852 2035 932 2067 illa:
958 2035 1127 2066 miserere
1145 2035 1300 2072 soror-[53
1339 2046 1425 2077 quae
1448 2034 1554 2066 verba
1586 2032 1660 2065 tol-

151 2084 254 2117 lenda
273 2091 391 2125 eraut,
415 2084 444 2116 si
466 2084 614 2116 alterum
631 2083 748 2116 locum
768 2083 899 2115 habere
930 2081 1102 2121 debebat,
1136 2087 1174 2114 ut
1191 2081 1333 2113 dederit
1356 2081 1553 2123 legeretur,
1578 2091 1661 2112 ora-

152 2131 247 2163 tione
266 2131 309 2163 de
328 2134 443 2163 Aenea
462 2131 640 2170 instituta;
661 2140 869 2174 quamquam*
887 2140 929 2160 ne
945 2128 995 2160 sic
1012 2128 1151 2171 quidem
1174 2140 1283 2171 aequc
1303 2127 1484 2160 commode
1508 2127 1567 2160 illa
1590 2130 1662 2159 Ae·-

155 2190 261 2218 ncae,
287 2177 320 2210 in
342 2177 548 2222 longinquas
569 2184 681 2210 terras
704 2177 868 2220 profecto
884 2201 892 2217 ,
917 2187 981 2219 per
999 2181 1108 2207 totam
1130 2174 1233 2207 vitam
1254 2174 1398 2218 gratiam
1419 2175 1552 2207 referre
1572 2173 1662 2206 vclle

155 2224 341 2256 videretur.
397 2224 677 2269 Interpunctione
716 2235 821 2267 prava
861 2223 971 2254 totius
1007 2234 1125 2254 versus
1166 2221 1337 2254 sententia
1380 2228 1453 2254 erat
1490 2221 1660 2265 iugulata:

158 2275 269 2311 Quam
287 2271 372 2303 mihi
390 2284 467 2303 cum
488 2272 633 2303 dederis
653 2270 895 2310 cumulatam,
929 2282 974 2302 m.
999 2281 1028 2302 r.
1078 2270 1157 2301 Eam
1188 2268 1303 2313 itaque
1318 2294 1326 2308 ‚
1363 2274 1401 2300 ut
1430 2268 1558 2300 (ludum
1583 2279 1662 2300 mo-

155 2327 335 2349 nueramus
358 2317 554 2349 faciendum
575 2329 671 2358 esse,
695 2316 916 2349 mutavimus:
943 2318 1057 2357 Quam
1079 2317 1166 2348 milli
1187 2328 1215 2348 e.
1242 2316 1408 2355 dederi-v,
1442 2315 1663 2347 cumulatam

157 2372 272 2396 morte
293 2365 483 2396 remittam.
508 2376 539 2396 V.
563 2366 649 2397 Not.
699 2362 804 2407 (Mihi
823 2362 962 2406 quidem
994 2363 1110 2395 fateor
1142 2362 1294 2394 nondum
1323 2361 1436 2393 videri
1465 2362 1664 2405 expeditum

158 2409 249 2441 hunc
266 2409 397 2449 locum3
423 2423 460 2442 ac
488 2422 636 2449 vereor,
671 2422 714 2442 ne
742 2410 777 2442 in
806 2408 1002 2453 desperatis
1029 2409 1211 2441 habendus
1242 2408 1298 2441 sit.
1348 2410 1436 2440 Nam
1467 2417 1581 2442 morte
1611 2414 1664 2439 est

160 2455 183 2487 i.
205 2467 236 2498 q.
257 2456 294 2487 in
313 2465 444 2495 morte3
472 2457 539 2489 hcc
560 2464 674 2489 autem
697 2468 764 2488 nou
786 2456 898 2489 valet:
923 2457 1008 2488 dum
1028 2457 1129 2496 vivo,
1154 2468 1181 2487 s.
1203 2468 1272 2500 per
1289 2463 1402 2487 totam
1423 2456 1534 2487 vitam
1552 2466 1665 2498 nsque

162 2501 210 2533 ad
239 2509 408 2543 mortem,
442 2503 521 2534 scd:
554 2516 662 2547 quum
687 2504 842 2545 moriar,
873 2503 948 2545 vel,
982 2502 1041 2535 ubi
1067 2502 1235 2535 orationis
1267 2501 1406 2534 habitus
1438 2501 1665 2546 praeteritum

164 2594 447 2643 adsuescimus,
487 2596 651 2633 adversa
691 2598 885 2648 perferre3
943 2610 1068 2647 usque
1113 2596 1163 2633 ad
1201 2603 1371 2633 mortem
1419 2601 1529 2645 grata
1575 2608 1665 2644 ero,

165 2651 281 2688 docte
303 2652 451 2689 dictum
479 2659 537 2690 est
564 2655 691 2690 dolere
718 2669 808 2692 cum
842 2655 883 2692 vi
941 2655 1038 2692 haec
1057 2660 1116 2691 est
1134 2654 1329 2691 sententia
1350 2653 1456 2691 nude
1480 2653 1666 2690 enuntia—

165 2709 535 2758 aliqua‚1noderate
555 2710 707 2759 dolere,
727 2713 885 2762 patien-
941 2719 1003 2760 ta,
1045 2719 1084 2750 et
1121 2712 1316 2760 ornatius,
1357 2711 1666 2748 cumulatissime

166 2772 228 2803 ter
246 2767 369 2814 serre,
399 2773 446 2803 ut
464 2768 689 2817 oppositum
707 2770 776 2816 sit,
807 2770 885 2806 im-
942 2783 1067 2820 usque
1089 2769 1139 2806 ad
1167 2775 1336 2807 mortem
1366 2769 1533 2819 gratiam
1561 2768 1664 2806 rese-

167 2823 362 2874 patienter
385 2824 496 2861 serre.
942 2842 1040 2865 ram.
1100 2827 1208 2875 HOC,
1250 2833 1296 2864 ut
1330 2832 1469 2877 poeta,
1501 2826 1667 2863 extulit:

225 2880 321 2921 486.
361 2881 492 2927 Quam
530 2883 695 2929 gratiani
716 2912 725 2929 ‚
777 2885 882 2932 quod
942 2886 1190 2922 aemulatam
1210 2886 1408 2921 remittam
1427 2898 1501 2934 pro
1524 2897 1668 2921 cumu-

168 2938 424 2984 bencsscium,
457 2939 486 2975 si
512 2938 606 2974 mihi
632 2941 885 2989 praestiteris,
944 2943 1019 2979 lale
1054 2943 1220 2980 reseram
1242 2973 1250 2989 ,
1297 2948 1336 2978 el,
1381 2951 1525 2989 morte,
1577 2947 1668 2978 ante
