1779 3420
133 227 236 275 230
460 216 1315 270 EXGURsUsvll*

139 354 236 392 Exc.
255 351 285 390 Ι.
315 350 364 389 ad
386 349 455 389 lib.
473 350 524 389 11.
549 349 598 388 de
617 345 735 389 Ἰλίου
758 345 899 397 πέρσει
927 343 1137 396 Sophoclis
1163 344 1297 383 sabula
1324 344 1427 381 male
1446 343 1541 381 olim
1574 355 1662 380 1110-

136 417 307 452 morata.
367 408 548 448 Menelao
579 406 775 445 tribuitur
807 403 991 442 beneficii
1023 403 1178 454 accepti
1215 403 1408 441 memoria
1438 400 1663 453 Tryphiod.

139 469 236 512 647.
269 469 324 506 Ι)0
352 466 615 506 Antenoridis
646 461 908 516 Lysimachus
936 461 979 501 ἐν
1002 455 1180 509 Νόστοις
1207 467 1362 513 egerat,
1394 460 1580 498 adierant
1605 459 1665 497 illi

138 528 327 580 Libyam,
369 533 410 564 et
432 526 615 578 Cyrenen
645 520 902 560 insederant:
943 533 1013 557 seu
1041 519 1152 569 quod
1184 533 1276 557 cum
1311 519 1475 557 Graecis
1510 517 1666 557 versari

139 586 314 634 nollent,
346 591 394 623 ut
416 580 677 636 Lysimachus
696 578 947 627 tradiderat,
980 590 1051 616 seu
1078 578 1189 628 quod
1218 577 1445 616 Menelaum
1478 583 1519 615 et
1544 576 1667 614 Hele-

140 658 235 683 nam
256 643 416 694 sequuti
436 638 684 692 tempestatis
705 638 747 676 vi
768 636 818 675 de
831 650 954 675 cursu
965 636 1107 674 deiecti
1128 637 1310 675 fuerant:
1341 635 1453 687 quod
1472 635 1668 673 Pindarus

140 709 337 754 sequutus
356 707 417 738 est
436 698 555 751 Pyth.
576 699 615 745 5,
640 698 719 738 108
743 709 813 746 sq.,
836 695 906 733 ubi
927 709 966 733 v.
987 694 1142 743 Schol.;
1181 694 1286 732 adde
1312 693 1446 732 Schol.
1467 691 1669 745 Lycophr.

142 760 240 809 874,
263 759 336 798 ubi
359 774 432 811 pro
456 756 548 808 περὶ
568 753 645 808 τήν
667 750 843 806 Κρήνην
869 760 909 791 et
936 753 978 794 ἐν
1000 750 1140 809 Κρήτῃ
1158 753 1231 805 leg.
1251 752 1342 804 περὶ
1370 749 1447 805 τήν
1467 748 1670 804 Κυρήνην

142 825 184 857 et
206 818 250 859 ἐν
273 814 458 873 Κυρήνῃ.
514 815 615 853 Nam
640 813 684 851 in
710 812 789 851 1130
812 812 890 850 fuit
913 812 1257 849 Aulenoriclarnm
1285 811 1411 849 collas.
1473 809 1672 847 Antenori

143 891 166 915 a
183 876 359 928 'I‘ragicis
384 880 518 928 partes
539 871 704 911 facundi
735 871 839 909 senis
871 871 1010 920 datae,
1043 876 1091 908 ut
1111 869 1152 907 in
1175 883 1253 908 vss.
1277 869 1417 922 Eurip.
1437 882 1500 922 ap.
1521 867 1672 908 Athen.

142 934 232 984 XV,
264 948 325 986 pr.

259 992 357 1030 Fuit
389 997 521 1028 tamen
555 1003 606 1027 ex
642 989 689 1026 iis
724 986 962 1026 commentis
998 999 1126 1023 unum
1153 986 1296 1024 ceteris
1331 985 1553 1034 illustrius,
1594 997 1674 1035 quo

144 1052 338 1105 profugus
365 1063 417 1087 ex
447 1049 548 1086 urbe
579 1053 696 1100 capta
727 1047 770 1085 in
805 1045 961 1084 [taliam
989 1044 1168 1082 Henetos
1197 1044 1362 1083 duxisse
1393 1050 1435 1082 et
1461 1043 1675 1082 Patavium

146 1108 374 1148 condidisse
403 1112 593 1145 narratus
622 1112 695 1144 est.
752 1106 1002 1143 Henelorum
1030 1116 1179 1141 nomen
1199 1100 1406 1157 (Ἑνετῶν)
1439 1108 1559 1154 poeta
1588 1114 1676 1139 1110-

146 1173 280 1206 morat
297 1165 348 1220 *),
380 1164 672 1218 Paphlagoniae
692 1163 853 1216 populi,
896 1161 1010 1200 0111115
1034 1162 1142 1212 regio
1170 1161 1290 1200 mulis
1319 1161 1570 1199 silvestribus
1601 1160 1676 1197 ab—

147 1225 351 1274 undabat,
379 1237 399 1261 e
414 1238 494 1275 quo
506 1224 776 1276 Pylaemenes,
799 1219 1101 1272 Paphlagonum
1123 1220 1222 1267 dux,
1244 1219 1443 1257 oriundus
1462 1225 1561 1257 erat.
1592 1218 1677 1256 Hos

146 1284 270 1334 igitur
298 1283 478 1322 Henetos
507 1282 758 1320 Antenorem
784 1279 860 1318 sibi
891 1278 1106 1316 adiunctos
1136 1278 1178 1316 in
1207 1278 1364 1316 Italiam
1392 1277 1611 1315 adduxisse
1641 1281 1680 1313 et

147 1343 323 1382 Venetos
351 1341 406 1379 ibi
435 1341 477 1380 in
509 1340 670 1379 sedibus
691 1339 773 1378 suis
804 1337 1019 1376 collocasse
1049 1342 1272 1375 narrarunt
1290 1335 1361 1390 **).
1420 1336 1601 1374 Nominis
1623 1334 1680 1372 si-

149 1399 420 1439 militudinem
439 1400 561 1438 etiam
578 1400 621 1437 in
641 1397 764 1436 huius
792 1395 932 1449 populi
957 1395 1109 1447 origine
1129 1394 1378 1434 ludificatam
1409 1408 1491 1432 esse
1512 1400 1680 1441 veteres,

148 1460 191 1497 111
223 1465 366 1511 aperto
398 1465 477 1496 est:
519 1472 613 1496 cum
643 1456 793 1495 diversi
821 1460 953 1492 essent
980 1453 1142 1506 populi,
1184 1453 1284 1492 alter
1319 1453 1440 1491 Sinus
1469 1451 1681 1500 Adriatici,

150 1519 254 1556 alter
293 1517 417 1555 Asiae.
478 1516 561 1564 Qui
596 1515 753 1568 primus
782 1513 941 1552 fabulae
979 1518 1123 1550 auctor
1153 1512 1295 1561 suerit,
1326 1512 1483 1550 incerta
1511 1525 1575 1549 res
1608 1517 1682 1548 est.

151 1576 298 1614 Strabo
332 1575 411 1613 iam
437 1589 509 1612 sua
545 1580 675 1612 aetate
692 1574 800 1611 inter
830 1571 951 1623 vulgo
975 1581 1141 1609 narrata
1164 1567 1230 1623 (τοὶ
1259 1566 1566 1623 θρυλλούμενα)
1596 1582 1683 1606 03111

151 1635 276 1673 refert
304 1632 388 1686 (lib.
408 1633 504 1671 Xlll
524 1648 563 1685 p.
597 1632 680 1674 905
708 1632 753 1672 B.
780 1629 862 1683 C.):
892 1629 1000 1667 idem
1019 1628 1303 1666 Menandrium
1326 1629 1566 1680 scriptorem
1596 1640 1684 1664 1110-

152 1698 285 1731 morat
322 1698 531 1742 tamquam
566 1696 709 1729 testem
743 1689 935 1727 idoneum
967 1685 1024 1739 (p.
1059 1689 1156 1728 830.
1187 1686 1232 1724 A.
1256 1685 1330 1739 R).
1400 1686 1684 1737 Antiquiorem

153 1749 439 1790 auctoritatem
478 1764 561 1788 non
605 1748 766 1786 memini
805 1760 927 1798 quam
966 1745 1131 1797 Scymni
1163 1743 1251 1782 Chii
1287 1742 1467 1798 (Perieg.
1495 1746 1592 1786 388.
1626 1742 1684 1796 9).

153 1810 236 1848 Nec
251 1815 389 1847 tamen
416 1808 499 1846 sive
517 1808 559 1845 in
581 1807 684 1845 duce
704 1806 932 1853 Antenore,
964 1804 1048 1843 sive
1065 1803 1106 1842 in
1132 1803 1306 1855 populo,
1345 1816 1465 1854 quem
1495 1802 1684 1851 adduxit,

155 1882 229 1906 1100
249 1867 291 1905 in
311 1879 454 1915 cursu,
487 1879 605 1917 quem
628 1865 780 1913 tenuit,
815 1876 952 1902 omnes
977 1874 1235 1912 consensere,
1266 1868 1314 1899 ut
1344 1861 1456 1899 facile
1479 1867 1684 1914 appareat,

155 1941 176 1963 a
205 1925 342 1964 multis
376 1924 505 1977 poetis
533 1938 580 1962 ac
606 1922 874 1975 scriptoribus
910 1934 996 1959 rem
1032 1925 1201 1958 narratu
1230 1927 1434 1972 acceptam
1466 1925 1687 1957 tractatam

156 1985 288 2023 fuisse.
348 1983 409 2021 Ita
442 1983 575 2030 suere,
625 1982 693 2033 qui
730 1981 910 2019 Henetos
945 1995 966 2017 a
993 1979 1114 2018 Troia
1141 1977 1330 2028 reduces,
1372 1979 1467 2029 fuga
1499 1978 1686 2029 dilapsos,

156 2049 249 2091 aut,
280 2042 517 2094 Pylaemene
547 2041 669 2088 duce,
710 2040 751 2078 in
782 2038 996 2078 Thraciam
1025 2051 1065 2076 se
1094 2037 1314 2088 recepisse,
1345 2043 1466 2088 atque
1495 2036 1590 2075 inde
1619 2048 1687 2073 er—

155 2101 285 2139 rando
309 2099 466 2150 longius
495 2099 734 2152 processisse
762 2098 944 2136 dicerent
974 2094 1041 2148 (ef.
1071 2095 1205 2134 Strab.
1233 2095 1260 2133 l.
1289 2110 1321 2134 c.
1347 2101 1388 2133 et
1411 2093 1597 2133 Eustath.
1637 2093 1689 2131 ad

156 2159 321 2211 Dionys.
342 2160 441 2207 378,
473 2157 543 2209 qui
563 2157 805 2195 Strabonem
828 2153 1072 2208 exscripsit).
1134 2153 1262 2192 Avide
1288 2159 1563 2192 commentum
1584 2151 1688 2190 arri-

156 2231 280 2270 puere
314 2216 487 2254 Romani
520 2215 761 2267 scriptores,
810 2214 878 2265 qui
905 2212 1155 2251 Antenorem
1192 2226 1284 2251 cum
1312 2211 1445 2250 Aenea
1476 2224 1686 2263 comparaa

119 2310 122 2313 Δ
157 2282 273 2315 runt:
304 2276 346 2313 in
370 2274 435 2312 his
453 2275 536 2326 ipse
558 2274 643 2312 Liv.
667 2274 693 2322 Ι,
729 2277 745 2313 1
779 2279 818 2311 et
835 2274 914 2310 iam
936 2272 1088 2324 Nepos,
1129 2277 1231 2309 teste
1250 2271 1378 2309 Plinio
1399 2270 1464 2320 VI,
1487 2273 1514 2312 2
1535 2276 1574 2308 et
1594 2268 1690 2307 inde

253 2450 279 2493 ’)
306 2447 343 2491 ἐξ
367 2446 536 2482 “Εν5τῶν.
565 2447 664 2479 Iliad.
693 2446 726 2492 β,
753 2447 832 2481 852.
881 2446 975 2479 Male
1010 2445 1215 2478 zenodotus
1242 2445 1431 2478 refinxerat
1464 2441 1503 2485 ἐξ
1527 2438 1690 2485 Ἑνετῆς.

160 2512 189 2530 v.
215 2497 332 2531 Strab.
360 2498 456 2537 XIII,
483 2507 518 2539 p.
544 2496 614 2530 830
639 2495 676 2526 C.
703 2496 771 2529 819
798 2497 837 2526 A.

253 2556 295 2599 ⁹⁸)
322 2556 365 2588 V.
386 2552 545 2597 inprimis
566 2553 682 2585 Strab.
703 2553 793 2592 XII,
820 2565 853 2596 p.
873 2552 941 2587 819
965 2554 1003 2582 A.
1024 2551 1059 2582 B.
1096 2551 1194 2589 XIII,
1220 2561 1255 2592 p.
1277 2550 1348 2584 905
1368 2551 1405 2582 Β.
1441 2550 1485 2589 V,
1512 2561 1546 2592 p.
1565 2549 1634 2583 325
1654 2549 1693 2579 A.

160 2603 311 2636 Veriora
329 2602 389 2634 ille
420 2602 464 2633 de
486 2602 704 2631 Venetorum
729 2598 868 2642 origine
903 2611 923 2630 a
948 2596 1095 2630 Venetis
1118 2596 1261 2640 Belgica
1293 2603 1398 2639 gente
1428 2596 1588 2628 ducenda
1614 2605 1695 2626 mo-

160 2650 234 2684 nuit
254 2650 316 2682 lib.
337 2651 398 2689 lv,
424 2660 503 2693 pag.
531 2648 612 2681 297.
645 2648 678 2686 8,
709 2658 785 2678 cum
813 2645 1018 2678 Herodotus
1048 2656 1089 2676 ex
1110 2643 1241 2688 illyriis
1270 2654 1331 2674 eos
1351 2650 1449 2675 ortos
1474 2655 1550 2674 esse
1578 2640 1695 2674 tradi—

161 2697 272 2731 disset
292 2697 354 2729 lib.
374 2697 400 2735 I,
430 2695 507 2729 196.
542 2693 709 2736 Polybius
730 2694 771 2732 11,
800 2694 854 2731 17,
881 2691 941 2724 ubi
970 2691 1015 2723 de
1036 2690 1208 2731 Venetis,
1235 2702 1323 2734 quos
1351 2690 1412 2722 ille
1442 2689 1552 2721 Gallis
1582 2687 1696 2721 simil-

160 2745 263 2778 limos
293 2743 450 2776 moribus
483 2748 517 2773 et
551 2740 664 2779 cultu,
707 2746 742 2771 at
773 2751 934 2771 sermone
965 2738 1125 2770 diversos
1154 2749 1229 2769 esse
1263 2737 1423 2776 dixerat,
1459 2735 1544 2780 περὶ
1573 2728 1627 2769 ὦν
1661 2733 1696 2769 οἱ

161 2787 494 2837 τραγῳδιογράφοι
518 2784 639 2821 πολύν
671 2798 756 2819 τινα
787 2785 1016 2828 πεποίηνται
1046 2782 1158 2828 λόγον
1192 2781 1255 2817 καὶ
1284 2781 1426 2827 πολλὴν
1459 2783 1698 2817 διατίθενται

161 2838 372 2883 τερατείαν.
414 2836 450 2869 111
483 2834 609 2880 quibus
632 2833 693 2866 1110
728 2834 930 2877 tragoedias
959 2832 1153 2865 Antenoris
1174 2838 1209 2863 et
1241 2831 1530 2864 Antenoridarum
1556 2829 1698 2863 nomine

162 2886 349 2930 inscriptas
381 2882 560 2928 respicere
590 2880 777 2926 putandus.
838 2882 875 2912 In
907 2880 1031 2912 iisdem
1059 2879 1197 2911 fabulas
1224 2877 1457 2911 Phaethontis
1494 2886 1530 2911 et
1556 2875 1699 2911 Eridani

163 2933 267 2967 variis
290 2931 404 2965 modis
435 2928 613 2974 expositas
642 2928 750 2960 fuisse
777 2927 949 2973 suspicor.
1000 2927 1134 2959 Nostra
1161 2932 1278 2958 aetate
1304 2927 1463 2958 Henetos
1494 2937 1556 2958 seu
1576 2926 1700 2957 Vene-

166 2989 221 3015 tos
240 2977 419 3015 accenseri
438 2975 608 3012 Sarmatis
632 2974 800 3019 111111111115,
826 2975 869 3008 ab
892 2974 969 3008 aliis
999 2980 1117 3008 autem
1136 2972 1294 3006 slavicae
1321 2973 1442 3018 stirpis
1472 2972 1607 3007 haberi.
