1779 3420
128 187 229 236 468

462 183 516 229 Ρ.
555 181 913 232 VIRGILII
950 179 1330 230 MARONIS

128 309 405 375 Iasiusque
428 315 608 373 pater,
646 322 816 372 genus
849 325 875 356 a
899 323 1008 374 quo
1040 306 1285 373 principe
1308 314 1570 358 nostrum.

130 382 300 444 Surge
322 394 415 442 age
430 418 442 440 ,
484 386 536 427 et
557 377 690 427 haec
712 377 880 427 laetus
902 378 1165 442 longaevo
1193 377 1330 426 dicta
1352 377 1561 443 parenti

127 449 283 499 Haud
330 448 624 498 dubitanda
665 447 840 499 refer:
901 446 1201 511 Corythum
1248 456 1527 514 terrasque
1575 463 1664 496 re-

127 587 402 640 Ausonias.

923 518 1098 584 quirat
1565 524 1663 570 170

473 588 686 638 Dictaea
707 596 865 652 negat
885 587 980 635 tibi
1003 586 1246 652 Iuppiter
1266 603 1399 638 arva.

129 659 350 709 Talibus
374 656 646 707 adtonitus
670 659 815 721 visis,
858 674 915 706 ac
941 673 1074 705 voce
1105 655 1419 705 deorum—-

127 733 263 796 (Nec
286 744 452 795 sopor
476 728 605 778 illud
629 737 765 790 erat3
790 727 884 777 sed
910 743 1092 777 coram
1112 725 1444 791 adgnoscere
1466 725 1661 789 vultus,

203 829 314 875 172.
353 836 594 886 neonem,

224 965 290 999 168
315 971 479 997 vestrum
504 962 560 996 ed.
589 963 678 996 ven.
727 960 811 995 Cum
835 960 1048 995 Dardanus
1063 968 1177 1007 pater
1202 959 1320 1005 potius
1338 958 1662 992 commemorandus

128 1011 164 1044 h.
190 1010 213 1044 1.
239 1011 417 1052 videatur,
446 1022 548 1055 quam
574 1011 698 1042 Iasius
716 1017 840 1055 pater,
865 1008 1023 1053 cogitare
1049 1007 1164 1053 possis
1190 1007 1259 1051 leg.
1286 1008 1492 1042 Dardanus
1514 1008 1661 1040 Iasius-

129 1071 197 1103 que
228 1067 367 1104 patres.
424 1058 494 1090 Sed
531 1063 650 1102 potest
690 1062 799 1101 poeta
838 1056 933 1089 idem
974 1055 1128 1089 voluisse
1170 1061 1206 1087 et
1250 1054 1363 1087 altero
1408 1054 1489 1087 loco
1536 1053 1661 1097 negle—

127 1117 218 1138 Xlsse
234 1118 240 1137 :

292 1105 495 1137 Dardanus
530 1111 630 1148 pater
665 1105 861 1147 Iasiusque
890 1111 1013 1149 pater.
1064 1101 1211 1135 Omnino
1248 1101 1277 1134 si
1302 1101 1413 1134 semel
1439 1100 1661 1134 manifestum

127 1152 167 1184 fit
191 1151 308 1196 aliquo
335 1152 369 1184 in
395 1152 495 1193 loco,
521 1157 663 1196 poetam
689 1150 844 1182 noluisse
870 1157 1030 1183 accurate
1055 1148 1175 1193 loqui,
1209 1148 1245 1181 in
1271 1148 1418 1192 singulis
1444 1149 1661 1181 haerendum

126 1211 195 1232 non
223 1205 286 1232 est.

385 1200 451 1234 169
478 1199 567 1230 lzaec
601 1198 701 1230 abest
726 1209 745 1229 a
771 1197 879 1231 Witt.

978 1198 1046 1232 170
1071 1195 1243 1229 dubitata
1275 1196 1409 1229 Zulich.
1462 1196 1660 1240 Corythum

127 1246 354 1290 scriptionem
382 1258 400 1278 e
425 1245 525 1277 libris
552 1252 587 1277 et
611 1244 750 1277 ratione
775 1244 1000 1288 grammatica
1025 1243 1182 1276 restituit
1209 1242 1328 1276 Heius.
1379 1244 1442 1275 Est
1467 1243 1558 1275 enim
1582 1238 1661 1276 Κό-

126 1294 260 1337 ρυθος.
310 1293 427 1336 Vulgo
455 1293 639 1333 Corium,
672 1299 705 1324 et
730 1291 953 1324 librariorum
980 1290 1153 1324 ludibria:
1190 1291 1400 1332 Clzoricum,

1437 1289 1523 1334 (vid.
1548 1291 1592 1323 V.
1618 1289 1660 1322 L.

126 1341 171 1373 ad
196 1341 260 1381 XI,
288 1340 365 1374 184.
398 1339 493 1382 ll‘r.)
522 1339 768 1383 Clzorytlzum,
803 1340 1001 1371 Corintum.
1038 1350 1070 1372 v.
1097 1339 1281 1371 Burmann.
1308 1337 1345 1370 h.
1369 1337 1392 1371 l.
1419 1344 1456 1370 et
1480 1336 1526 1369 ad
1549 1336 1659 1370 Rutil.

125 1387 207 1420 ltin.
235 1389 262 1429 I,
297 1388 379 1422 600.
436 1388 602 1431 requirat
640 1386 760 1419 Heius.
795 1398 870 1418 cum
903 1385 1132 1427 melioribus,
1177 1384 1283 1417 etiam
1317 1385 1442 1429 fragm.
1476 1384 1592 1417 Vatic.
1626 1396 1659 1417 v.

126 1434 255 1467 Bened.
305 1434 421 1478 Vulgo
448 1433 508 1466 alii
535 1434 690 1478 require.
716 1434 767 1478 (ut
789 1433 897 1466 Palat.
928 1433 1026 1476 lVr.)
1063 1431 1235 1465 Nonnulli
1257 1433 1437 1476 requiras.
1465 1430 1530 1474 (ita
1553 1429 1660 1464 etiam

125 1484 159 1517 2.
186 1483 218 1517 8.
246 1482 302 1516 12.
329 1488 365 1513 et
390 1480 486 1526 Lips.
513 1480 585 1514 obl.
617 1481 712 1525 llfr.)

125 1529 223 1573 Lips.
249 1528 341 1568 obl.;
378 1529 470 1560 alter
504 1527 600 1572 Lips.
637 1529 757 1561 iussit.
795 1527 890 1571 Wr.)

811 1482 878 1515 1752
911 1481 1025 1513 iussis
1058 1486 1132 1512 tres
1167 1479 1260 1524 apud
1293 1480 1408 1512 Burin.
1457 1478 1520 1522 (ita
1555 1478 1662 1511 etiam

941 1536 977 1560 et
1011 1539 1099 1560 voce
1131 1525 1260 1559 Medic.
1287 1538 1363 1559 cum
1399 1525 1443 1559 al.
1468 1525 1593 1560 Heius.
1625 1533 1660 1558 et

126 1576 219 1609 Pier.
270 1576 319 1619 (ec
345 1576 449 1608 etiam
474 1575 598 1618 fragm.
624 1576 725 1615 Vat.;
756 1574 879 1615 ceteri,
905 1573 964 1618 qui
990 1582 1027 1606 et
1052 1573 1198 1614 habent,
1224 1573 1364 1605 codices
1385 1580 1421 1605 et
1442 1572 1544 1618 pauci
1567 1580 1660 1614 sunt,

129 1630 165 1656 et
191 1622 425 1661 recentiore.s;
452 1621 486 1654 in
513 1622 567 1654 his
589 1621 698 1656 Paris.
728 1624 801 1662 11.;
829 1621 899 1655 vid.
922 1623 965 1662 Q.
989 1622 1032 1654 V.
1053 1621 1214 1660 XXXV,
1239 1622 1296 1655 21.
1344 1621 1407 1653 Est
1432 1627 1549 1653 autem
1572 1620 1661 1653 haec

127 1670 241 1702 oratio
268 1666 555 1709 εἷνακόλουθος,
592 1669 685 1712 quod
718 1669 796 1713 ipsa
828 1667 1111 1713 interpunctione
1135 1666 1308 1707 indicavi3

1358 1666 1415 1700 vix
1449 1667 1540 1699 enim
1575 1673 1659 1711 post

127 1724 198 1749 tam
224 1716 365 1759 longam
391 1715 620 1761 parenthesin
647 1715 736 1749 haec
763 1716 878 1749 adhuc
903 1715 1110 1747 meminerat
1136 1721 1261 1759 poeta;
1286 1725 1401 1758 neque
1425 1726 1510 1747 vero
1527 1713 1661 1759 sactus

127 1776 227 1803 snm,
254 1763 425 1808 Heynium
452 1769 612 1805 secutus,
639 1762 707 1797 vid.
742 1764 784 1799 V.
814 1764 856 1797 L.
881 1762 926 1796 ad
946 1774 996 1796 vs.
1028 1763 1119 1804 175.,
1151 1768 1249 1795 reete
1274 1760 1539 1806 subintelliges3
1564 1761 1660 1806 quod

126 1811 246 1855 friget.
289 1811 386 1854 ll'r.)

129 1926 301 1980 mythos,
335 1928 402 1979 qui
423 1928 570 1966 Iasium
586 1926 761 1966 Dardani
780 1928 863 1966 sra-

127 1993 230 2025 trem
256 1986 484 2036 tradidere,
525 2000 616 2024 cum
646 2000 726 2037 quo
758 1985 790 2024 is
821 1986 864 2024 in

127 2043 448 2083 Samothraciam
497 2044 619 2094 abiit,
671 2051 719 2083 ut
762 2044 862 2083 adeo

120 2112 242 2154 pater
262 2103 505 2155 posteritatis
525 2109 711 2155 respectu
733 2102 866 2141 dietus

128 2161 191 2199 sit.
222 2161 334 2210 Nam,
366 2161 397 2199 si
418 2162 591 2199 mullum
613 2169 745 2199 aetate
763 2176 862 2212 pro—

127 2227 283 2257 vee-lum
304 2220 360 2257 ita
385 2219 586 2271 designari
607 2233 698 2257 cum
711 2219 864 2257 Holds-

129 2277 294 2315 wortho
324 2284 497 2327 statuas,
540 2278 609 2317 vix
642 2278 768 2330 probe
804 2279 864 2315 fe-

130 2335 242 2374 ceris.
302 2336 429 2387 Igitur
451 2350 541 2374 cum
563 2351 590 2374 α
619 2352 695 2388 quo
726 2349 864 2374 neces—

131 2394 234 2430 sario
261 2393 312 2430 ad
337 2395 585 2432 Dardanum
604 2395 863 2433 referendum

130 2451 206 2499 sit,
239 2451 294 2488 sic
327 2452 460 2489 locum
492 2466 675 2505 expono,
714 2460 762 2492 ut
800 2453 865 2491 di-

131 2515 240 2546 ctum
273 2509 323 2546 sit
352 2524 448 2561 pro:
501 2526 528 2548 a
556 2511 725 2562 quibus,
777 2524 866 2549 seu:

133 2567 384 2616 Dardanus,
434 2583 526 2605 cum
563 2570 697 2618 Iasio,
739 2584 766 2606 a
789 2584 866 2622 quo

132 2625 333 2662 Dardano
366 2631 439 2663 etc.
465 2628 654 2677 princeps
672 2627 711 2666 h.
736 2627 761 2665 l.
787 2641 863 2665 au·—

133 2688 219 2719 ctor
249 2682 384 2734 stirpis
416 2683 482 2721 vel
515 2685 679 2734 generis,
742 2685 865 2737 Cory—

133 2740 247 2777 thum
269 2739 318 2777 de
346 2741 432 2792 ipso
461 2754 551 2792 rege
578 2756 623 2779 ac
653 2743 865 2782 conditore

132 2799 332 2836 Certonae
378 2798 522 2850 accipit
575 2801 733 2839 Cluver.
781 2802 865 2841 [tal.

133 2862 216 2894 ant.
238 2870 274 2907 p.
297 2857 391 2898 592.
435 2857 593 2895 Scilicet
613 2858 742 2897 dictus
764 2874 865 2898 con-

134 2914 243 2952 ditor
269 2928 344 2966 pro
369 2914 452 2966 ipsa
481 2915 593 2965 urbe,
625 2922 666 2955 et
683 2916 724 2956 h.
745 2917 770 2956 l.
791 2931 865 2971 pro

923 1933 1011 1966 tota
1040 1927 1176 1978 Italia,
1226 1927 1368 1967 saltem
1409 1927 1574 1966 Etruria
1613 1940 1659 1965 ac

921 1986 1094 2025 finitimo
1126 1986 1257 2025 Latio:
1291 1993 1339 2027 ut
1369 2000 1432 2038 ap.
1459 1985 1659 2024 Rutilium

928 2045 1090 2097 Corythi
1101 2046 1276 2097 populos
1298 2044 1547 2097 Tyrrheniae
1569 2057 1658 2081 ma-

922 2103 993 2141 lim
1011 2116 1235 2155 exponere,
1268 2109 1308 2141 et
1326 2103 1397 2141 inf.
1418 2104 1489 2152 IX,
1511 2105 1564 2143 10
1587 2116 1657 2140 ex—

924 2170 1071 2200 tremas
1102 2161 1264 2214 Corythi
1270 2163 1499 2213 penetravit
1520 2160 1579 2198 acl
1588 2175 1658 2198 ur-

923 2219 1003 2257 bes.
1022 2243 1074 2248 —
1094 2222 1276 2258 Dictaea
1295 2234 1411 2258 arva.
1435 2219 1487 2258 lV
1514 2219 1657 2270 Georg.

927 2279 1020 2319 152.
1042 2279 1217 2316 Dic-laen
1241 2292 1375 2330 regem
1394 2278 1495 2316 coeli
1505 2291 1659 2329 pavere

924 2335 997 2373 sub
1016 2345 1146 2374 antro.

985 2396 1238 2436 172—189.
1280 2393 1434 2433 Aeneas
1463 2404 1657 2445 experge-

923 2452 1053 2490 factus
1098 2453 1230 2491 visum
1281 2452 1463 2503 religiose
1508 2450 1657 2502 expiat,

924 2524 1021 2548 mox
1064 2510 1172 2563 patri
1207 2510 1396 2564 exponit;
1448 2508 1538 2560 qui,
1581 2522 1658 2546 an—

925 2568 1061 2618 tiquae
1099 2569 1226 2608 famae
1276 2567 1539 2616 recordatus,
1591 2579 1658 2604 re-

925 2640 1072 2678 sponso
1103 2639 1246 2679 parere
1269 2627 1392 2665 iubet.
1452 2626 1511 2664 lta
1539 2624 1659 2662 Creta

924 2684 1158 2723 disceditur.
1202 2683 1309 2738 (Vid.
1341 2684 1391 2722 de
1414 2682 1455 2722 h.
1484 2684 1510 2722 1.
1544 2683 1591 2722 V.
1615 2683 1657 2722 L.

924 2742 976 2780 ad
995 2757 1053 2782 vs.
1084 2745 1176 2784 172.
1199 2749 1240 2781 et
1269 2742 1363 2784 175.
1382 2764 1439 2770 -
1472 2743 1566 2785 173.
1587 2755 1660 2779 nee

924 2815 1080 2852 sopor
1117 2802 1266 2839 illud
1302 2808 1412 2849 erat,
1457 2805 1504 2838 ut
1536 2800 1659 2838 omit-

923 2865 1008 2896 tam
1040 2858 1140 2897 illud
1169 2859 1285 2897 dulce
1311 2861 1413 2896 satis
1439 2858 1584 2896 humor
1619 2863 1659 2895 et

925 2917 1090 2968 similia,
1135 2916 1191 2955 sic
1220 2916 1341 2956 Ovid.
1361 2916 1458 2956 Her.
1484 2916 1534 2968 Il,
1569 2915 1659 2958 56.:
