1779 3420
93 216 193 261 984
419 210 473 258 P.
512 208 867 261 VIRGILII
911 206 1284 256 MARONIS

97 341 200 387 Aut
217 344 394 387 metus
421 335 653 385 Ausonia
675 333 931 402 prohibet
964 333 1253 383 consistere
1280 341 1417 381 terra
1433 338 1455 382 Ρ

97 488 212 513 tutem
234 478 432 512 extendere
447 475 577 523 sactis.
627 476 759 518 vitam,
785 487 937 515 aevum,
971 474 1169 507 extendere
1186 500 1194 515 ‚
1231 480 1267 506 et
1300 486 1451 515 nomen,
1486 485 1620 507 memo-

97 529 207 568 riam,
226 526 388 572 samam,
414 524 629 565 extendere,
656 523 834 555 sollennes
863 521 1032 565 loquendi
1054 521 1151 553 modi
1173 528 1272 561 sunt;
1315 521 1377 553 sed
1407 532 1478 552 non
1497 521 1620 553 virtu-

96 583 178 607 tem.
227 575 265 606 ln
285 574 387 606 Rom.
407 571 556 615 legitur:
594 571 732 604 virtute
748 569 946 602 extendere
967 568 1084 607 vlreS3
1117 567 1202 599 item
1223 567 1259 600 in
1281 567 1393 600 tribus
1417 568 1544 601 Moret.
1564 579 1620 611 pr.

96 621 268 654 Rottend.
285 618 458 653 Montalb.
483 617 596 651 altero
615 616 764 649 Mentel.
780 628 800 649 a
817 627 861 647 m.
880 627 935 658 pr.
955 614 1027 646 Erf.
1050 620 1086 646 et
1107 614 1142 646 in
1168 613 1250 647 edit.
1271 615 1360 647 lunt.
1404 614 1518 647 Etiam
1537 614 1621 647 Pie-

96 668 168 701 rius
188 668 377 712 plerosque
398 665 487 698 alios
507 664 611 698 codd.
629 663 667 696 id
689 675 708 696 a
728 675 773 696 m.
793 674 848 706 pr.
870 661 1069 694 exhibuisse
1095 661 1305 701 observavit,
1330 661 1393 693 sed
1414 673 1511 694 erasa
1529 661 1620 694 scri-

97 722 200 760 ptura
228 716 303 747 fere
326 712 599 758 superscriptum
627 712 802 744 virtutem
831 715 867 742 et
894 708 1018 751 factis.
1078 709 1128 740 Ex
1158 708 1357 740 Heinsianis
1394 720 1447 752 pr.
1476 708 1621 741 Mentel.

97 764 236 796 virtute
256 775 284 794 e.
305 760 435 808 sactis.
462 761 510 802 (et
530 769 704 803 superscr.
732 758 842 790 vires.
870 756 966 797 Wr.)
1017 755 1216 788 Gudianus:
1255 756 1427 788 virtutem
1448 767 1478 787 e.
1511 757 1622 796 vires,

97 809 153 842 vel
164 809 293 855 sactis.
331 812 414 840 tert.
439 805 608 839 Rottend.
627 806 800 837 >virtutem
823 816 851 836 e.
866 802 986 848 factis
1011 802 1066 834 vel
1090 801 1240 835 viribus.
1291 802 1381 834 alter
1404 802 1530 835 Hamb.
1551 801 1622 847 fa—

98 858 166 889 ctis
188 869 218 890 e.
236 857 343 889 vires.
391 852 537 886 Heinsio
558 852 649 884 inter
672 851 760 884 haec
781 850 895 884 omnia
921 861 959 882 se
980 862 1019 882 ea
1037 850 1145 882 lectio
1168 849 1362 894 probabat:
1397 850 1538 881 virtute
1557 862 1624 881 ex-

99 904 250 937 tendere
267 903 375 935 vires.
424 901 499 933 Nec
518 906 635 932 tamen
651 898 875 939 insolentem,
901 903 936 929 et
958 908 1036 929 meo
1059 908 1162 929 sensu
1181 896 1324 936 exilem,
1349 896 1517 940 loquendi
1543 907 1624 928 mo-

98 951 179 982 dum
206 952 332 990 (essetz
376 959 496 980 omnes
523 947 615 979 vires
648 957 793 978 exerere
818 945 960 977 fortiter
984 944 1136 987 agendo)
1172 944 1349 976 illustrare
1380 944 1464 975 satis
1495 943 1623 987 potuit.

99 998 180 1029 Meo
202 996 432 1041 qualicunque
452 993 584 1027 iudicio
611 994 711 1026 vires
736 1005 778 1025 ex
799 991 1012 1037 glossemate
1037 991 1133 1024 vocis
1154 993 1325 1024 virtutem
1345 991 1515 1023 subnatae
1534 997 1624 1029 sunt,

101 1055 227 1088 easque
247 1042 408 1088 equidem
431 1041 572 1074 omnino
596 1052 773 1084 respuam.
821 1039 899 1072 Alio
922 1039 1002 1071 loco
1023 1039 1084 1071 inf.
1107 1039 1155 1080 X,
1180 1039 1246 1072 461
1269 1037 1434 1070 occurrit:
1472 1038 1537 1070 sed
1554 1036 1625 1083 sa-

100 1104 193 1124 mam
217 1089 415 1123 extendere
435 1088 572 1133 sactis,
611 1090 691 1120 Hoc
721 1088 874 1120 virtutis
897 1098 1009 1131 opus,
1047 1086 1138 1118 unde
1161 1085 1277 1118 facilis
1313 1084 1486 1129 suspicio,
1520 1091 1557 1117 ut
1590 1091 1625 1117 et

100 1139 136 1172 h.
154 1138 177 1171 l.
199 1139 338 1170 virtute
356 1136 556 1169 extendere
571 1134 715 1180 samam
741 1134 849 1166 fuisse
870 1133 1054 1171 coniicias;
1089 1140 1125 1165 et
1145 1133 1194 1165 sic
1216 1132 1282 1164 iam
1315 1132 1513 1165 coniecerat
1535 1133 1625 1164 Bur—

99 1197 255 1226 mannus,
280 1183 334 1217 vel
357 1185 490 1223 vitam3
516 1190 553 1215 ut
577 1184 690 1215 vitam
708 1181 907 1214 extendere
926 1180 987 1213 alii
1008 1180 1138 1213 dixere.
1187 1179 1292 1213 Silius
1315 1180 1378 1220 IX,
1404 1179 1472 1213 375
1507 1177 1627 1212 brevis

100 1234 168 1266 lzoc
189 1233 274 1265 aevi
304 1231 546 1276 qaodcunque
571 1230 738 1263 relictum
759 1237 814 1261 est
832 1229 1098 1268 Extendamus,
1123 1228 1196 1260 ait:
1221 1227 1350 1272 probat
1370 1226 1468 1271 prius
1480 1224 1625 1270 firmam

102 1279 206 1312 etiam
237 1280 284 1312 lo.
309 1278 496 1311 Schrader.
547 1278 641 1310 Bona
671 1276 760 1309 haec
788 1275 965 1308 sententia
994 1283 1027 1308 et
1059 1274 1210 1307 sollenni
1246 1273 1335 1306 mori
1362 1273 1530 1318 loquendi
1564 1285 1625 1306 ac-

101 1326 332 1360 commodata.
381 1324 565 1357 Enimvero
590 1325 711 1357 eadem
734 1335 775 1356 ex
801 1322 937 1366 vulgari
956 1322 1110 1355 lectione
1138 1333 1208 1354 non
1237 1321 1347 1353 miuus
1378 1321 1470 1353 exit:
1505 1321 1626 1353 virtu-

102 1383 184 1414 tem,
210 1373 371 1414 adeoque
397 1371 566 1416 gloriam,
598 1371 730 1405 virtute
753 1376 912 1412 partam,
961 1370 1161 1402 extendere
1181 1367 1311 1414 sactis.
1361 1370 1531 1409 Superest
1557 1367 1625 1400 alia

102 1420 223 1460 lectio,
249 1422 421 1453 virtutem
449 1419 649 1452 extendere
675 1418 796 1464 fatis,
844 1429 886 1449 ex
910 1417 1019 1449 Goth.
1052 1429 1121 1450 sec.
1154 1419 1272 1459 Sprot.
1302 1415 1448 1447 Dorvill.
1472 1416 1562 1447 ven.
1593 1421 1629 1447 et

102 1470 190 1512 Reg.
211 1480 230 1500 a
250 1479 295 1500 m.
316 1479 398 1508 sec.‚
424 1474 461 1499 ut
480 1466 525 1499 sit
542 1467 717 1499 virtutem
745 1464 965 1506 extendere,
989 1464 1034 1496 ad
1057 1476 1119 1505 ea,
1145 1475 1233 1507 quae
1256 1469 1402 1501 restant,
1427 1461 1628 1494 discrimina

104 1522 140 1548 et
162 1515 322 1556 labores,
340 1513 456 1557 fatis,
482 1513 527 1546 ad
549 1513 623 1546 fata
650 1512 846 1557 explenda,
882 1517 920 1544 ut
941 1510 985 1543 sit
1004 1510 1129 1543 tertius
1149 1522 1260 1552 casus,
1295 1510 1330 1542 in
1352 1510 1447 1542 cuius
1469 1509 1629 1553 gratiam.

103 1563 220 1596 Habet
252 1569 286 1595 et
317 1560 424 1603 haec,
459 1572 529 1606 quo
561 1572 599 1592 se
628 1559 721 1592 tueri
750 1558 876 1605 possit.
925 1559 988 1590 Est
1018 1565 1135 1590 tamen
1164 1558 1259 1590 sorte
1283 1557 1384 1589 nimis
1416 1563 1557 1600 arguta3
1593 1562 1629 1589 et

105 1608 294 1643 auctoritas
314 1608 427 1641 maior
449 1607 607 1641 codicum
637 1607 738 1640 adest
763 1606 938 1650 vulgatae.
986 1606 1101 1650 (quam
1126 1604 1383 1649 interpretatur
1410 1604 1512 1636 etiam
1544 1607 1629 1636 Ser—

104 1657 191 1690 vius.
240 1657 285 1689 Et
309 1655 507 1688 extendere
537 1655 635 1687 vires
661 1661 849 1699 antequam
880 1653 1092 1697 probemus,
1130 1652 1267 1684 idoneis
1292 1650 1459 1694 exemplis
1480 1651 1629 1683 demon·-

105 1703 285 1736 strandum
312 1702 399 1742 erit,
425 1701 588 1735 Latinum
611 1701 649 1733 id
667 1713 762 1742 esse,
789 1707 824 1733 et
847 1700 876 1732 si
898 1700 1060 1733 Latinum
1081 1706 1154 1738 est,
1188 1707 1305 1743 aptum
1334 1710 1410 1731 esse
1434 1698 1515 1731 huic
1534 1698 1629 1731 loco.

105 1753 227 1794 Itaque
247 1752 347 1782 vires
374 1749 469 1781 haud
494 1748 567 1781 scio
591 1760 634 1780 an
663 1761 706 1780 ex
731 1759 940 1791 praegresso
967 1749 1160 1779 virtutem
1190 1753 1303 1779 ortum
1323 1745 1386 1786 sit;
1435 1745 1505 1779 vid.
1525 1747 1569 1781 V.
1589 1746 1629 1779 L.

108 1797 191 1840 adl,
215 1795 295 1833 104.
342 1796 503 1829 Ceterum
528 1795 597 1829 vid.
622 1796 709 1829 Not.
738 1795 835 1838 Wr.)
934 1795 1002 1830 803
1023 1802 1147 1828 terras
1169 1793 1277 1827 Goth.
1301 1805 1369 1826 sec.

165 1906 261 1946 807.
288 1905 385 1945 808.
415 1902 527 1952 Quid
555 1909 601 1941 tu
632 1902 774 1955 igitur,
814 1914 837 1939 o

109 1962 179 2012 fili,
211 1962 414 2000 cunctaris
437 1975 621 2013 magnam
643 1961 837 2000 virtutem

109 2033 272 2059 exerere
292 2033 364 2072 per
385 2020 560 2072 plurima
582 2025 746 2057 strenue
767 2031 837 2070 ge—

109 2080 199 2118 sta‘?
230 2085 302 2116 aut
319 2092 392 2116 cur
414 2078 605 2116 sollicitus
624 2090 663 2115 es
695 2077 744 2115 de
764 2076 838 2114 ad-

109 2136 242 2176 eunda
284 2136 397 2174 Italia
422 2136 540 2175 novis
572 2135 734 2173 sedibus
766 2135 838 2173 de·-

110 2195 288 2234 stinata'?
344 2208 437 2233 eum
465 2200 669 2233 tantarum
703 2206 842 2232 rerum

110 2255 191 2292 fata
234 2259 274 2291 et
314 2258 431 2291 tanta
467 2253 679 2305 posteritas
710 2259 751 2290 te
787 2251 842 2289 ibi

110 2317 330 2364 exceptura
349 2311 429 2349 sit'?
477 2312 589 2349 Bona
619 2310 749 2350 Servii
767 2324 844 2347 no-

112 2376 173 2407 ta:
198 2369 431 2407 dubitamus
441 2384 520 2420 pro
537 2368 712 2407 dubitas.
749 2370 844 2406 Mi-

112 2429 215 2465 scuit
227 2441 444 2478 personam
472 2441 604 2464 suam.
669 2428 745 2464 Est
765 2441 845 2464 au—

113 2494 190 2522 lem
213 2498 377 2522 sensas.-
419 2499 511 2522 cum
545 2484 617 2522 tibi
650 2493 766 2522 tanta
795 2486 847 2521 stt

105 2550 361 2593 praepara-la
392 2544 631 2592 posteritas,
684 2541 846 2580 dubitas

113 2602 297 2637 virtutem
309 2601 444 2649 factis
456 2600 695 2637 extendere?
724 2600 770 2637 id
789 2607 846 2636 est

111 2658 302 2708 gloriam.
362 2656 407 2694 In
438 2657 676 2695 sententiam
708 2658 844 2707 itaque

113 2720 233 2767 poeta
263 2714 462 2763 mutavit,
506 2715 616 2765 quod
637 2715 688 2752 ad
713 2715 844 2752 solum

114 2772 289 2810 Aeneam
310 2778 481 2824 spectat:
519 2772 633 2810 cuius
655 2772 845 2822 obiurga-

114 2832 172 2869 tio
193 2836 253 2868 est
271 2830 395 2868 tacita
418 2836 458 2868 et
474 2829 720 2881 increpatio:
752 2842 844 2866 cum

114 2894 198 2927 tam
217 2889 324 2927 clara
350 2887 444 2936 tibi,
478 2902 500 2926 0
522 2888 597 2936 lili,
637 2886 844 2925 subnasci—

118 2953 207 2984 tura
228 2946 277 2985 sit
294 2946 532 2999 posteritas,
565 2945 663 2996 quin
686 2950 732 2983 tu
760 2945 844 2982 sor*

895 1901 991 1939 titer
1010 1900 1165 1939 labores
1183 1900 1345 1949 toleras,
1376 1906 1415 1937 et
1439 1899 1490 1937 ad
1507 1913 1630 1937 occu—

895 1959 1072 2012 pandam
1102 1958 1259 1997 Italiam
1294 1964 1457 1996 strenue
1488 1958 1630 2010 pergis.

897 2017 1048 2055 Eodem
1087 2017 1232 2055 iterum
1268 2016 1375 2054 redit
1406 2016 1509 2053 infra
1548 2018 1631 2057 889

904 2076 1019 2126 Quae
1033 2084 1254 2127 postquam
1273 2074 1469 2112 Anchises
1491 2083 1633 2111 natum

892 2148 969 2186 per
996 2134 1164 2184 singula
1189 2134 1327 2181 duxit,
1373 2133 1632 2184 Incendilque

901 2193 1085 2229 animum
1089 2192 1243 2243 famae
1262 2192 1454 2228 venientis
1473 2204 1633 2228 amore:

903 2251 1013 2288 Exin
1050 2249 1156 2287 bella
1197 2251 1280 2287 viro
1319 2257 1512 2286 memorat
1558 2253 1632 2285 etc.

901 2308 958 2345 De
976 2307 1174 2346 sententia
1196 2307 1330 2357 itaque
1347 2306 1534 2345 dubitare
1551 2319 1633 2343 non

903 2367 1008 2405 licet.
1069 2365 1146 2404 Sed
1170 2365 1212 2402 in
1240 2365 1373 2402 verbis
1398 2370 1457 2401 est
1488 2364 1633 2402 obscu-

905 2425 1004 2462 ritas
1027 2430 1066 2461 et
1087 2423 1341 2474 ambiguitas:
1373 2435 1475 2473 quae
1495 2421 1634 2474 dupli—

906 2483 941 2520 ci
960 2482 1082 2520 modo
1111 2481 1292 2534 expediri
1308 2487 1454 2533 potest.
1515 2479 1634 2518 Scili-

905 2547 968 2578 cet
1003 2543 1127 2578 wirla-5·
1161 2540 1269 2577 dicta
1299 2552 1380 2576 esse
1404 2544 1538 2590 potest
1558 2551 1633 2590 pro

902 2598 1027 2649 gloria
1058 2599 1210 2637 virtute
1245 2595 1381 2649 parta,
1423 2602 1633 2633 utcontra

903 2655 1017 2704 κλέος
1053 2670 1127 2707 pro
1163 2656 1318 2694 virtute
1362 2653 1530 2703 dicitur3
1578 2654 1634 2690 ita

902 2728 977 2765 pro
997 2713 1183 2765 simplici,
1215 2719 1377 2750 strenue
1405 2724 1468 2749 res
1485 2723 1633 2763 gerere,

902 2777 1016 2823 poeta
1060 2776 1201 2808 ornate
1246 2769 1372 2819 dixit,
1432 2771 1630 2817 virtulem,

903 2828 1074 2866 nominis
1103 2827 1291 2879 gloriam,
1323 2828 1489 2877 famam,
1521 2825 1635 2874 κλέος

903 2887 1106 2923 extendere
1125 2886 1271 2937 sactis.
1306 2884 1434 2938 (Haec
1457 2885 1636 2936 explica-

907 2943 959 2982 tio
992 2943 1183 2994 tenenda,
1215 2950 1263 2982 ut
1283 2943 1568 2997 simplicissima
1597 2949 1636 2979 et
