1779 3420
124 244 222 293 852

182 372 308 411 Etiam
322 371 399 410 hoc
410 372 629 424 episodium
642 371 734 409 libri
746 370 849 408 sexti

124 431 172 468 ab
212 431 435 482 argumenti
473 430 657 468 Aeneidis
695 442 849 466 summa

124 490 316 536 alienum,
348 487 482 540 paullo
504 488 657 538 longius
680 487 848 538 petitum

124 553 164 584 et
206 549 247 584 in
287 560 428 597 magna
470 546 666 583 suavitate
714 550 849 581 tamen

122 604 363 643 narrationis
387 609 446 651 et,
474 616 593 653 quam
618 602 685 638 illa
716 601 848 648 habet,

125 660 397 701 delectationis
417 674 578 698 cursum
597 659 744 706 sistere,
771 658 849 695 im—

123 727 261 773 petum
294 718 497 767 inhibere,
552 717 722 755 Homius
754 728 849 752 cen-

124 779 246 817 sebat.
304 777 393 814 Hoc
411 789 509 813 vero
532 780 590 811 est
620 780 777 826 poetam
808 772 847 810 in

125 836 306 874 ordinem
337 846 503 884 cogere,
560 831 611 869 ad
647 831 849 869 annalium

124 892 335 931 formulam
375 903 588 939 revocare,
632 895 672 927 et
714 901 850 926 omnes

124 950 265 1002 ingenii
314 948 419 987 vires
475 948 702 999 infringere.
783 947 851 984 Est

124 1009 228 1046 enim
252 1007 331 1044 hoc
352 1006 458 1044 inter
476 1012 616 1057 poetae
650 1005 749 1057 epici
781 1018 850 1041 ar—

124 1066 268 1114 tificia,
301 1078 391 1102 cum
409 1064 449 1101 in
476 1078 557 1102 una
588 1063 743 1100 actione
777 1062 850 1100 de-

123 1123 296 1161 texenda
340 1134 499 1160 carmen
540 1122 695 1173 epicum
736 1133 852 1158 coer-

123 1188 287 1230 ceatur,
329 1186 406 1228 ut,
452 1180 666 1217 variandae
708 1192 850 1216 narra-

123 1240 240 1277 tionis
289 1238 591 1290 depellendique
644 1235 852 1274 subeuntis

123 1297 273 1335 fastidii
305 1309 470 1344 caussa,
524 1295 575 1332 ad
611 1295 686 1332 alia
728 1308 850 1332 orna-

123 1361 280 1403 menta,
312 1354 428 1392 etiam
451 1353 502 1390 ad
523 1353 690 1391 seriores
718 1351 850 1389 histo—

121 1415 212 1463 rias,
238 1411 464 1450 descendat.
525 1411 699 1448 Maronis
717 1417 850 1448 autem

124 1486 208 1509 mos
230 1471 295 1508 ille
319 1476 377 1508 est
399 1476 630 1521 perpetum,
662 1474 721 1517 ut,
754 1468 851 1505 dum

124 1529 335 1567 miratione
353 1541 488 1565 rerum
511 1540 706 1565 novarum
727 1532 767 1563 et
786 1526 852 1563 in·-

123 1588 331 1625 solitarum
351 1585 501 1623 animos
520 1585 769 1622 audientium
789 1590 852 1621 te-

124 1652 236 1694 neat,
268 1644 479 1690 vaticinia,
520 1643 694 1690 somnia,
736 1641 852 1679 etiam

124 1709 380 1740 mortuorum
418 1714 637 1751 responsa,
691 1700 852 1737 futurae

124 1761 271 1799 subolis
302 1772 510 1797 recensum
553 1759 593 1795 in
631 1757 854 1795 subsidium

125 1818 321 1856 adhibeat.
369 1817 503 1866 Neque
526 1828 623 1853 vero
641 1821 724 1852 tam
745 1815 853 1852 otio—

123 1890 211 1915 sum
238 1881 297 1912 est
325 1873 562 1925 episoffium,
596 1886 715 1923 quam
751 1873 853 1909 alte-

123 1948 215 1972 rum
250 1932 384 1984 paullo
425 1938 518 1968 ante
556 1931 605 1968 de
645 1929 852 1968 Palinuro:

125 2006 216 2029 nam
237 1991 278 2028 in
299 1990 384 2041 ipso
415 1989 467 2027 ad
494 1989 647 2026 Italiam
679 2001 850 2035 accessu,

126 2050 174 2088 de
204 2062 339 2086 rerum
377 2052 523 2085 eventu
552 2046 593 2084 in
626 2059 732 2084 nova
761 2045 852 2083 sede

126 2105 317 2159 capienda
330 2105 518 2156 Sibyllam
533 2104 749 2152 consulere,
771 2118 852 2141 non

124 2166 306 2216 ineptum
335 2169 444 2212 erat3
475 2174 644 2212 cumque
673 2162 740 2199 illa
767 2162 853 2199 An-

127 2222 264 2261 chisen
303 2221 345 2258 in
384 2220 521 2258 inseris
565 2219 854 2257 consulendum

127 2294 207 2318 esse
237 2279 413 2327 diceret,
466 2290 624 2315 necesse
662 2283 748 2314 erat
785 2290 854 2314 re-

128 2351 271 2390 sponso
311 2337 598 2388 obtemperare.
658 2334 855 2372 Animad-

127 2395 368 2433 vertendum
397 2407 518 2445 porro
553 2399 641 2441 est,
679 2393 856 2444 primum

130 2453 284 2490 Aeneae
314 2451 364 2488 ad
397 2452 549 2488 ltaliam
583 2450 738 2488 aditum
779 2450 855 2487 hac

130 2511 360 2547 narratione
385 2508 587 2559 dignitatis
607 2514 646 2544 et
666 2508 855 2545 maiesta-

133 2569 181 2604 tis
195 2567 396 2616 religiosae
415 2566 496 2603 vim
515 2572 553 2602 et
571 2565 767 2603 honorem
786 2579 855 2602 ac·-

132 2625 282 2675 cipere3
314 2636 387 2660 nec
407 2623 578 2660 alienum
602 2623 650 2659 ab
673 2622 855 2660 Aeneidis

134 2686 366 2731 argumento
386 2680 627 2730 posteritatis
647 2693 856 2717 recensum

134 2740 270 2777 haberi
300 2750 436 2788 posse,
479 2737 660 2787 inprimis
688 2750 738 2773 cx
770 2738 855 2773 Ro-

134 2809 368 2841 manorum,
399 2794 543 2842 quibus
570 2807 681 2830 suam
711 2792 855 2830 Aenei-

136 2855 224 2892 dem
252 2851 449 2890 condebat
476 2857 614 2901 poeta,
646 2850 784 2887 animis
816 2856 857 2886 et

448 244 501 293 P.
538 242 894 293 VIRGILII
931 240 1301 291 MARONIS

906 370 1074 408 iudiciis
1159 368 1359 409 Videntur
1417 367 1633 406 utilitatem

906 427 1025 466 huius
1043 427 1222 477 inventi,
1253 426 1448 464 avocandi
1466 427 1637 464 lectores

908 486 959 523 ad
979 499 1040 523 res
1060 486 1218 530 inferas,
1240 484 1404 523 sensisse
1427 484 1513 533 alii3
1544 498 1635 522 nam

907 543 1122 592 videmus,
1176 542 1341 581 Homeri
1377 542 1419 580 in
1459 542 1636 593 Odyssea

908 601 1111 652 exemplo,
1143 601 1308 652 Necyias
1334 613 1356 636 a
1383 600 1519 638 multis
1543 613 1636 651 pas-

908 659 981 695 sim
1000 658 1128 709 poetis
1148 659 1268 709 epicis
1290 670 1370 694 esse
1404 658 1636 708 frequenta-

909 721 990 765 tas,
1020 715 1124 752 conf.
1141 716 1209 753 ins.
1231 716 1397 753 Excurs.
1423 715 1457 764 [3
1490 715 1630 752 debent

908 773 1012 810 enim
1060 773 1135 810 hae
1190 772 1438 811 narrationes
1489 772 1636 810 habere

909 845 1090 882 magnam
1122 830 1202 868 vim
1233 831 1284 868 ad
1320 830 1471 868 animos
1511 830 1636 868 inira—

907 902 997 927 rum
1015 902 1151 926 rerum
1169 889 1296 941 specie
1314 888 1520 927 tenendos,
1564 888 1636 925 Vi-

910 947 970 985 dit
998 952 1203 998 praeterea
1222 946 1431 997 Virgilius,
1461 960 1535 997 pro
1562 944 1636 983 he-

907 1005 1069 1052 roibus,
1100 1018 1200 1055 quos
1229 1004 1429 1042 Homerus
1462 1017 1638 1041 comme-

909 1069 1062 1110 morat,
1095 1075 1134 1099 se
1156 1062 1370 1100 Platonicis
1404 1063 1637 1099 commentis

912 1121 961 1159 de
995 1120 1230 1168 animabus,
1282 1126 1497 1169 antequam
1532 1119 1638 1157 hanc

909 1179 1036 1217 vitam
1058 1178 1254 1229 ingressae
1281 1178 1371 1226 sint,
1390 1177 1430 1214 in
1453 1178 1527 1214 alio
1550 1178 1636 1214 loco

911 1236 1162 1288 degentibus,
1194 1236 1401 1274 commode
1423 1236 1480 1273 uti
1512 1248 1636 1286 posse,

910 1301 956 1333 ut
987 1294 1141 1331 Aeneae
1171 1300 1351 1345 posteros
1392 1299 1429 1330 et
1461 1306 1523 1331 res
1551 1293 1636 1330 Ro-

910 1366 1046 1390 manas
1085 1352 1251 1390 carmini
1288 1353 1497 1389 intexeret.
1557 1351 1637 1388 Ne-

910 1423 985 1461 que
1015 1423 1113 1448 vero
1146 1409 1266 1458 nihil,
1305 1409 1415 1460 quod
1451 1409 1501 1446 ad
1528 1408 1639 1446 hunc

911 1469 1143 1506 descensum
1189 1467 1240 1505 ad
1280 1467 1426 1504 inferos
1462 1467 1637 1513 duceret,

911 1532 980 1564 aut
1012 1526 1094 1563 eius
1120 1525 1437 1577 expectationem
1476 1526 1637 1572 sat-eret,

912 1584 1131 1622 antecessit.
1200 1583 1347 1620 Annon
1385 1583 1638 1620 meminimus

911 1643 958 1679 ab
983 1641 1176 1679 Anchisae
1195 1641 1337 1679 umbra
1351 1639 1459 1678 hunc
1473 1641 1638 1678 descen-

911 1714 999 1737 sum
1022 1700 1104 1737 lilio
1123 1700 1242 1736 fuisse
1274 1698 1466 1736 mandato
1488 1705 1527 1736 et
1548 1712 1638 1736 mo—

912 1759 1002 1795 nitu
1018 1757 1242 1795 iniunctum
1258 1757 1339 1805 (lib.
1354 1757 1398 1803 V,
1414 1760 1489 1797 731
1508 1755 1637 1809 sqq.)‘?

912 1821 952 1852 et
984 1815 1111 1852 multo
1142 1820 1232 1851 ante
1260 1813 1338 1851 iam
1368 1813 1509 1851 Heleni
1547 1828 1637 1851 mo-

911 1873 1000 1910 nitu
1028 1872 1094 1909 lib.
1129 1872 1194 1919 Ill,
1242 1870 1322 1912 441
1365 1872 1477 1922 sqq.'?
1539 1872 1638 1908 Cum

910 1936 1043 1968 autem
1064 1935 1195 1967 totum
1215 1941 1356 1980 poema
1378 1936 1417 1967 et
1436 1929 1639 1980 dignitatis

910 1988 1042 2039 epicae
1070 1987 1293 2038 plurimum
1323 1992 1363 2024 et
1404 1987 1553 2037 gratiae
1593 2000 1638 2023 ac

911 2045 1186 2083 delectationis
1232 2058 1281 2082 ex
1324 2045 1523 2082 vaticiniis
1562 2044 1638 2081 ha-

910 2104 1022 2142 beat:
1063 2116 1185 2153 quae,
1226 2109 1272 2140 ut
1306 2102 1382 2140 alio
1410 2102 1498 2140 loco
1531 2101 1638 2155 (Dis-

912 2161 1011 2212 quis.
1034 2175 1062 2198 s.
1088 2161 1139 2198 VI
1160 2161 1209 2198 de
1231 2173 1308 2198 rer.
1330 2160 1370 2197 in
1393 2159 1490 2198 Aen.
1516 2166 1636 2198 tract.

910 2217 1160 2270 inventione)
1192 2224 1250 2255 est
1280 2217 1556 2266 observatum,
1588 2218 1637 2254 ab

913 2276 1211 2315 obscurioribus
1260 2276 1487 2326 ambagibus
1538 2289 1638 2327 proa

912 2348 1044 2386 gressa
1066 2348 1161 2371 mox
1183 2334 1234 2371 ad
1253 2333 1463 2371 disertiora
1487 2339 1526 2371 et
1553 2333 1637 2370 cla-

911 2393 1021 2430 riora
1057 2392 1171 2429 ell'ata
1199 2391 1441 2443 procedunt:
1470 2404 1639 2443 praepa—

912 2456 1029 2487 ratur
1063 2450 1180 2487 etiam
1216 2448 1293 2487 hoc
1333 2449 1435 2487 libro
1476 2449 1638 2499 legentis

914 2508 1067 2545 animus
1088 2508 1138 2545 ad
1162 2521 1273 2545 casus
1293 2512 1332 2543 et
1355 2520 1437 2555 res,
1471 2520 1567 2544 mox
1598 2506 1639 2543 in

911 2565 1024 2603 Latio
1055 2572 1246 2602 eventum
1280 2563 1507 2612 habituras,
1552 2563 1639 2614 pri-

913 2637 1024 2660 mum
1054 2622 1227 2672 Sibyllae
1256 2634 1469 2671 responso,
1518 2635 1556 2658 v.
1584 2618 1639 2661 84

915 2683 1056 2726 -97,
1097 2685 1185 2716 tum
1221 2678 1417 2715 Anchisae
1459 2678 1639 2717 oratione

914 2743 954 2773 et
1001 2748 1167 2773 recensu
1221 2736 1443 2773 animarum
1467 2765 1476 2783 ,
1538 2747 1639 2786 quae

914 2807 1008 2830 mox
1063 2794 1268 2845 progenies
1326 2792 1480 2830 Aeneae
1538 2798 1640 2830 esset

913 2851 1059 2888 sutura.
