1779 3420
185 236 281 283 158
507 194 1364 280 P.V1RGlL11MARONIS

183 356 452 415 Constitit,
510 364 562 404 et
606 356 904 411 lacrimans,
958 353 1086 414 Quis
1136 353 1237 401 iam
1286 353 1456 415 locus,
1503 353 1690 419 inquit,

967 421 1182 484 Achate,

183 498 331 557 Quae
354 494 499 557 regio
522 494 574 541 in
601 493 753 541 terris
775 492 940 539 nostri
970 508 1081 540 non
1109 491 1264 557 plena
1289 492 1518 541 laboris?
1589 495 1690 543 460

180 567 259 614 En
288 565 539 613 Priamus,
616 564 751 610 Sunt
784 561 869 608 hic
896 561 1054 609 etiam
1080 578 1168 609 sua
1191 562 1424 626 praemia
1451 559 1619 620 laudi;

184 636 319 684 Sunt
346 633 589 681 lacrimae
609 647 789 680 rerum
804 671 815 693 ‚
858 639 909 679 et
927 639 1169 679 mentem
1191 631 1433 679 mortalia
1456 638 1689 694 tangunt.

182 783 261 827 ipso
280 782 360 815 loco
384 781 591 814 Schaei'erus
614 780 770 814 defendit
786 780 956 825 pluralem
976 782 1131 815 Atridas
1158 781 1202 814 ad
1223 782 1341 813 Lamb.
1365 782 1442 813 Bos.
1465 780 1529 813 ΕΠ.
1556 793 1589 825 p.
1610 781 1690 815 291.

183 832 292 863 Recte
314 829 447 872 utique;
473 840 550 860 nam
570 828 662 860 omui
684 828 716 860 vi
737 835 872 861 careret
901 828 986 860 illud
1009 825 1258 872 ἀμφοτέροις,
1285 827 1313 859 si
1340 839 1408 859 non
1430 834 1540 860 mater
1561 838 1602 859 co
1624 838 1692 858 nu-

184 888 279 909 mero
297 875 428 907 inclusa
454 881 556 908 esset.
606 876 728 919 Neque
748 875 940 918 indigemus
973 875 1131 907 Brunckii
1152 875 1306 907 invento:
1342 872 1547 914 „Ambobus
1574 873 1692 918 accipe

186 935 249 967 pro
280 923 429 955 Achivis
453 928 487 953 et
522 923 710 960 Troiani-53
746 929 783 953 ut
808 924 889 962 Vll,
929 924 1028 958 470.:
1074 925 1120 955 Se
1149 924 1240 954 satis
1270 920 1441 953 ambobus
1476 921 1693 965 Teucrisque

190 971 315 1002 venire
336 969 584 1012 Latinisque.“
634 969 709 1001 Nec
737 981 879 1001 necesse
909 976 962 1001 est
991 981 1065 1002 cum
1089 967 1358 1002 NVunderlicliio
1385 967 1433 999 ita
1455 973 1607 999 statuere
1623 993 1630 1006 ‚
1656 973 1693 999 ut

185 1016 219 1047 in
243 1027 326 1047 voce
345 1015 499 1048 Atridas
517 1015 561 1046 de
582 1017 838 1057 Agamemnone
860 1016 1045 1061 praecipue
1076 1015 1249 1058 cogitasse
1279 1021 1417 1059 poetam
1449 1012 1691 1046 existimemus.

187 1065 328 1095 Saevus
359 1067 474 1094 autem
502 1072 572 1093 non
602 1061 712 1093 solum
745 1070 796 1094 est
821 1064 959 1103 iratus,
996 1063 1058 1094 sed
1092 1062 1192 1094 etiam
1221 1074 1372 1099 ηυοκηες
1420 1067 1455 1092 et
1476 1061 1523 1093 ita
1548 1060 1691 1093 Atridae

186 1108 363 1152 utriusque
386 1120 509 1140 causae
528 1120 648 1140 saevus
680 1116 755 1140 erat
775 1109 940 1141 Achilles.
980 1110 1073 1151 ll'r.)
1124 1121 1289 1141 scaevum
1321 1109 1445 1140 Moret.
1475 1119 1530 1151 qu.
1582 1108 1692 1139 Pria-

185 1168 278 1188 mum
304 1167 521 1198 saevumque
543 1155 645 1186 Voss.
686 1155 882 1200 serumque
902 1156 1007 1187 Goth.
1037 1156 1096 1188 alt.
1145 1155 1311 1188 Achillen
1344 1154 1476 1185 Probus
1499 1161 1533 1186 ct
1561 1153 1692 1186 Cledo—

186 1201 261 1234 nius
282 1201 545 1240 Grammaticus,
572 1208 608 1233 ut
628 1202 773 1234 Dorvill.
797 1209 829 1234 et
850 1205 892 1234 al.
919 1202 1026 1246 (quod
1044 1201 1221 1240 revocavi;
1248 1201 1313 1233 vid.
1335 1204 1376 1241 Q.
1398 1202 1438 1234 V.
1459 1202 1515 1241 Ill,
1541 1203 1570 1235 l.
1599 1200 1691 1243 ll'r.)

185 1248 254 1285 459
282 1249 370 1291 Quis
398 1260 470 1280 non
500 1247 612 1291 Bigot.
662 1251 742 1292 quis
772 1262 854 1280 nam
888 1249 984 1281 Leid.
1018 1261 1113 1281 unus.
1163 1250 1225 1293 qai
1252 1247 1393 1290 Cuning.
1422 1247 1532 1279 edidit
1566 1260 1583 1280 e
1614 1247 1692 1280 cod.

186 1296 295 1327 Mark.
389 1295 459 1328 460
482 1295 518 1327 in
542 1295 703 1326 omittunt
722 1302 797 1328 tert.
821 1296 959 1328 Meuiel.
985 1303 1017 1327 et
1041 1295 1186 1338 Regius,
1213 1294 1270 1326 hic
1292 1306 1366 1326 cum
1388 1294 1524 1336 glossa:
1559 1294 1694 1327 scilicet

185 1343 235 1375 in.
284 1342 422 1374 nostris
444 1341 497 1373 ed.
515 1342 601 1373 lunt.
628 1362 670 1365 —
695 1343 732 1374 in
754 1344 892 1374 nostris
913 1343 1023 1374 terris
1042 1342 1130 1374 alter
1152 1343 1289 1384 Menag.
1384 1342 1450 1376 461
1477 1349 1563 1373 sant
1584 1342 1640 1372 hic
1660 1348 1694 1372 et

185 1390 306 1422 Franc.
354 1388 445 1420 llaec
465 1387 623 1420 Parrlias.
718 1387 788 1423 462
813 1392 868 1420 En
888 1389 1059 1421 lacrimae
1076 1388 1235 1421 Parrhas.
1257 1388 1375 1420 Heius.
1396 1387 1430 1419 in
1459 1399 1520 1419 ora
1543 1387 1620 1419 cod.
1641 1386 1693 1418 sui

185 1441 377 1468 mutaverat
399 1434 675 1467 distinctionem:
702 1443 788 1467 sunt
805 1436 993 1468 lacrimae:
1019 1448 1139 1467 rerum
1160 1443 1196 1466 et
1213 1448 1256 1467 m.
1275 1447 1319 1467 m.
1339 1443 1363 1467 t.
1413 1434 1599 1466 Arsidebat
1626 1433 1694 1465 hoc

186 1484 403 1522 Burmanuo,
429 1488 465 1513 ut
487 1482 656 1513 mortalia
677 1494 797 1514 reram
816 1482 904 1522 sint,
932 1494 986 1514 res
1013 1482 1195 1520 mortale83
1221 1482 1313 1525 quod
1346 1481 1507 1513 illustrat.
1556 1482 1598 1512 Et
1627 1480 1695 1512 hoc

188 1529 327 1573 quidem
351 1528 398 1559 ita
420 1527 488 1560 (lici
512 1540 635 1571 posse,
661 1539 761 1560 nemo
781 1528 930 1560 dubitet.
979 1529 1046 1561 Sed
1070 1528 1215 1573 primum
1236 1528 1322 1560 illud
1346 1528 1486 1568 durum,
1522 1527 1615 1571 quod
1637 1527 1694 1558 in-

186 1581 370 1609 tersertum
392 1574 441 1606 ita
458 1575 580 1607 datur:
608 1587 728 1606 reram
750 1583 784 1607 et
811 1584 961 1608 mentem
981 1576 1162 1608 mortalia.
1203 1575 1357 1607 sensisse
1379 1575 1446 1607 hoc
1466 1574 1600 1606 videtur
1618 1573 1694 1618 ipse

187 1624 418 1659 Burmannus;
455 1622 572 1664 itaque
603 1621 750 1665 apponit
778 1622 938 1654 alterum:
978 1631 1065 1654 sunt
1092 1622 1281 1661 lacrimae,
1317 1630 1352 1653 ec
1377 1634 1496 1653 rerum
1525 1633 1569 1653 m.
1598 1633 1642 1652 m.
1669 1628 1693 1652 t.

188 1671 320 1702 Tamen
340 1668 394 1699 vel
412 1668 461 1700 sic
481 1674 597 1700 manet
618 1668 784 1708 alterum,
812 1669 905 1712 quod
928 1680 1068 1700 monere
1088 1668 1305 1700 volebamus.
1343 1675 1377 1699 ut
1406 1667 1490 1699 illud
1513 1667 1604 1699 nude
1625 1678 1694 1710 po-

190 1715 311 1747 situm:
337 1717 433 1747 Sunt
454 1715 646 1755 lacrimae,
672 1714 738 1746 sibi
757 1715 839 1759 quid
860 1715 964 1755 velit,
989 1726 1058 1747 non
1076 1715 1204 1747 videas.
1254 1715 1431 1747 Tentabat
1450 1714 1541 1746 idom
1563 1714 1613 1745 vir
1634 1726 1695 1745 sa-

192 1761 413 1805 gacissimus:
440 1770 474 1793 et
492 1769 635 1806 gentem
655 1763 826 1794 mortalia
851 1770 1030 1807 tangunt3
1066 1761 1113 1793 ita
1133 1773 1217 1793 vcro
1238 1761 1373 1806 poetica
1395 1761 1445 1792 vis
1466 1760 1569 1804 plane
1592 1760 1695 1803 iugu-

191 1804 290 1841 latur.

188 1902 291 1934 illud:
324 1902 495 1934 lacrimae
521 1914 605 1933 reru
611 1914 653 1933 m.

341 1807 481 1840 Scilicet
509 1807 668 1840 accidere
694 1808 761 1841 hoc
789 1815 946 1841 nostrum
977 1808 1098 1851 cuique
1124 1808 1235 1848 solct,
1273 1815 1310 1839 ut
1329 1807 1432 1839 scmel
1453 1807 1560 1839 otl'usa
1587 1806 1695 1838 menti

190 1856 281 1888 nube
307 1854 342 1886 in
376 1854 497 1886 sudum
526 1866 704 1898 emergere
733 1867 954 1899 nequeamus.

1014 1857 1205 1887 Burmanno
1236 1867 1335 1886 scusr
1369 1866 1486 1886 carcre
1513 1854 1696 1886 videbatur

704 1902 772 1934 Sed
803 1915 862 1935 res
892 1901 1095 1946 simpliciter
1125 1913 1188 1945 pro
1213 1902 1316 1933 rebus
1349 1900 1527 1939 humanis,
1559 1901 1695 1932 casibus

189 1948 408 1989 mortalium,
434 1954 536 1991 atque
554 1947 655 1980 etiam
680 1947 723 1980 de
745 1949 848 1981 rebus
871 1948 1026 1982 adversis
1046 1948 1175 1992 passim
1197 1948 1265 1980 dici
1279 1974 1287 1988 ‚
1321 1947 1430 1979 virum
1458 1947 1695 1980 doctissimum

189 2066 272 2104 sine
295 2065 500 2116 exemplo,
532 2079 622 2102 cum
646 2066 815 2104 alterum
839 2080 914 2103 no—

189 2136 281 2161 men
302 2123 555 2160 collectivum
577 2123 627 2160 sit
648 2123 833 2161 duorum.
875 2124 915 2161 Si

189 2188 324 2219 tamen
353 2181 467 2217 alteri
495 2194 544 2218 ex
566 2181 714 2219 Atridis
743 2182 916 2219 infensus

191 2239 287 2286 suit,
317 2238 458 2288 quidni
481 2245 520 2276 et
541 2239 706 2276 fratrem
728 2239 819 2277 odio
839 2239 916 2276 ha-

191 2297 317 2334 bitum
343 2295 450 2332 dicat
475 2297 618 2347 poeta'?
660 2298 710 2333 Ut
727 2297 917 2334 ambobus

192 2354 241 2391 de
291 2360 460 2402 utroque
498 2354 675 2391 exercitu
715 2355 916 2405 accipian»,

193 2410 290 2447 nihil
313 2411 536 2461 praecessit,
557 2412 678 2461 quod,
695 2419 741 2450 ut
763 2413 915 2460 faciani,

192 2468 354 2505 inducat
376 2481 448 2505 nie.
482 2466 579 2518 (vid.
608 2470 650 2506 V.
675 2471 713 2506 L.
741 2472 784 2507 ll
797 2469 857 2521 t)

250 2525 345 2565 460.
390 2527 531 2562 ,No-stri
553 2526 698 2563 laboris
728 2541 822 2577 pro,
854 2527 915 2564 la-

193 2583 359 2629 borum,
392 2578 540 2628 πόνων,
575 2582 612 2620 h.
646 2598 678 2621 c.
710 2586 835 2622 sanine
868 2584 916 2621 de

194 2641 340 2678 nostris
373 2640 675 2678 calamitatibus.
737 2643 805 2679 Est
842 2656 914 2679 au-

194 2703 271 2735 tem
298 2697 373 2733 lioc
395 2696 650 2734 rlictoricum.
691 2699 761 2749 Ap.
791 2702 914 2736 Seve-

192 2769 285 2793 rum
327 2757 365 2792 in
405 2754 620 2804 l·]tliopocia
655 2756 702 2792 lll
745 2757 782 2792 in
822 2757 915 2794 Gale

193 2812 309 2850 Rhet.
352 2812 480 2848 select.
519 2826 555 2861 p.
586 2815 667 2852 222
707 2814 917 2852 Hercules:

193 2866 318 2917 τόπος
338 2865 473 2916 οὐδεὶς
500 2872 581 2907 τῶν
605 2869 713 2919 ἐμῶν
741 2867 916 2923 cinnioru-

191 2943 262 2981 ρος
312 2923 448 2967 πόνων
503 2925 738 2978 καθέστηκε.
820 2928 916 2970 461.

974 2066 1116 2104 Laud?
1140 2079 1213 2117 pro
1245 2065 1395 2103 virtute
1424 2071 1464 2103 et
1484 2065 1603 2103 rebus
1628 2077 1695 2116 ge-

974 2124 1054 2171 stis,
1086 2136 1185 2173 quae
1213 2123 1371 2160 laudem
1395 2129 1612 2169 morentur,
1649 2128 1696 2161 ut

974 2194 1098 2232 saepe.
1129 2195 1168 2218 v.
1185 2181 1300 2218 Cerd.
1325 2187 1364 2218 et
1386 2182 1520 2218 Burni.
1544 2181 1623 2217 scil.
1647 2193 1696 2217 ex

975 2239 1187 2277 Homerico
1210 2238 1334 2285 κλέος.
1374 2245 1418 2276 ut
1440 2244 1580 2276 contra
1602 2233 1696 2287 ἄρε-

975 2294 1022 2348 τή
1044 2310 1115 2347 pro
1138 2296 1254 2333 laude
1282 2309 1395 2346 saepe
1418 2296 1523 2347 apud
1549 2295 1696 2333 Pinda—

976 2369 1077 2391 rum.
1146 2354 1295 2390 Virtuti
1329 2355 1445 2390 ctiam
1475 2353 1539 2390 hic
1568 2352 1697 2389 honos

975 2425 1069 2448 suus
1094 2410 1277 2448 habetur.
1338 2412 1432 2452 462.
1459 2412 1558 2447 Sunt
1579 2410 1696 2447 etiam

976 2468 1038 2505 hic
1058 2470 1263 2509 law-imae,
1296 2467 1334 2508 h,
1355 2482 1386 2505 c.
1402 2467 1613 2514 miseratio,
1635 2482 1696 2504 re-

974 2541 1086 2566 rnm5
1122 2525 1320 2562 deflentur
1352 2539 1432 2571 rcs,
1464 2525 1503 2562 h.
1527 2538 1557 2562 e.
1585 2538 1697 2561 casus

974 2582 1158 2630 liumani5
1191 2589 1284 2619 sunt
1304 2581 1367 2619 liic
1392 2589 1564 2632 pectora,
1596 2594 1697 2631 quae

974 2641 1152 2677 lacrimas
1191 2640 1422 2690 impertiant
1465 2639 1617 2676 casibus
1659 2645 1698 2675 et

975 2697 1266 2735 calamitatibus
1297 2698 1476 2734 aliorum.
1513 2695 1575 2747 (ut
1596 2696 1697 2733 insi-a

976 2756 1021 2801 ll,
1042 2755 1156 2795 784:
1189 2755 1393 2801 „lm-rimas
1415 2754 1580 2791 dilectae
1600 2753 1698 2805 pelle

977 2814 1155 2849 Creusae.
1170 2815 1192 2832 “
1232 2812 1366 2862 Eurip.
1399 2811 1492 2848 llcc.
1512 2811 1607 2852 743.
1636 2809 1698 2847 ed.

976 2869 1140 2908 Masta:
1174 2867 1298 2923 ,,υ’ρᾴς
1328 2867 1468 2920 νεκρὸν
1494 2864 1621 2916 τόνδ’,
1652 2861 1700 2907 οὗ

975 2923 1204 2974 καταστάζω
1229 2923 1379 2978 ddum,-
1410 2926 1532 2964 eiusd.
1563 2925 1700 2976 Suppl.
