1827 3436
404 205 813 256 AENEIDOS
852 208 994 260 LIB,
1033 211 1098 273 ΙΙ,
1137 216 1434 270 494--512
1577 233 1678 278 339

158 330 437 380 Barbarico
456 340 637 396 postes
661 348 791 380 auro
813 333 1105 402 spoliisque
1132 341 1364 405 superbi,

158 400 513 452 Procubuere.
589 404 803 450 Tenent
826 405 1016 467 Danai,
1049 423 1152 473 qua
1184 410 1367 461 deficit
1389 413 1534 478 ignis
1573 422 1675 472 505

224 469 464 518 Forsitan
492 479 569 533 et,
607 471 800 521 Priami
822 473 1025 523 fuerint
1045 493 1182 543 quae
1203 479 1333 543 fata,
1373 488 1626 552 requiras,

156 539 311 589 Urbis
332 539 409 587 uti
435 548 616 606 captae
642 558 846 602 casum,
886 546 1249 616 convolsaque
1273 552 1405 601 vidit

155 608 358 656 Limina
373 618 654 671 tectorum,
671 621 722 661 et
735 613 977 663 medium
993 615 1044 664 in
1059 621 1423 682 penetralibus
1438 623 1672 679 hostem:

154 681 314 727 Arma
337 678 427 727 diu
448 681 629 730 senior
655 681 874 733 desueta
895 689 1251 740 trementibus
1275 708 1406 741 aevo

156 748 464 798 Circumdat
512 751 883 819 nequidquam
927 754 1190 823 humeris,
1245 770 1296 810 et
1336 762 1525 814 inutile
1564 763 1672 815 fer-

939 842 1061 874 rum
1569 839 1672 888 510

155 887 414 952 Cingitur,
454 905 511 938 ac
533 889 730 939 densos
748 890 921 943 fertur
939 897 1232 946 moriturus
1257 899 1310 948 in
1337 899 1516 954 hostis.

222 958 459 1008 Aedibus
483 959 535 1008 in
557 961 774 1026 mediiS‚
814 965 1077 1034 nudoque
1098 967 1197 1016 sub
1223 969 1453 1021 aetheris
1474 990 1581 1037 axe,

245 1086 314 1121 506
331 1086 480 1132 ficerint
501 1090 639 1122 Priami
657 1090 800 1125 Oudart.
850 1092 1015 1139 fuerunt
1041 1096 1068 1128 F
1071 1108 1131 1128 ΓΝ·
1149 1120 1165 1129 f.
1193 1110 1212 1131 a
1240 1110 1286 1131 m.
1310 1111 1364 1144 pr.
1414 1104 1571 1147 requiris
1597 1110 1670 1137 tres

152 1134 266 1167 Burm.
314 1136 479 1179 requires
495 1136 600 1169 Witt.
620 1139 723 1170 Voss.
752 1145 786 1170 et
802 1140 953 1173 Carisius
973 1144 1163 1177 Grammat.
1259 1146 1327 1182 507
1354 1149 1409 1180 ati
1426 1149 1543 1183 Heius.
1559 1163 1670 1196 repo—

153 1180 221 1213 suit
239 1193 257 1213 e
274 1181 434 1214 Medieeo
455 1182 602 1227 aliisque
626 1184 844 1222 melioribus.
901 1188 1017 1232 Vulgo
1048 1189 1125 1232 ubi,
1161 1190 1225 1235 (sic
1256 1192 1360 1226 etiam
1378 1195 1485 1228 Palat.
1507 1204 1542 1229 et
1560 1198 1670 1231 Paris.

155 1229 211 1262 12.
234 1228 288 1262 13.
320 1228 413 1271 lVr.)
440 1230 538 1273 quod
563 1230 868 1275 interpretamenti
890 1234 968 1268 loco
994 1248 1070 1269 esse
1084 1245 1222 1282 potest:
1250 1238 1311 1272 ubi
1334 1241 1392 1273 hic
1413 1244 1501 1275 Ven.
1522 1250 1557 1276 et
1579 1245 1669 1277 Par—

151 1274 245 1307 rhas.
293 1287 402 1307 casas
423 1277 546 1309 Hamb.
568 1289 621 1321 pr.
668 1279 905 1326 collapsaque
936 1283 1028 1316 vidit
1054 1284 1174 1319 Schol.
1200 1286 1317 1319 Iuven.
1348 1288 1391 1319 ad
1419 1292 1491 1323 Sat.
1512 1291 1560 1329 X,
1584 1293 1667 1327 268.

151 1322 220 1356 508
238 1322 364 1354 mediis
377 1323 634 1368 penetralibus
653 1330 688 1356 et
708 1326 833 1359 mediis
848 1329 887 1360 in
902 1341 941 1373 p.
968 1329 1097 1374 passim
1119 1332 1222 1366 codd.
1246 1333 1339 1375 apud
1356 1334 1519 1378 Pieriam,
1546 1339 1667 1372 Heius.

152 1374 188 1400 et
205 1370 332 1409 Burm.,
356 1369 539 1403 manifesta
559 1372 758 1415 corruptela
778 1375 1014 1418 exquisitioris
1038 1378 1193 1411 formae:
1227 1380 1379 1413 mediam
1401 1383 1439 1414 in
1456 1396 1495 1429 p.
1516 1384 1666 1418 hostem.

151 1414 231 1448 vide
247 1428 322 1460 sup.
342 1416 367 1455 I,
391 1415 472 1458 348,
499 1424 534 1450 et
549 1430 654 1462 saepe
678 1419 773 1452 alibi.
809 1422 852 1454 cf.
873 1423 986 1456 Burm.
1034 1426 1073 1457 in
1094 1425 1257 1458 omissum
1278 1426 1312 1458 in
1339 1430 1526 1463 nonnullis.
1577 1433 1668 1476 (me-

150 1462 221 1495 diis
242 1474 260 1494 e
288 1462 396 1496 Paris.
426 1465 459 1497 7.
489 1465 523 1498 9.
555 1466 608 1498 11.
638 1467 690 1500 12.
726 1467 781 1502 13.
822 1469 916 1513 lVr.)
1013 1472 1083 1507 509
1108 1474 1210 1506 senio
1242 1473 1350 1507 Goth.
1382 1488 1438 1519 pr.
1493 1478 1668 1513 distincta

150 1509 260 1542 Wall.
316 1509 525 1543 timentibus
555 1512 723 1546 Rottend.
763 1526 831 1548 sec.
950 1517 1020 1552 510
1047 1531 1115 1551 nee
1140 1521 1329 1565 quiequam
1356 1522 1479 1556 Franc.
1517 1537 1593 1558 cum
1622 1527 1668 1561 al.

148 1556 215 1590 511
246 1556 316 1588 lzac
336 1556 470 1590 densos
487 1564 559 1590 tres
580 1559 696 1593 Burm.
745 1563 948 1596 moriturus
966 1563 1098 1608 sier-tar
1116 1567 1263 1600 Oudart.
1313 1568 1363 1600 ad
1386 1570 1512 1603 hostes
1533 1572 1666 1617 aliquot

148 1602 254 1635 Pierii
273 1603 377 1636 codd.
412 1604 551 1647 <hostes
566 1606 694 1639 Medic.
725 1608 819 1651 lVr.)

148 1704 380 1746 cernentem
417 1699 715 1751 introduxerit,
767 1702 879 1742 haud

149 1755 331 1794 dixerim.
371 1757 486 1811 lVr.)

203 1813 286 1855 503
299 1836 357 1843 —
367 1815 462 1857 505.
489 1816 797 1869 Quinquaginta
815 1820 879 1857 illc·

146 1871 341 1921 thalami,
380 1873 437 1910 illi
463 1879 544 1913 tam
574 1875 771 1927 magnifici
801 1890 871 1915 ex-

145 1930 301 1979 structi,
314 1932 510 1981 prostrati
527 1932 668 1972 iacent.
699 1934 773 1986 Ap.
786 1934 874 1973 Ho-

146 2001 303 2026 merum
330 1988 371 2026 Il.
397 1990 426 2036 ζ,
448 1992 532 2031 243
557 1998 653 2030 sunt
679 1992 722 2029 in
754 1992 874 2031 domo

144 2045 294 2083 Priami
312 2043 546 2100 Β.θάλαμοι
560 2049 737 2087 filiorum
751 2056 789 2088 et
799 2051 875 2088 XII

148 2102 342 2141 filiarum:
384 2105 453 2142 sed
478 2112 619 2157 poetae
638 2107 752 2145 licuit
775 2107 875 2146 haec

147 2173 219 2198 suo
240 2173 351 2199 more
373 2161 595 2213 perhibere.
626 2165 803 2202 thalami
819 2166 875 2204 illi

146 2224 242 2256 sunt
272 2233 360 2269 spes
379 2229 585 2270 nepotum,
610 2221 652 2261 h.
678 2235 709 2260 e.
742 2236 794 2260 ex
817 2223 876 2273 iis,

145 2275 214 2326 qui
237 2288 303 2314 eos
326 2275 629 2328 inhabitabant,
668 2281 872 2331 progenies

144 2339 239 2371 nata
259 2339 358 2373 erat.
418 2336 687 2375 Barbaricum
714 2352 870 2388 aarum,

143 2389 184 2429 h.
214 2405 247 2430 e.
278 2391 516 2444 Phrygium,
557 2401 605 2433 ut
629 2408 744 2447 saepe
771 2409 871 2448 poe-

143 2454 228 2500 tae;
259 2456 299 2487 et
316 2451 438 2489 modo
461 2452 625 2502 Ennius,
650 2467 768 2504 quem
779 2454 868 2491 Ma-

142 2519 189 2544 ro
212 2509 416 2559 expressit.
478 2509 595 2563 (Vide
612 2512 677 2550 vel
698 2512 868 2550 Cerdam

144 2570 184 2602 et
208 2565 419 2616 Guellium⁷
451 2582 628 2619 quosque
647 2570 866 2609 Burmann.

142 2620 352 2677 laudavit.)
395 2626 442 2663 cf.
460 2626 531 2667 inf.
547 2628 616 2676 XI,
648 2630 744 2669 769.
770 2632 866 2670 770.

146 2680 303 2734 Φρυγία
323 2680 578 2736 σκυλεύματα
605 2685 765 2724 dixerat
782 2687 866 2724 Eu—

142 2735 217 2787 rip.
238 2739 383 2778 Troad.
409 2743 472 2782 18.
495 2742 543 2779 de
557 2741 636 2781 hoc
653 2743 737 2795 ipso
754 2758 866 2782 auro.

142 2792 223 2831 Nec
250 2795 293 2833 in
326 2810 372 2835 eo
409 2801 702 2851 argutandum,
757 2801 867 2853 quod

141 2848 185 2890 h.
221 2851 246 2889 l.
287 2854 409 2893 verba
441 2858 603 2896 Troiani
641 2859 709 2896 illa
751 2866 867 2909 sunt3

141 2906 273 2947 utitur
292 2911 396 2951 enim
417 2913 483 2951 ille
509 2928 690 2955 sermone
714 2917 865 2955 Roma-

938 1719 1003 1755 no,
1034 1706 1215 1758 adeoque
1244 1722 1361 1747 usum
1396 1710 1479 1749 eius
1512 1726 1664 1752 sermo-

937 1763 997 1800 nis
1021 1765 1216 1815 sequitur.
1265 1767 1418 1806 Petiere
1438 1782 1528 1807 eum
1546 1785 1664 1810 usum

936 1820 1105 1860 Romani
1134 1836 1156 1859 a
1178 1824 1358 1874 Graecis,
1391 1827 1536 1877 quibus
1557 1830 1663 1868 Tro—

933 1878 1035 1927 iani,
1068 1887 1107 1919 et
1136 1879 1232 1919 hinc
1249 1882 1445 1935 Phryges,
1482 1885 1664 1938 inprimis

934 1936 1032 1975 dicti
1052 1938 1226 1978 barbari.
1277 1950 1412 1991 postes
1427 1945 1569 1993 spoliis
1589 1961 1661 1983 szc-

924 1995 1068 2045 swrbi,
1103 1998 1257 2048 ornati,
1286 1999 1562 2040 Romanorum
1584 2017 1661 2041 no-

931 2052 1084 2092 tissimo
1121 2068 1245 2094 more.
1287 2070 1325 2094 v.
1354 2057 1424 2096 inf.
1455 2058 1544 2109 VII,
1580 2063 1661 2104 183

932 2113 1096 2153 —186.
1158 2110 1362 2166 (Ceterum
1395 2115 1509 2165 vide,
1559 2131 1661 2169 quae

933 2166 982 2204 de
1003 2167 1081 2206 hoc
1111 2172 1370 2221 appositionis
1405 2186 1548 2223 genere
1573 2176 1660 2214 dixi

933 2224 983 2273 Q.
1003 2226 1049 2266 V.
1070 2228 1258 2276 XXXIII,
1279 2232 1317 2277 3,
1341 2229 1379 2267 d.
1414 2230 1532 2285 lVr.)
1582 2235 1659 2270 Te—

929 2292 1023 2320 nent
1039 2286 1212 2334 Danai,
1246 2284 1287 2327 h.
1313 2299 1344 2324 e.
1369 2295 1562 2340 occupata
1583 2289 1658 2328 ha-

929 2340 1026 2378 bent
1059 2341 1168 2392 loca,
1218 2357 1320 2394 quae
1348 2344 1448 2395 ignis
1476 2348 1657 2387 nondum

929 2399 1129 2450 pervadit.

986 2458 1083 2499 506.
1113 2457 1210 2499 512.
1265 2459 1320 2496 Cf,
1340 2459 1509 2499 Exeurs
1529 2462 1589 2501 XI
1607 2463 1656 2501 de

924 2514 1071 2552 Priami
1091 2528 1200 2553 nece.
1248 2516 1350 2554 Tota
1369 2520 1560 2571 narratio,
1589 2520 1656 2559 in-

925 2578 1037 2610 texta
1087 2573 1268 2624 inprimis
1319 2574 1466 2614 Politae
1521 2579 1653 2628 caede,

925 2631 1078 2682 egregia
1109 2645 1199 2669 cum
1230 2638 1319 2669 arte
1356 2633 1559 2673 elaborata
1595 2643 1654 2674 est

927 2688 979 2726 ad
1006 2703 1203 2727 summam
1229 2690 1524 2731 miserationem
1561 2707 1652 2732 cum

924 2745 1111 2785 horrore:
1142 2747 1290 2785 notatis
1306 2748 1453 2787 scilicet
1475 2765 1566 2788 cum
1586 2751 1649 2788 di-

923 2805 1031 2842 lectu
1068 2810 1107 2842 et
1137 2811 1231 2843 ante
1259 2806 1395 2843 oculos
1423 2808 1562 2858 positis
1591 2808 1648 2856 iis,

924 2876 1024 2913 quae
1061 2863 1104 2901 in
1137 2863 1222 2901 fato
1267 2863 1403 2901 multis
1449 2866 1649 2903 communi

922 2920 1087 2973 propria
1128 2927 1264 2959 tamen
1305 2920 1488 2973 inprimis
1523 2928 1650 2960 essent

1253 2989 1370 3033 22*
