1811 3388
340 225 750 277 AENEIDOS
789 223 928 270 LIB.
972 223 1376 284 v1,799——807
1517 229 1615 275 983

115 355 305 403 Fixerit
329 351 637 417 aeripedem
661 363 867 396 cervam
887 345 1033 408 licet,
1071 353 1159 394 aut
1176 346 1480 406 Erymanthi

115 424 316 473 Pacarit
342 437 588 483 nemora,
631 427 683 468 et
704 420 929 465 Lernam
946 413 1308 463 tremefecerit
1334 430 1480 474 arcu3

115 497 251 555 Nee,
291 492 381 557 qui
407 488 705 556 pampineis
727 487 894 535 victor
914 485 1032 548 iuga
1055 482 1220 532 flectit
1239 481 1473 545 habenis,
1520 488 1616 535 805

115 562 296 621 Liber„
328 576 485 624 agens
509 558 648 608 celso
671 561 838 620 Nysae
869 554 935 603 de
956 554 1151 603 vertice
1176 552 1332 615 tigris

116 634 182 681 Et
206 630 510 680 dubitamus
532 628 705 678 adhuc
726 626 975 675 virtutem
999 621 1284 673 extendere
1306 619 1486 670 sactis?

209 749 278 783 803
303 749 454 781 Fixerat
481 748 580 780 Rom.
614 752 650 778 et
679 743 737 777 alii
756 742 859 785 Pier.,
894 741 997 774 etiam
1025 738 1184 772 Carisius.
1221 738 1271 782 (et
1298 736 1463 781 Apuleius
1489 734 1533 766 de
1557 733 1622 765 Di-

118 795 290 840 phthong.
312 796 341 839 §.
367 797 422 828 10.
440 794 536 837 IVr.)
562 795 648 825 Item
664 790 770 824 Goth.
793 795 885 829 tert.‚
908 786 1009 819 male.
1053 785 1248 830 aenipedes
1263 782 1485 829 praeferebat
1505 780 1623 813 Heius.

119 844 160 875 ad
186 842 286 875 Ovid.
307 843 371 886 Ep.
394 842 426 880 6,
451 842 508 877 32.
536 841 590 881 12,
615 840 670 874 93.
695 835 833 881 (Medic.
859 835 927 867 sic:
961 833 1241 873 A E RIDE211,
1275 830 1411 874 syllaba
1427 835 1541 861 tamen
1561 829 1624 859 PE

118 889 224 922 minio
248 888 503 932 superscripta,
529 897 616 931 quae
632 897 688 917 res
719 888 855 928 spectat
876 881 920 914 ad
942 878 1246 913 Grammaticorum
1263 877 1428 920 placitum
1449 875 1490 906 ab
1510 873 1623 906 Hein-

119 937 171 969 sio
194 935 406 976 refutatum,
439 933 642 979 aeripedem
668 942 733 976 pro
764 928 967 974 aeripedem
992 926 1122 959 dictum
1155 936 1230 957 esse
1259 921 1496 955 statuentium.
1526 920 1623 963 er.)

119 991 229 1027 atque
248 985 292 1014 E.
317 981 527 1014 emendabat
551 977 777 1012 Marklandus
803 975 848 1008 ad
871 973 974 1007 Statii
1002 972 1085 1006 Silv.
1123 983 1201 1015 pag.
1230 971 1310 1011 261,
1344 968 1439 1001 haud
1460 966 1565 999 dubie
1589 973 1625 998 et

118 1030 188 1062 hoc
207 1029 298 1076 bene
313 1054 322 1069 ,
346 1040 410 1060 neo
433 1033 552 1060 tamen
572 1036 732 1058 necesse:
773 1023 864 1055 Nam
881 1021 967 1053 mira
990 1025 1044 1052 est
1065 1018 1100 1050 in
1119 1018 1175 1050 his
1195 1023 1377 1061 poetarum
1395 1012 1559 1053 variatio,
1594 1012 1624 1044 si

119 1075 195 1120 quis
219 1075 380 1119 longiore
401 1086 462 1106 usu
480 1074 525 1106 ad
542 1073 630 1105 haec
649 1068 855 1108 attenderit5
883 1074 918 1100 et
938 1066 1108 1100 rationem
1124 1064 1185 1096 illa
1204 1063 1332 1103 habet,
1367 1067 1514 1106 possunt
1535 1057 1625 1091 enim

121 1123 293 1156 eiusmodi
319 1121 598 1154 enumerationes
625 1117 782 1163 pluribus
804 1114 916 1148 modis
945 1112 1128 1146 constitui:
1160 1109 1371 1153 sequendum
1399 1114 1512 1141 autem
1532 1116 1623 1149 poe-

120 1177 178 1204 tae
199 1175 254 1202 est
281 1168 389 1210 illud,
414 1167 508 1212 quod
526 1179 546 1199 a
566 1165 700 1209 vulgari
726 1174 822 1195 more
843 1160 988 1194 recedit.
1034 1160 1105 1191 Iam
1129 1163 1245 1190 autem
1273 1155 1414 1197 vulgare
1442 1158 1534 1186 esset
1563 1159 1624 1184 αι·-

121 1224 301 1263 que—et.
349 1218 395 1247 At
413 1214 579 1254 alterum,
605 1211 699 1257 quod
716 1210 808 1242 idem
834 1208 886 1240 vir
907 1207 1030 1239 doctus
1050 1203 1228 1249 proponit,
1254 1209 1300 1244 ut,
1331 1202 1360 1233 si
1383 1209 1448 1233 aut
1469 1198 1625 1231 retinea-

120 1271 190 1306 tur,
214 1274 295 1296 mox
316 1261 419 1294 etiam
447 1269 513 1293 ααι
531 1262 688 1293 Lernam
709 1255 929 1289 scribendum
955 1254 1012 1294 sit,
1044 1252 1153 1284 multo
1181 1250 1291 1282 minus
1310 1258 1445 1292 sequar.
1481 1244 1564 1290 (vid.
1580 1244 1626 1277 V.

120 1311 161 1344 L.
189 1311 234 1344 ad
253 1322 304 1342 vs,
323 1310 402 1343 609.
435 1307 607 1339 Brunckio
628 1315 766 1349 quoque
793 1302 933 1344 liuguae
958 1306 995 1332 et
1025 1297 1219 1331 sententiae
1240 1294 1334 1328 ratio
1365 1302 1474 1338 atque
1499 1294 1543 1324 E.
1568 1290 1626 1322 vi·-

123 1358 223 1391 detur
240 1355 411 1400 flagitare.
438 1374 481 1379 ——
522 1354 681 1386 Ceterum
721 1350 802 1383 satis
840 1349 958 1390 inepta
989 1352 1040 1379 est
1068 1345 1155 1377 haec
1182 1343 1274 1375 inter
1298 1339 1456 1373 Herculis
1488 1348 1624 1370 errores

122 1403 405 1438 commemoratio
439 1400 516 1446 apri
536 1396 753 1444 Erymanthii
785 1401 822 1428 et
849 1394 992 1438 Hydrae
1019 1392 1208 1425 Lernaeae.
1258 1387 1364 1429 Quasi
1390 1396 1471 1418 vero
1491 1383 1625 1416 defuis-

122 1457 201 1484 sent
221 1450 287 1483 alia
301 1475 309 1491 ,
333 1449 456 1493 quibus
477 1448 575 1480 loeus
596 1445 671 1478 dari
697 1444 754 1476 hio
772 1448 912 1487 posset,
951 1446 989 1471 ut
1009 1438 1161 1482 pecudes
1180 1434 1352 1479 Geryonis
1372 1433 1526 1472 abactae,
1549 1442 1626 1462 ma·—

121 1498 155 1530 la
179 1509 283 1530 aurea
304 1507 345 1528 ex
363 1494 594 1539 Hesperidum
621 1491 734 1525 hortis
763 1488 885 1534 petita.
932 1489 1089 1530 Apparet
1115 1483 1238 1527 igitur,
1271 1481 1357 1513 haec
1377 1477 1572 1522 Virgilium,
1597 1476 1627 1508 si

121 1544 297 1583 licuisset,
342 1542 603 1574 emendaturum
639 1538 757 1570 fuisse.
814 1536 866 1567 De
888 1532 1055 1576 aeripede
1088 1542 1187 1563 cerva
1224 1539 1279 1560 res
1309 1527 1398 1559 bene
1433 1537 1470 1557 se
1507 1523 1626 1563 habet,

123 1591 253 1636 quippe
275 1601 376 1634 quam
393 1587 560 1621 Hercules
588 1594 803 1630 persequens
824 1582 860 1614 in
877 1579 1187 1622 Hyperboreorum
1206 1583 1332 1608 terram
1353 1571 1520 1604 deductus
1546 1570 1626 1601 fue-

122 1638 169 1670 rit
185 1643 276 1670 teste
295 1636 457 1669 Pindaro.
490 1633 583 1676 IVr.)
680 1631 747 1665 804
768 1629 930 1667 Pacarit,
955 1625 1049 1669 quod
1078 1635 1134 1656 res
1156 1621 1335 1666 exigebat,
1372 1630 1390 1650 e
1418 1618 1516 1650 libris
1537 1615 1626 1648 Pier.

125 1692 157 1717 et
176 1684 245 1716 suis
269 1682 427 1727 reposuit
447 1681 580 1721 Heins.,
606 1690 706 1723 quem
728 1676 819 1709 vide.
845 1674 906 1716 (ita
925 1672 1028 1704 etiam
1048 1672 1104 1710 5.;
1127 1669 1197 1702 vid.
1214 1678 1351 1713 quoque
1373 1664 1476 1697 Bach.
1498 1663 1540 1695 ad
1560 1661 1628 1694 Ti-

123 1730 209 1764 bull.
237 1731 296 1770 IV,
324 1732 354 1769 1,
381 1730 435 1763 14.
484 1731 528 1760 At
553 1727 589 1759 in
609 1724 768 1758 Mediceo
802 1720 894 1764 apud
915 1718 1061 1761 Foggin.
1087 1716 1225 1760 quidem
1251 1722 1450 1758 expressum
1473 1716 1526 1742 est
1539 1709 1627 1754 pla-

123 1785 235 1810 caret.
265 1777 362 1817 lVr.)
414 1775 530 1817 Vulgo
549 1773 720 1817 placarit.
746 1769 809 1813 (ita
827 1766 937 1799 Palat.
962 1767 995 1800 7.
1018 1765 1049 1798 8.
1068 1765 1102 1798 9.
1128 1762 1225 1804 Wr.)
1262 1761 1317 1793 ed.
1347 1759 1435 1792 ven.
1461 1756 1629 1802 placaret

122 1826 222 1856 Rom.
269 1830 403 1856 acaret.
451 1822 535 1853 Mox
553 1816 806 1862 tremefecerat
824 1813 957 1856 aliquot
974 1812 1063 1843 Pier.
1089 1821 1164 1841 eum
1183 1810 1282 1841 Rom.
1332 1804 1491 1848 (—806.
1517 1802 1631 1845 tigres

123 1870 251 1906 Medic.
281 1869 377 1911 [VJ-⁸)
476 1868 543 1902 807
564 1864 769 1898 dubitemus
790 1859 897 1893 Goth.
920 1864 1000 1890 tert.
1048 1858 1087 1887 In
1113 1855 1223 1887 altero
1253 1849 1476 1885 hemistichio
1508 1857 1628 1889 magna

122 1916 285 1950 lectionis
300 1915 463 1949 varietas.
512 1915 702 1956 Receptam
721 1913 841 1941 tuetur
860 1904 986 1939 Medic.
1035 1901 1105 1936 Sed
1127 1900 1318 1946 quaeritur,
1354 1896 1436 1942 quid
1454 1895 1519 1936 sit,
1550 1896 1629 1926 vir-

126 2025 198 2064 per
211 2010 423 2049 Arcadiam
447 2008 544 2046 facti
565 2011 681 2053 sunt3
710 2003 850 2053 Augu-

127 2070 178 2108 sti
201 2067 422 2120 comparati
445 2064 679 2115 magnitudo
701 2074 746 2098 eo
765 2061 850 2110 ipso

126 2132 332 2165 attenuata
344 2137 425 2162 esse
444 2123 616 2161 videtur.
646 2119 735 2156 Hoc
747 2118 853 2155 idem

125 2186 244 2224 video
267 2182 535 2222 Schraderum
555 2178 783 2216 observasse
802 2173 853 2210 ad

125 2243 333 2281 Musaeum
355 2254 393 2292 p.
415 2240 509 2279 315.
555 2237 744 2285 Cetynilc's
766 2247 850 2269 cer-

126 2316 180 2338 να
197 2302 315 2339 etiam
335 2296 494 2335 Graecis
511 2288 748 2346 χαλκόπους,
773 2302 851 2339 qua

126 2371 226 2396 voce
260 2357 408 2409 pedum
440 2352 565 2390 robur
592 2355 631 2386 et
658 2347 852 2386 velocita-

128 2424 209 2453 tem
237 2414 357 2467 prisci
380 2410 559 2449 homines
573 2405 852 2452 declarabant3

129 2472 198 2511 sed
219 2472 358 2510 melius
379 2474 519 2521 poetae
538 2465 595 2503 rei
616 2462 853 2501 miraculum

128 2531 395 2569 retinuerunt.
456 2524 520 2561 Ad
548 2521 756 2560 Arcadiam
787 2518 853 2554 illa

130 2594 301 2641 spectat,
333 2585 393 2623 uti
424 2583 543 2620 etiam
571 2575 854 2630 Erymanthius

131 2660 226 2697 aper
248 2652 288 2683 et
310 2642 449 2694 Hydra
470 2641 653 2676 Lernaea.
687 2633 783 2687 (vid.
808 2632 853 2670 V.

134 2706 171 2740 1..
207 2703 257 2740 ad
285 2715 342 2739 VS.
381 2702 474 2739 803.
515 2694 632 2745 l'Vr.)
701 2693 854 2730 Fixen't

132 2761 242 2798 haud
276 2758 395 2795 dubie
426 2755 477 2792 ad
509 2753 630 2790 telum
665 2750 853 2801 pertinet,

132 2817 243 2868 atqui
274 2815 412 2854 debuit
454 2824 570 2849 cerva
608 2808 701 2847 viva
735 2811 852 2857 capta

132 2888 234 2923 csse,
274 2872 356 2911 vid.
380 2868 610 2921 Apollodor.
636 2866 687 2914 ll,
729 2867 767 2913 5,
805 2866 850 2912 33

133 2940 202 2971 aut
216 2931 339 2983 igitur
352 2929 472 2966 atium
485 2932 688 2964 auctorem
705 2934 852 2973 sequu-

907 2007 973 2037 tus
1002 2003 1072 2035 aut
1100 1996 1290 2045 loquutus
1312 1998 1372 2030 est
1395 2001 1538 2041 parum
1560 2000 1628 2024 ac-

910 2061 1065 2094 curate.
1085 2052 1218 2102 figere
1244 2064 1318 2101 pro
1335 2059 1485 2099 capere.
1534 2045 1627 2085 805.

910 2116 1006 2155 806.
1039 2112 1093 2147 De
1113 2107 1257 2146 Bacchi
1277 2120 1327 2144 ex
1350 2105 1461 2143 India
1484 2101 1628 2138 trium—

911 2170 992 2222 pho
1019 2169 1119 2219 agit,
1151 2166 1193 2203 in
1223 2178 1267 2202 ea
1294 2164 1400 2214 Nysa
1418 2160 1513 2199 urbs
1538 2171 1628 2195 cum

911 2233 1048 2265 monte
1081 2225 1213 2271 Mero,
1252 2222 1320 2272 qui
1349 2226 1387 2257 et
1411 2219 1493 2270 ipse
1523 2215 1628 2265 Nysa

909 2285 1050 2323 dictus.
1108 2281 1289 2320 Infinitae
1315 2278 1363 2317 de
1383 2277 1443 2314 his
1459 2273 1628 2320 fabulae,

910 2343 1097 2380 collectae
1138 2353 1159 2375 a
1206 2338 1348 2375 Nonno
1390 2335 1431 2372 in
1464 2332 1627 2380 Dionys·

910 2401 1072 2438 Praeter
1094 2395 1254 2434 Diodor.
1274 2395 1320 2440 ΙΙ,
1341 2395 1407 2439 38,
1429 2391 1475 2428 cf.
1497 2387 1627 2426 Strab.

911 2457 998 2504 XV,
1037 2470 1075 2507 p.
1102 2456 1198 2496 687.
1238 2454 1308 2504 qui
1333 2450 1468 2500 flectit
1514 2448 1626 2494 iuga,

910 2515 1057 2565 biiuges
1084 2512 1222 2562 tigres,
1254 2523 1303 2547 ex
1327 2522 1365 2546 v.
1381 2520 1436 2556 sq.
1479 2502 1627 2556 (valer.

911 2573 1017 2611 Max.
1050 2570 1124 2617 lV,
1155 2568 1201 2616 4,
1233 2568 1289 2609 5.:
1336 2566 1627 2614 „Quaeque—

912 2642 1056 2667 mamcs
1067 2626 1253 2663 —modo
1282 2623 1481 2662 arantium
1505 2619 1625 2656 boum

912 2689 993 2737 iug
1007 2700 1081 2724 um
1103 2697 1193 2721 rex
1206 2697 1255 2721 er
1269 2697 1289 2720 a
1303 2688 1356 2719 nt
1370 2711 1379 2729 ‚
1397 2674 1623 2726 triumpha-

909 2745 956 2782 lis
1008 2755 1149 2781 currus
1210 2741 1384 2779 habenas
1446 2733 1623 2772 retinue-

908 2806 1044 2841 runt.“
1061 2801 1129 2839 W
1125 2799 1178 2849 r.)
1209 2797 1434 2850 pampineis
1449 2790 1622 2833 habenis,

909 2860 1096 2913 pampino
1133 2853 1426 2896 circumvolutis
1471 2855 1510 2885 et
1548 2847 1622 2883 im—

906 2918 1043 2971 plexis.
