<?xml version="1.0" encoding="UTF-8"?>
<!DOCTYPE html PUBLIC "-//W3C//DTD XHTML 1.0 Transitional//EN"
    "http://www.w3.org/TR/xhtml1/DTD/xhtml1-transitional.dtd">
<html xmlns="http://www.w3.org/1999/xhtml" xml:lang="en" lang="en">
 <head>
  <title>
</title>
<meta http-equiv="Content-Type" content="text/html;charset=utf-8" />
  <meta name='ocr-system' content='tesseract 3.04.00' />
  <meta name='ocr-capabilities' content='ocr_page ocr_carea ocr_par ocr_line ocrx_word'/>
</head>
<body>
  <div class='ocr_page' id='page_1' title='image "./publiusvirgilius02virguoft/publiusvirgilius02virguoft_0442.png"; bbox 0 0 1779 3420; ppageno 0'>
   <div class='ocr_carea' id='block_1_1' title="bbox 97 176 1357 244">
    <p class='ocr_par' dir='ltr' id='par_1_1' title="bbox 97 176 1357 244">
     <span class='ocr_line' id='line_1_1' title="bbox 97 176 1357 244; baseline -0.013 -2"><span class='ocrx_word' id='word_1_1' title='bbox 97 195 199 244; x_wconf 84' lang='lat'><strong>434</strong></span> <span class='ocrx_word' id='word_1_2' title='bbox 331 176 928 237; x_wconf 83' lang='lat' dir='ltr'><strong>EXCURSUS</strong></span> <span class='ocrx_word' id='word_1_3' title='bbox 1000 178 1357 230; x_wconf 85' lang='lat' dir='ltr'><strong>xv1.xvl1</strong></span> 
     </span>
    </p>
   </div>
   <div class='ocr_carea' id='block_1_2' title="bbox 96 305 1604 484">
    <p class='ocr_par' dir='ltr' id='par_1_2' title="bbox 96 305 1604 484">
     <span class='ocr_line' id='line_1_2' title="bbox 101 305 1603 368; baseline -0.014 -7"><span class='ocrx_word' id='word_1_4' title='bbox 101 321 210 361; x_wconf 87' lang='lat'>1068</span> <span class='ocrx_word' id='word_1_5' title='bbox 252 317 364 356; x_wconf 84' lang='lat' dir='ltr'>Idam</span> <span class='ocrx_word' id='word_1_6' title='bbox 408 314 581 368; x_wconf 80' lang='grc' dir='ltr'><strong><em>τέρμονα</em></strong></span> <span class='ocrx_word' id='word_1_7' title='bbox 627 306 881 365; x_wconf 78' lang='grc' dir='ltr'>πρωτοβόλον</span> <span class='ocrx_word' id='word_1_8' title='bbox 917 307 1016 363; x_wconf 76' lang='grc' dir='ltr'><strong>ἁλίῳ</strong></span> <span class='ocrx_word' id='word_1_9' title='bbox 1062 307 1200 345; x_wconf 81' lang='lat' dir='ltr'><strong>eadem</strong></span> <span class='ocrx_word' id='word_1_10' title='bbox 1248 305 1404 344; x_wconf 86' lang='lat' dir='ltr'><strong>ratione</strong></span> <span class='ocrx_word' id='word_1_11' title='bbox 1447 316 1603 342; x_wconf 90' lang='lat' dir='ltr'><strong>memo-</strong></span> 
     </span>
     <span class='ocr_line' id='line_1_3' title="bbox 96 362 1604 416; baseline -0.011 0"><span class='ocrx_word' id='word_1_12' title='bbox 96 383 173 416; x_wconf 86' lang='lat' dir='ltr'><strong>rat.</strong></span> <span class='ocrx_word' id='word_1_13' title='bbox 242 374 500 414; x_wconf 87' lang='lat' dir='ltr'><strong>Grammatici</strong></span> <span class='ocrx_word' id='word_1_14' title='bbox 545 378 676 409; x_wconf 83' lang='lat' dir='ltr'><strong>tamen</strong></span> <span class='ocrx_word' id='word_1_15' title='bbox 722 368 889 405; x_wconf 86' lang='lat' dir='ltr'><strong>alteram</strong></span> <span class='ocrx_word' id='word_1_16' title='bbox 935 365 1045 404; x_wconf 88' lang='lat' dir='ltr'><strong>illam</strong></span> <span class='ocrx_word' id='word_1_17' title='bbox 1099 366 1292 413; x_wconf 87' lang='lat' dir='ltr'><strong>sormam,</strong></span> <span class='ocrx_word' id='word_1_18' title='bbox 1344 363 1415 401; x_wconf 78' lang='lat' dir='ltr'><strong>tibi</strong></span> <span class='ocrx_word' id='word_1_19' title='bbox 1463 362 1604 399; x_wconf 69' lang='lat' dir='ltr'><strong>deserit</strong></span> 
     </span>
     <span class='ocr_line' id='line_1_4' title="bbox 97 421 1603 484; baseline -0.011 -12"><span class='ocrx_word' id='word_1_20' title='bbox 97 437 304 484; x_wconf 60' lang='lat' dir='ltr'><strong>Hes-peras</strong></span> <span class='ocrx_word' id='word_1_21' title='bbox 334 433 477 470; x_wconf 85' lang='lat' dir='ltr'><em>Oetam</em></span> <span class='ocrx_word' id='word_1_22' title='bbox 505 429 593 468; x_wconf 87' lang='lat' dir='ltr'><strong>VIH</strong></span> <span class='ocrx_word' id='word_1_23' title='bbox 619 426 699 465; x_wconf 88' lang='lat' dir='ltr'><strong>Ecl.</strong></span> <span class='ocrx_word' id='word_1_24' title='bbox 723 428 788 467; x_wconf 82' lang='lat'><strong>30.</strong></span> <span class='ocrx_word' id='word_1_25' title='bbox 816 429 1091 477; x_wconf 85' lang='lat' dir='ltr'>comparantes</span> <span class='ocrx_word' id='word_1_26' title='bbox 1112 435 1231 474; x_wconf 90' lang='lat' dir='ltr'><strong>super</strong></span> <span class='ocrx_word' id='word_1_27' title='bbox 1259 421 1328 460; x_wconf 87' lang='lat' dir='ltr'><strong>Ida</strong></span> <span class='ocrx_word' id='word_1_28' title='bbox 1350 425 1603 472; x_wconf 80' lang='lat' dir='ltr'><strong>argutantur.</strong></span> 
     </span>
    </p>
   </div>
   <div class='ocr_carea' id='block_1_3' title="bbox 97 478 1632 543">
    <p class='ocr_par' dir='ltr' id='par_1_3' title="bbox 97 478 1632 543">
     <span class='ocr_line' id='line_1_5' title="bbox 97 478 1632 543; baseline -0.012 -12"><span class='ocrx_word' id='word_1_29' title='bbox 97 493 288 543; x_wconf 86' lang='lat' dir='ltr'><strong>Pompon.</strong></span> <span class='ocrx_word' id='word_1_30' title='bbox 309 490 398 529; x_wconf 85' lang='lat' dir='ltr'><strong>Sab.</strong></span> <span class='ocrx_word' id='word_1_31' title='bbox 420 488 472 526; x_wconf 84' lang='lat' dir='ltr'><strong>ad</strong></span> <span class='ocrx_word' id='word_1_32' title='bbox 493 486 533 527; x_wconf 89' lang='lat' dir='ltr'><strong>h.</strong></span> <span class='ocrx_word' id='word_1_33' title='bbox 559 487 585 524; x_wconf 94' lang='lat' dir='ltr'><strong>l.</strong></span> <span class='ocrx_word' id='word_1_34' title='bbox 607 482 808 522; x_wconf 75' lang='lat' dir='ltr'><em>Describit</em></span> <span class='ocrx_word' id='word_1_35' title='bbox 834 483 961 531; x_wconf 76' lang='lat' dir='ltr'><strong>diem,</strong></span> <span class='ocrx_word' id='word_1_36' title='bbox 1004 495 1095 519; x_wconf 75' lang='lat' dir='ltr'><strong>cam</strong></span> <span class='ocrx_word' id='word_1_37' title='bbox 1113 482 1174 518; x_wconf 73' lang='lat' dir='ltr'><strong>soc</strong></span> <span class='ocrx_word' id='word_1_38' title='bbox 1194 482 1236 517; x_wconf 78' lang='grc' dir='ltr'><strong>ιἰι</strong></span> <span class='ocrx_word' id='word_1_39' title='bbox 1257 481 1377 518; x_wconf 81' lang='lat' dir='ltr'><strong>ariete</strong></span> <span class='ocrx_word' id='word_1_40' title='bbox 1397 486 1453 516; x_wconf 82' lang='lat' dir='ltr'><strong>est</strong></span> <span class='ocrx_word' id='word_1_41' title='bbox 1468 507 1479 525; x_wconf 94' lang='lat'><strong>,</strong></span> <span class='ocrx_word' id='word_1_42' title='bbox 1521 485 1606 514; x_wconf 80' lang='lat' dir='ltr'><strong>tum</strong></span> <span class='ocrx_word' id='word_1_43' title='bbox 1628 478 1632 482; x_wconf 62' lang='lat'><em>⁴</em></span> 
     </span>
    </p>
   </div>
   <div class='ocr_carea' id='block_1_4' title="bbox 98 534 1609 1348">
    <p class='ocr_par' dir='ltr' id='par_1_4' title="bbox 98 534 1609 1348">
     <span class='ocr_line' id='line_1_6' title="bbox 98 534 1605 589; baseline -0.011 -1"><span class='ocrx_word' id='word_1_44' title='bbox 98 550 255 588; x_wconf 64' lang='lat' dir='ltr'><strong>videtur</strong></span> <span class='ocrx_word' id='word_1_45' title='bbox 275 549 368 585; x_wconf 73' lang='lat' dir='ltr'><strong>oriri</strong></span> <span class='ocrx_word' id='word_1_46' title='bbox 389 561 408 583; x_wconf 87' lang='lat' dir='ltr'><strong>e</strong></span> <span class='ocrx_word' id='word_1_47' title='bbox 430 544 635 583; x_wconf 77' lang='lat' dir='ltr'><em>cacumine</em></span> <span class='ocrx_word' id='word_1_48' title='bbox 659 541 802 578; x_wconf 77' lang='lat' dir='ltr'><strong>montis</strong></span> <span class='ocrx_word' id='word_1_49' title='bbox 827 540 942 577; x_wconf 83' lang='lat' dir='ltr'><strong>ldae.</strong></span> <span class='ocrx_word' id='word_1_50' title='bbox 1005 540 1117 589; x_wconf 76' lang='lat' dir='ltr'><strong>Ergo</strong></span> <span class='ocrx_word' id='word_1_51' title='bbox 1146 546 1182 575; x_wconf 81' lang='lat' dir='ltr'><strong>et</strong></span> <span class='ocrx_word' id='word_1_52' title='bbox 1204 551 1334 574; x_wconf 81' lang='lat' dir='ltr'><strong>mense</strong></span> <span class='ocrx_word' id='word_1_53' title='bbox 1354 537 1511 574; x_wconf 81' lang='lat' dir='ltr'><strong>Martio</strong></span> <span class='ocrx_word' id='word_1_54' title='bbox 1538 534 1605 570; x_wconf 78' lang='lat' dir='ltr'><strong>cli-</strong></span> 
     </span>
     <span class='ocr_line' id='line_1_7' title="bbox 98 592 1604 658; baseline -0.011 -13"><span class='ocrx_word' id='word_1_55' title='bbox 98 606 352 658; x_wconf 73' lang='lat' dir='ltr'><strong>reptajuerit</strong></span> <span class='ocrx_word' id='word_1_56' title='bbox 385 604 518 641; x_wconf 75' lang='lat' dir='ltr'><em>Troia.</em></span> <span class='ocrx_word' id='word_1_57' title='bbox 577 600 634 637; x_wconf 93' lang='lat' dir='ltr'><strong>De</strong></span> <span class='ocrx_word' id='word_1_58' title='bbox 653 597 733 636; x_wconf 85' lang='lat' dir='ltr'><strong>hoe</strong></span> <span class='ocrx_word' id='word_1_59' title='bbox 759 597 943 648; x_wconf 88' lang='lat' dir='ltr'><strong>quidem,</strong></span> <span class='ocrx_word' id='word_1_60' title='bbox 986 596 1093 646; x_wconf 90' lang='lat' dir='ltr'><strong>quod</strong></span> <span class='ocrx_word' id='word_1_61' title='bbox 1124 595 1266 632; x_wconf 90' lang='lat' dir='ltr'><strong>ultimo</strong></span> <span class='ocrx_word' id='word_1_62' title='bbox 1296 593 1383 632; x_wconf 94' lang='lat' dir='ltr'><strong>loco</strong></span> <span class='ocrx_word' id='word_1_63' title='bbox 1413 592 1604 645; x_wconf 83' lang='lat' dir='ltr'><strong>positum,</strong></span> 
     </span>
     <span class='ocr_line' id='line_1_8' title="bbox 99 648 1607 702; baseline -0.011 1"><span class='ocrx_word' id='word_1_64' title='bbox 99 665 213 702; x_wconf 84' lang='lat' dir='ltr'><strong>aliter</strong></span> <span class='ocrx_word' id='word_1_65' title='bbox 235 661 489 701; x_wconf 84' lang='lat' dir='ltr'><strong>tradiderant</strong></span> <span class='ocrx_word' id='word_1_66' title='bbox 508 663 680 696; x_wconf 83' lang='lat' dir='ltr'><strong>veteres:</strong></span> <span class='ocrx_word' id='word_1_67' title='bbox 722 669 761 693; x_wconf 86' lang='lat' dir='ltr'><strong>v.</strong></span> <span class='ocrx_word' id='word_1_68' title='bbox 795 656 1020 693; x_wconf 84' lang='lat' dir='ltr'><strong>Exeursum</strong></span> <span class='ocrx_word' id='word_1_69' title='bbox 1047 653 1097 690; x_wconf 91' lang='lat' dir='ltr'><strong>ad</strong></span> <span class='ocrx_word' id='word_1_70' title='bbox 1124 652 1190 690; x_wconf 92' lang='lat' dir='ltr'><strong>lib.</strong></span> <span class='ocrx_word' id='word_1_71' title='bbox 1218 652 1269 689; x_wconf 86' lang='lat'><strong>111</strong></span> <span class='ocrx_word' id='word_1_72' title='bbox 1297 651 1423 702; x_wconf 86' lang='lat' dir='ltr'><strong>princ.</strong></span> <span class='ocrx_word' id='word_1_73' title='bbox 1483 648 1607 697; x_wconf 87' lang='lat' dir='ltr'><strong>Quod</strong></span> 
     </span>
     <span class='ocr_line' id='line_1_9' title="bbox 100 708 1607 774; baseline -0.011 -14"><span class='ocrx_word' id='word_1_74' title='bbox 100 722 152 760; x_wconf 80' lang='lat' dir='ltr'><strong>ad</strong></span> <span class='ocrx_word' id='word_1_75' title='bbox 176 722 286 774; x_wconf 87' lang='lat' dir='ltr'><strong>prius</strong></span> <span class='ocrx_word' id='word_1_76' title='bbox 308 718 410 757; x_wconf 91' lang='lat' dir='ltr'><strong>illud</strong></span> <span class='ocrx_word' id='word_1_77' title='bbox 436 717 594 764; x_wconf 78' lang='lat' dir='ltr'>attinet,</span> <span class='ocrx_word' id='word_1_78' title='bbox 630 728 680 751; x_wconf 88' lang='lat' dir='ltr'><strong>an</strong></span> <span class='ocrx_word' id='word_1_79' title='bbox 701 726 842 751; x_wconf 86' lang='lat' dir='ltr'><strong>verum</strong></span> <span class='ocrx_word' id='word_1_80' title='bbox 864 713 915 750; x_wconf 89' lang='lat' dir='ltr'><strong>sit</strong></span> <span class='ocrx_word' id='word_1_81' title='bbox 930 711 992 759; x_wconf 87' lang='lat' dir='ltr'><strong>id,</strong></span> <span class='ocrx_word' id='word_1_82' title='bbox 1024 710 1132 761; x_wconf 86' lang='lat' dir='ltr'><strong>quod</strong></span> <span class='ocrx_word' id='word_1_83' title='bbox 1154 709 1249 747; x_wconf 86' lang='lat' dir='ltr'><strong>satis</strong></span> <span class='ocrx_word' id='word_1_84' title='bbox 1268 708 1466 746; x_wconf 72' lang='lat' dir='ltr'>subtiliter</span> <span class='ocrx_word' id='word_1_85' title='bbox 1489 720 1607 744; x_wconf 89' lang='lat' dir='ltr'><strong>enar-</strong></span> 
     </span>
     <span class='ocr_line' id='line_1_10' title="bbox 98 764 1607 823; baseline -0.01 -6"><span class='ocrx_word' id='word_1_86' title='bbox 98 785 163 817; x_wconf 87' lang='lat' dir='ltr'><strong>rat</strong></span> <span class='ocrx_word' id='word_1_87' title='bbox 187 776 502 823; x_wconf 79' lang='lat' dir='ltr'><strong>Grammaticus,</strong></span> <span class='ocrx_word' id='word_1_88' title='bbox 544 772 688 811; x_wconf 87' lang='lat' dir='ltr'><strong>neseio.</strong></span> <span class='ocrx_word' id='word_1_89' title='bbox 747 770 802 810; x_wconf 90' lang='lat' dir='ltr'><strong>At</strong></span> <span class='ocrx_word' id='word_1_90' title='bbox 817 770 918 808; x_wconf 87' lang='lat' dir='ltr'><strong>illud</strong></span> <span class='ocrx_word' id='word_1_91' title='bbox 942 769 1036 806; x_wconf 88' lang='lat' dir='ltr'><strong>satis</strong></span> <span class='ocrx_word' id='word_1_92' title='bbox 1064 773 1232 816; x_wconf 86' lang='lat' dir='ltr'><strong>constat,</strong></span> <span class='ocrx_word' id='word_1_93' title='bbox 1264 773 1424 818; x_wconf 89' lang='lat' dir='ltr'><strong>poetam</strong></span> <span class='ocrx_word' id='word_1_94' title='bbox 1448 779 1531 803; x_wconf 90' lang='lat' dir='ltr'><strong>non</strong></span> <span class='ocrx_word' id='word_1_95' title='bbox 1557 764 1607 802; x_wconf 86' lang='lat' dir='ltr'><strong>de</strong></span> 
     </span>
     <span class='ocr_line' id='line_1_11' title="bbox 100 822 1609 885; baseline -0.011 -10"><span class='ocrx_word' id='word_1_96' title='bbox 100 837 211 885; x_wconf 91' lang='lat' dir='ltr'><strong>Sole,</strong></span> <span class='ocrx_word' id='word_1_97' title='bbox 244 835 311 873; x_wconf 89' lang='lat' dir='ltr'><strong>sed</strong></span> <span class='ocrx_word' id='word_1_98' title='bbox 335 833 382 872; x_wconf 86' lang='lat' dir='ltr'><strong>de</strong></span> <span class='ocrx_word' id='word_1_99' title='bbox 404 831 567 870; x_wconf 88' lang='lat' dir='ltr'><strong>Veneris</strong></span> <span class='ocrx_word' id='word_1_100' title='bbox 595 829 707 868; x_wconf 73' lang='lat' dir='ltr'><strong>stella</strong></span> <span class='ocrx_word' id='word_1_101' title='bbox 729 828 852 879; x_wconf 90' lang='lat' dir='ltr'><strong>loqui.</strong></span> <span class='ocrx_word' id='word_1_102' title='bbox 911 826 1033 865; x_wconf 85' lang='lat' dir='ltr'><strong>Aliud</strong></span> <span class='ocrx_word' id='word_1_103' title='bbox 1068 827 1173 864; x_wconf 89' lang='lat' dir='ltr'><strong>cirea</strong></span> <span class='ocrx_word' id='word_1_104' title='bbox 1200 825 1291 863; x_wconf 89' lang='lat' dir='ltr'><strong>solis</strong></span> <span class='ocrx_word' id='word_1_105' title='bbox 1321 830 1456 862; x_wconf 88' lang='lat' dir='ltr'><strong>ortum</strong></span> <span class='ocrx_word' id='word_1_106' title='bbox 1483 822 1609 875; x_wconf 75' lang='lat' dir='ltr'><strong>phae-</strong></span> 
     </span>
     <span class='ocr_line' id='line_1_12' title="bbox 100 880 1607 934; baseline -0.01 -2"><span class='ocrx_word' id='word_1_107' title='bbox 100 907 297 933; x_wconf 88' lang='lat' dir='ltr'><strong>nomenon</strong></span> <span class='ocrx_word' id='word_1_108' title='bbox 317 895 561 929; x_wconf 84' lang='lat' dir='ltr'><strong>memoratur</strong></span> <span class='ocrx_word' id='word_1_109' title='bbox 591 901 641 925; x_wconf 83' lang='lat' dir='ltr'><strong>ex</strong></span> <span class='ocrx_word' id='word_1_110' title='bbox 663 893 799 925; x_wconf 89' lang='lat' dir='ltr'><strong>monte</strong></span> <span class='ocrx_word' id='word_1_111' title='bbox 827 885 921 934; x_wconf 84' lang='lat' dir='ltr'><strong>Ida,</strong></span> <span class='ocrx_word' id='word_1_112' title='bbox 961 884 1031 923; x_wconf 90' lang='lat' dir='ltr'><strong>sed</strong></span> <span class='ocrx_word' id='word_1_113' title='bbox 1059 898 1141 922; x_wconf 88' lang='lat' dir='ltr'><strong>non</strong></span> <span class='ocrx_word' id='word_1_114' title='bbox 1166 883 1240 921; x_wconf 89' lang='lat' dir='ltr'><strong>nisi</strong></span> <span class='ocrx_word' id='word_1_115' title='bbox 1270 882 1374 920; x_wconf 82' lang='lat' dir='ltr'><strong>circa</strong></span> <span class='ocrx_word' id='word_1_116' title='bbox 1399 880 1607 919; x_wconf 85' lang='lat' dir='ltr'>Caniculae</span> 
     </span>
     <span class='ocr_line' id='line_1_13' title="bbox 101 938 1608 1001; baseline -0.01 -12"><span class='ocrx_word' id='word_1_117' title='bbox 101 959 256 1000; x_wconf 82' lang='lat' dir='ltr'><strong>ortum,</strong></span> <span class='ocrx_word' id='word_1_118' title='bbox 288 947 395 1001; x_wconf 85' lang='lat' dir='ltr'><strong>apud</strong></span> <span class='ocrx_word' id='word_1_119' title='bbox 415 947 576 985; x_wconf 84' lang='lat' dir='ltr'><strong>Diodor.</strong></span> <span class='ocrx_word' id='word_1_120' title='bbox 607 944 732 994; x_wconf 82' lang='lat' dir='ltr'>XVII,</span> <span class='ocrx_word' id='word_1_121' title='bbox 764 947 802 986; x_wconf 88' lang='lat'><strong>7.</strong></span> <span class='ocrx_word' id='word_1_122' title='bbox 826 950 866 981; x_wconf 89' lang='lat' dir='ltr'><strong>et</strong></span> <span class='ocrx_word' id='word_1_123' title='bbox 888 944 1044 981; x_wconf 83' lang='lat' dir='ltr'><strong>Lucret.</strong></span> <span class='ocrx_word' id='word_1_124' title='bbox 1077 943 1124 992; x_wconf 91' lang='lat' dir='ltr'><strong>V,</strong></span> <span class='ocrx_word' id='word_1_125' title='bbox 1155 944 1239 984; x_wconf 79' lang='lat'><strong>662</strong></span> <span class='ocrx_word' id='word_1_126' title='bbox 1259 954 1342 991; x_wconf 84' lang='lat' dir='ltr'><strong>sqq.</strong></span> <span class='ocrx_word' id='word_1_127' title='bbox 1382 939 1476 978; x_wconf 89' lang='lat' dir='ltr'><strong>vide</strong></span> <span class='ocrx_word' id='word_1_128' title='bbox 1497 938 1608 977; x_wconf 87' lang='lat' dir='ltr'><strong>Voss.</strong></span> 
     </span>
     <span class='ocr_line' id='line_1_14' title="bbox 101 996 1608 1054; baseline -0.01 -7"><span class='ocrx_word' id='word_1_129' title='bbox 101 1010 151 1047; x_wconf 83' lang='lat' dir='ltr'><strong>ad</strong></span> <span class='ocrx_word' id='word_1_130' title='bbox 171 1009 313 1047; x_wconf 76' lang='lat' dir='ltr'><strong>Melam</strong></span> <span class='ocrx_word' id='word_1_131' title='bbox 339 1006 406 1044; x_wconf 90' lang='lat' dir='ltr'><strong>lib.</strong></span> <span class='ocrx_word' id='word_1_132' title='bbox 435 1005 463 1054; x_wconf 86' lang='lat' dir='ltr'><strong>I,</strong></span> <span class='ocrx_word' id='word_1_133' title='bbox 495 1018 528 1042; x_wconf 87' lang='lat' dir='ltr'><strong>e.</strong></span> <span class='ocrx_word' id='word_1_134' title='bbox 559 1006 624 1045; x_wconf 87' lang='grc'><strong>18.</strong></span> <span class='ocrx_word' id='word_1_135' title='bbox 655 1002 894 1053; x_wconf 76' lang='lat' dir='ltr'><strong>Luciferum</strong></span> <span class='ocrx_word' id='word_1_136' title='bbox 935 1007 1089 1048; x_wconf 85' lang='lat' dir='ltr'><strong>autem,</strong></span> <span class='ocrx_word' id='word_1_137' title='bbox 1132 1013 1201 1037; x_wconf 90' lang='lat' dir='ltr'><strong>seu</strong></span> <span class='ocrx_word' id='word_1_138' title='bbox 1238 997 1401 1036; x_wconf 84' lang='lat' dir='ltr'><strong>Veneris</strong></span> <span class='ocrx_word' id='word_1_139' title='bbox 1441 996 1608 1043; x_wconf 89' lang='lat' dir='ltr'><strong>stellam,</strong></span> 
     </span>
     <span class='ocr_line' id='line_1_15' title="bbox 100 1055 1609 1114; baseline -0.009 -11"><span class='ocrx_word' id='word_1_140' title='bbox 100 1067 217 1105; x_wconf 86' lang='lat' dir='ltr'><strong>etiam</strong></span> <span class='ocrx_word' id='word_1_141' title='bbox 246 1078 336 1102; x_wconf 86' lang='lat' dir='ltr'><strong>cum</strong></span> <span class='ocrx_word' id='word_1_142' title='bbox 357 1070 542 1114; x_wconf 87' lang='lat' dir='ltr'><strong>respectu</strong></span> <span class='ocrx_word' id='word_1_143' title='bbox 559 1061 715 1101; x_wconf 83' lang='lat' dir='ltr'><strong>fabulae</strong></span> <span class='ocrx_word' id='word_1_144' title='bbox 731 1072 967 1097; x_wconf 85' lang='lat' dir='ltr'>memorasse</span> <span class='ocrx_word' id='word_1_145' title='bbox 985 1058 1144 1097; x_wconf 82' lang='lat' dir='ltr'><strong>videtur</strong></span> <span class='ocrx_word' id='word_1_146' title='bbox 1163 1071 1184 1094; x_wconf 89' lang='lat' dir='ltr'><strong>a</strong></span> <span class='ocrx_word' id='word_1_147' title='bbox 1207 1056 1346 1094; x_wconf 80' lang='lat' dir='ltr'><strong>Servio</strong></span> <span class='ocrx_word' id='word_1_148' title='bbox 1372 1061 1411 1093; x_wconf 89' lang='lat' dir='ltr'><strong>et</strong></span> <span class='ocrx_word' id='word_1_149' title='bbox 1431 1055 1609 1093; x_wconf 82' lang='lat' dir='ltr'><strong>varrone</strong></span> 
     </span>
     <span class='ocr_line' id='line_1_16' title="bbox 99 1113 1608 1164; baseline -0.009 -2"><span class='ocrx_word' id='word_1_150' title='bbox 99 1124 293 1162; x_wconf 82' lang='lat' dir='ltr'><strong>laudatae.</strong></span> <span class='ocrx_word' id='word_1_151' title='bbox 363 1120 523 1159; x_wconf 78' lang='lat' dir='ltr'><strong>Stellam</strong></span> <span class='ocrx_word' id='word_1_152' title='bbox 561 1119 664 1157; x_wconf 88' lang='lat' dir='ltr'><strong>enim</strong></span> <span class='ocrx_word' id='word_1_153' title='bbox 695 1118 802 1156; x_wconf 85' lang='lat' dir='ltr'><strong>illam</strong></span> <span class='ocrx_word' id='word_1_154' title='bbox 830 1117 878 1154; x_wconf 89' lang='lat' dir='ltr'><strong>ab</strong></span> <span class='ocrx_word' id='word_1_155' title='bbox 917 1116 1068 1164; x_wconf 85' lang='lat' dir='ltr'><strong>Aenea,</strong></span> <span class='ocrx_word' id='word_1_156' title='bbox 1118 1115 1245 1153; x_wconf 89' lang='lat' dir='ltr'><strong>donec</strong></span> <span class='ocrx_word' id='word_1_157' title='bbox 1282 1114 1334 1151; x_wconf 82' lang='lat' dir='ltr'><strong>ad</strong></span> <span class='ocrx_word' id='word_1_158' title='bbox 1370 1113 1608 1150; x_wconf 83' lang='lat' dir='ltr'><strong>Laurentem</strong></span> 
     </span>
     <span class='ocr_line' id='line_1_17' title="bbox 101 1169 1608 1233; baseline -0.009 -14"><span class='ocrx_word' id='word_1_159' title='bbox 101 1195 236 1233; x_wconf 74' lang='lat' dir='ltr'><strong>agrum</strong></span> <span class='ocrx_word' id='word_1_160' title='bbox 266 1180 459 1227; x_wconf 71' lang='lat' dir='ltr'><strong>venisset,</strong></span> <span class='ocrx_word' id='word_1_161' title='bbox 499 1190 653 1229; x_wconf 85' lang='lat' dir='ltr'><strong>semper</strong></span> <span class='ocrx_word' id='word_1_162' title='bbox 679 1176 797 1213; x_wconf 85' lang='lat' dir='ltr'><strong>fuisse</strong></span> <span class='ocrx_word' id='word_1_163' title='bbox 823 1175 971 1223; x_wconf 82' lang='lat' dir='ltr'><strong>visam,</strong></span> <span class='ocrx_word' id='word_1_164' title='bbox 1011 1180 1220 1211; x_wconf 86' lang='lat' dir='ltr'><strong>narratum</strong></span> <span class='ocrx_word' id='word_1_165' title='bbox 1250 1178 1320 1210; x_wconf 84' lang='lat' dir='ltr'><strong>est.</strong></span> <span class='ocrx_word' id='word_1_166' title='bbox 1363 1171 1410 1211; x_wconf 86' lang='lat' dir='ltr'><strong>cf.</strong></span> <span class='ocrx_word' id='word_1_167' title='bbox 1439 1169 1608 1220; x_wconf 90' lang='lat' dir='ltr'><strong>Disquis.</strong></span> 
     </span>
     <span class='ocr_line' id='line_1_18' title="bbox 100 1228 1609 1286; baseline -0.009 -9"><span class='ocrx_word' id='word_1_168' title='bbox 100 1240 147 1278; x_wconf 86' lang='grc' dir='ltr'><strong>ΙΙ.</strong></span> <span class='ocrx_word' id='word_1_169' title='bbox 177 1253 206 1276; x_wconf 82' lang='lat' dir='ltr'><strong>S.</strong></span> <span class='ocrx_word' id='word_1_170' title='bbox 244 1237 325 1275; x_wconf 88' lang='lat' dir='ltr'><strong>Vll.</strong></span> <span class='ocrx_word' id='word_1_171' title='bbox 386 1237 455 1273; x_wconf 83' lang='lat' dir='ltr'><strong>Est</strong></span> <span class='ocrx_word' id='word_1_172' title='bbox 495 1236 626 1286; x_wconf 82' lang='lat' dir='ltr'><strong>aliqua</strong></span> <span class='ocrx_word' id='word_1_173' title='bbox 664 1239 875 1285; x_wconf 87' lang='lat' dir='ltr'><strong>poetarum</strong></span> <span class='ocrx_word' id='word_1_174' title='bbox 917 1246 981 1270; x_wconf 82' lang='lat' dir='ltr'><strong>ars</strong></span> <span class='ocrx_word' id='word_1_175' title='bbox 1022 1231 1139 1269; x_wconf 84' lang='lat' dir='ltr'><strong>etiam</strong></span> <span class='ocrx_word' id='word_1_176' title='bbox 1177 1230 1217 1268; x_wconf 92' lang='lat' dir='ltr'><strong>in</strong></span> <span class='ocrx_word' id='word_1_177' title='bbox 1248 1228 1332 1278; x_wconf 82' lang='lat' dir='ltr'><strong>his,</strong></span> <span class='ocrx_word' id='word_1_178' title='bbox 1376 1228 1440 1266; x_wconf 87' lang='lat' dir='ltr'><strong>cui</strong></span> <span class='ocrx_word' id='word_1_179' title='bbox 1476 1233 1609 1265; x_wconf 84' lang='lat' dir='ltr'><strong>tamen</strong></span> 
     </span>
     <span class='ocr_line' id='line_1_19' title="bbox 100 1292 743 1348; baseline -0.009 -13"><span class='ocrx_word' id='word_1_180' title='bbox 100 1296 306 1348; x_wconf 83' lang='lat' dir='ltr'><strong>indulgere</strong></span> <span class='ocrx_word' id='word_1_181' title='bbox 345 1293 563 1332; x_wconf 89' lang='lat' dir='ltr'><strong>admodum</strong></span> <span class='ocrx_word' id='word_1_182' title='bbox 606 1292 743 1330; x_wconf 89' lang='lat' dir='ltr'><strong>nolim.</strong></span> 
     </span>
    </p>
   </div>
   <div class='ocr_carea' id='block_1_5' title="bbox 422 1573 1274 1633">
    <p class='ocr_par' dir='ltr' id='par_1_5' title="bbox 422 1573 1274 1633">
     <span class='ocr_line' id='line_1_20' title="bbox 422 1573 1274 1633; baseline -0.005 0"><span class='ocrx_word' id='word_1_183' title='bbox 422 1574 1004 1633; x_wconf 86' lang='lat' dir='ltr'><strong>EXCURSUS</strong></span> <span class='ocrx_word' id='word_1_184' title='bbox 1071 1573 1274 1630; x_wconf 92' lang='lat' dir='ltr'>XVII</span> 
     </span>
    </p>
   </div>
   <div class='ocr_carea' id='block_1_6' title="bbox 162 1686 1554 1746">
    <p class='ocr_par' dir='ltr' id='par_1_6' title="bbox 162 1686 1554 1746">
     <span class='ocr_line' id='line_1_21' title="bbox 162 1686 1554 1746; baseline -0.006 -13"><span class='ocrx_word' id='word_1_185' title='bbox 162 1691 235 1733; x_wconf 88' lang='lat' dir='ltr'><strong>De</strong></span> <span class='ocrx_word' id='word_1_186' title='bbox 264 1691 446 1733; x_wconf 81' lang='lat' dir='ltr'><strong>Aeneae</strong></span> <span class='ocrx_word' id='word_1_187' title='bbox 477 1691 674 1733; x_wconf 71' lang='lat' dir='ltr'><strong>discessu</strong></span> <span class='ocrx_word' id='word_1_188' title='bbox 704 1706 756 1732; x_wconf 72' lang='lat' dir='ltr'><strong>ex</strong></span> <span class='ocrx_word' id='word_1_189' title='bbox 786 1688 918 1739; x_wconf 75' lang='lat' dir='ltr'><strong>urbe5</strong></span> <span class='ocrx_word' id='word_1_190' title='bbox 957 1689 1133 1746; x_wconf 77' lang='lat' dir='ltr'><strong>eiusque</strong></span> <span class='ocrx_word' id='word_1_191' title='bbox 1156 1695 1297 1745; x_wconf 75' lang='lat' dir='ltr'><strong>patre</strong></span> <span class='ocrx_word' id='word_1_192' title='bbox 1328 1693 1370 1728; x_wconf 77' lang='lat' dir='ltr'><strong>et</strong></span> <span class='ocrx_word' id='word_1_193' title='bbox 1401 1686 1554 1741; x_wconf 75' lang='lat' dir='ltr'><strong>stirpe.</strong></span> 
     </span>
    </p>
   </div>
   <div class='ocr_carea' id='block_1_7' title="bbox 105 1802 1621 2948">
    <p class='ocr_par' dir='ltr' id='par_1_7' title="bbox 105 1802 1613 2146">
     <span class='ocr_line' id='line_1_22' title="bbox 218 1802 1613 1858; baseline -0.004 -14"><span class='ocrx_word' id='word_1_194' title='bbox 218 1807 253 1844; x_wconf 81' lang='grc' dir='ltr'><strong>ΙΙ</strong></span> <span class='ocrx_word' id='word_1_195' title='bbox 285 1806 359 1844; x_wconf 86' lang='lat' dir='ltr'><strong>sub</strong></span> <span class='ocrx_word' id='word_1_196' title='bbox 391 1806 456 1844; x_wconf 84' lang='lat' dir='ltr'><strong>fin.</strong></span> <span class='ocrx_word' id='word_1_197' title='bbox 498 1806 663 1858; x_wconf 88' lang='lat' dir='ltr'><strong>Copiose</strong></span> <span class='ocrx_word' id='word_1_198' title='bbox 693 1812 733 1844; x_wconf 88' lang='lat' dir='ltr'><strong>et</strong></span> <span class='ocrx_word' id='word_1_199' title='bbox 757 1811 896 1844; x_wconf 89' lang='lat' dir='ltr'><strong>ornate</strong></span> <span class='ocrx_word' id='word_1_200' title='bbox 918 1811 1074 1857; x_wconf 88' lang='lat' dir='ltr'><strong>poetam</strong></span> <span class='ocrx_word' id='word_1_201' title='bbox 1096 1805 1178 1841; x_wconf 85' lang='lat' dir='ltr'><strong>fata</strong></span> <span class='ocrx_word' id='word_1_202' title='bbox 1203 1810 1242 1840; x_wconf 87' lang='lat' dir='ltr'><strong>et</strong></span> <span class='ocrx_word' id='word_1_203' title='bbox 1271 1804 1375 1840; x_wconf 85' lang='lat' dir='ltr'><strong>sacta</strong></span> <span class='ocrx_word' id='word_1_204' title='bbox 1398 1802 1554 1841; x_wconf 87' lang='lat' dir='ltr'><strong>Aeneae</strong></span> <span class='ocrx_word' id='word_1_205' title='bbox 1570 1802 1613 1839; x_wconf 89' lang='lat' dir='ltr'><strong>in</strong></span> 
     </span>
     <span class='ocr_line' id='line_1_23' title="bbox 106 1863 1612 1918; baseline -0.004 -15"><span class='ocrx_word' id='word_1_206' title='bbox 106 1867 190 1918; x_wconf 88' lang='lat' dir='ltr'><strong>ipso</strong></span> <span class='ocrx_word' id='word_1_207' title='bbox 216 1864 358 1902; x_wconf 85' lang='lat' dir='ltr'><strong>Troiae</strong></span> <span class='ocrx_word' id='word_1_208' title='bbox 388 1864 543 1902; x_wconf 82' lang='lat' dir='ltr'><strong>excidio</strong></span> <span class='ocrx_word' id='word_1_209' title='bbox 575 1877 775 1915; x_wconf 81' lang='lat' dir='ltr'><strong>exponere</strong></span> <span class='ocrx_word' id='word_1_210' title='bbox 804 1863 991 1901; x_wconf 85' lang='lat' dir='ltr'><strong>vidimus.</strong></span> <span class='ocrx_word' id='word_1_211' title='bbox 1050 1863 1103 1900; x_wconf 88' lang='lat' dir='ltr'><strong>Ut</strong></span> <span class='ocrx_word' id='word_1_212' title='bbox 1120 1867 1253 1899; x_wconf 86' lang='lat' dir='ltr'><strong>tamen</strong></span> <span class='ocrx_word' id='word_1_213' title='bbox 1278 1867 1485 1913; x_wconf 85' lang='lat' dir='ltr'><strong>appareat,</strong></span> <span class='ocrx_word' id='word_1_214' title='bbox 1515 1874 1612 1912; x_wconf 87' lang='lat' dir='ltr'><strong>par-</strong></span> 
     </span>
     <span class='ocr_line' id='line_1_24' title="bbox 105 1918 1613 1972; baseline -0.005 -11"><span class='ocrx_word' id='word_1_215' title='bbox 105 1924 179 1962; x_wconf 87' lang='lat' dir='ltr'><strong>tim</strong></span> <span class='ocrx_word' id='word_1_216' title='bbox 202 1921 302 1960; x_wconf 84' lang='lat' dir='ltr'><strong>haec</strong></span> <span class='ocrx_word' id='word_1_217' title='bbox 320 1922 478 1959; x_wconf 86' lang='lat' dir='ltr'><strong>minime</strong></span> <span class='ocrx_word' id='word_1_218' title='bbox 499 1928 655 1972; x_wconf 86' lang='lat' dir='ltr'><strong>poetam</strong></span> <span class='ocrx_word' id='word_1_219' title='bbox 684 1918 832 1959; x_wconf 81' lang='lat' dir='ltr'><strong>temere</strong></span> <span class='ocrx_word' id='word_1_220' title='bbox 871 1927 910 1959; x_wconf 87' lang='lat' dir='ltr'><strong>et</strong></span> <span class='ocrx_word' id='word_1_221' title='bbox 933 1921 984 1958; x_wconf 88' lang='lat' dir='ltr'><strong>ad</strong></span> <span class='ocrx_word' id='word_1_222' title='bbox 1013 1920 1217 1958; x_wconf 85' lang='lat' dir='ltr'><strong>libidinem</strong></span> <span class='ocrx_word' id='word_1_223' title='bbox 1243 1919 1424 1967; x_wconf 75' lang='lat' dir='ltr'><strong>finxisse,</strong></span> <span class='ocrx_word' id='word_1_224' title='bbox 1465 1918 1613 1970; x_wconf 84' lang='lat' dir='ltr'><strong>partim</strong></span> 
     </span>
     <span class='ocr_line' id='line_1_25' title="bbox 106 1976 1613 2032; baseline -0.003 -15"><span class='ocrx_word' id='word_1_225' title='bbox 106 1995 185 2032; x_wconf 90' lang='lat' dir='ltr'><strong>quo</strong></span> <span class='ocrx_word' id='word_1_226' title='bbox 205 1980 269 2018; x_wconf 90' lang='lat' dir='ltr'><strong>ille</strong></span> <span class='ocrx_word' id='word_1_227' title='bbox 292 1979 438 2017; x_wconf 83' lang='lat' dir='ltr'><strong>iudicio</strong></span> <span class='ocrx_word' id='word_1_228' title='bbox 470 1979 574 2016; x_wconf 87' lang='lat' dir='ltr'><strong>inter</strong></span> <span class='ocrx_word' id='word_1_229' title='bbox 602 1980 735 2031; x_wconf 83' lang='lat' dir='ltr'><strong>plures</strong></span> <span class='ocrx_word' id='word_1_230' title='bbox 763 1980 1008 2017; x_wconf 81' lang='lat' dir='ltr'><strong>narrationes</strong></span> <span class='ocrx_word' id='word_1_231' title='bbox 1035 1991 1141 2026; x_wconf 85' lang='lat' dir='ltr'><strong>eam,</strong></span> <span class='ocrx_word' id='word_1_232' title='bbox 1182 1991 1282 2027; x_wconf 87' lang='lat' dir='ltr'><strong>quae</strong></span> <span class='ocrx_word' id='word_1_233' title='bbox 1315 1977 1386 2014; x_wconf 88' lang='lat' dir='ltr'><strong>sibi</strong></span> <span class='ocrx_word' id='word_1_234' title='bbox 1409 1976 1613 2015; x_wconf 89' lang='lat' dir='ltr'><strong>utilissima</strong></span> 
     </span>
     <span class='ocr_line' id='line_1_26' title="bbox 107 2034 1613 2088; baseline -0.003 -12"><span class='ocrx_word' id='word_1_235' title='bbox 107 2044 214 2086; x_wconf 82' lang='lat' dir='ltr'><strong>erat,</strong></span> <span class='ocrx_word' id='word_1_236' title='bbox 244 2037 449 2088; x_wconf 76' lang='lat' dir='ltr'><strong>amplexus</strong></span> <span class='ocrx_word' id='word_1_237' title='bbox 473 2037 546 2084; x_wconf 88' lang='lat' dir='ltr'><strong>sit,</strong></span> <span class='ocrx_word' id='word_1_238' title='bbox 579 2049 623 2074; x_wconf 81' lang='lat' dir='ltr'><strong>ea</strong></span> <span class='ocrx_word' id='word_1_239' title='bbox 642 2037 838 2084; x_wconf 85' lang='lat' dir='ltr'><strong>breviter,</strong></span> <span class='ocrx_word' id='word_1_240' title='bbox 871 2049 972 2088; x_wconf 84' lang='lat' dir='ltr'><strong>quae</strong></span> <span class='ocrx_word' id='word_1_241' title='bbox 1004 2036 1052 2074; x_wconf 88' lang='lat' dir='ltr'><strong>ab</strong></span> <span class='ocrx_word' id='word_1_242' title='bbox 1082 2036 1165 2073; x_wconf 88' lang='lat' dir='ltr'><strong>aliis</strong></span> <span class='ocrx_word' id='word_1_243' title='bbox 1194 2035 1255 2073; x_wconf 89' lang='lat' dir='ltr'><strong>his</strong></span> <span class='ocrx_word' id='word_1_244' title='bbox 1287 2034 1335 2072; x_wconf 89' lang='lat' dir='ltr'><strong>de</strong></span> <span class='ocrx_word' id='word_1_245' title='bbox 1367 2035 1489 2072; x_wconf 88' lang='lat' dir='ltr'><strong>rebus</strong></span> <span class='ocrx_word' id='word_1_246' title='bbox 1517 2047 1613 2072; x_wconf 78' lang='lat' dir='ltr'><strong>nar-</strong></span> 
     </span>
     <span class='ocr_line' id='line_1_27' title="bbox 107 2094 832 2146; baseline -0.003 -13"><span class='ocrx_word' id='word_1_247' title='bbox 107 2103 192 2133; x_wconf 87' lang='lat' dir='ltr'><strong>rata</strong></span> <span class='ocrx_word' id='word_1_248' title='bbox 212 2101 325 2142; x_wconf 86' lang='lat' dir='ltr'><strong>sunt,</strong></span> <span class='ocrx_word' id='word_1_249' title='bbox 359 2094 551 2132; x_wconf 82' lang='lat' dir='ltr'><strong>subiicere</strong></span> <span class='ocrx_word' id='word_1_250' title='bbox 571 2108 652 2132; x_wconf 90' lang='lat' dir='ltr'><strong>non</strong></span> <span class='ocrx_word' id='word_1_251' title='bbox 673 2094 832 2146; x_wconf 73' lang='lat' dir='ltr'><strong>pigebit.</strong></span> 
     </span>
    </p>

    <p class='ocr_par' dir='ltr' id='par_1_8' title="bbox 109 2148 1619 2834">
     <span class='ocr_line' id='line_1_28' title="bbox 223 2148 1614 2203; baseline -0.003 -13"><span class='ocrx_word' id='word_1_252' title='bbox 223 2152 344 2200; x_wconf 87' lang='lat' dir='ltr'><strong>Quod</strong></span> <span class='ocrx_word' id='word_1_253' title='bbox 365 2152 487 2203; x_wconf 79' lang='lat' dir='ltr'><strong>igitur</strong></span> <span class='ocrx_word' id='word_1_254' title='bbox 520 2152 620 2190; x_wconf 81' lang='lat' dir='ltr'><strong>urbe</strong></span> <span class='ocrx_word' id='word_1_255' title='bbox 643 2153 691 2190; x_wconf 90' lang='lat' dir='ltr'><strong>ab</strong></span> <span class='ocrx_word' id='word_1_256' title='bbox 710 2152 892 2190; x_wconf 81' lang='lat' dir='ltr'><strong>hostibus</strong></span> <span class='ocrx_word' id='word_1_257' title='bbox 910 2166 960 2190; x_wconf 82' lang='lat' dir='ltr'><strong>ex</strong></span> <span class='ocrx_word' id='word_1_258' title='bbox 982 2152 1131 2190; x_wconf 86' lang='lat' dir='ltr'><strong>insidiis</strong></span> <span class='ocrx_word' id='word_1_259' title='bbox 1161 2156 1275 2202; x_wconf 87' lang='lat' dir='ltr'><strong>capta</strong></span> <span class='ocrx_word' id='word_1_260' title='bbox 1297 2149 1448 2187; x_wconf 83' lang='lat' dir='ltr'><strong>Aeneas</strong></span> <span class='ocrx_word' id='word_1_261' title='bbox 1477 2148 1527 2186; x_wconf 89' lang='lat' dir='ltr'><strong>ad</strong></span> <span class='ocrx_word' id='word_1_262' title='bbox 1549 2161 1614 2186; x_wconf 89' lang='lat' dir='ltr'><strong>ar-</strong></span> 
     </span>
     <span class='ocr_line' id='line_1_29' title="bbox 109 2209 1615 2261; baseline -0.003 -13"><span class='ocrx_word' id='word_1_263' title='bbox 109 2223 191 2248; x_wconf 87' lang='lat' dir='ltr'><strong>cem</strong></span> <span class='ocrx_word' id='word_1_264' title='bbox 228 2211 422 2256; x_wconf 83' lang='lat' dir='ltr'><strong>accurrit,</strong></span> <span class='ocrx_word' id='word_1_265' title='bbox 473 2210 676 2261; x_wconf 87' lang='lat' dir='ltr'><strong>multaque</strong></span> <span class='ocrx_word' id='word_1_266' title='bbox 708 2216 868 2247; x_wconf 87' lang='lat' dir='ltr'><strong>strenue</strong></span> <span class='ocrx_word' id='word_1_267' title='bbox 898 2210 1013 2258; x_wconf 83' lang='lat' dir='ltr'><strong>sacit,</strong></span> <span class='ocrx_word' id='word_1_268' title='bbox 1062 2209 1144 2247; x_wconf 89' lang='lat' dir='ltr'><strong>noli</strong></span> <span class='ocrx_word' id='word_1_269' title='bbox 1177 2214 1316 2260; x_wconf 86' lang='lat' dir='ltr'><strong>poetae</strong></span> <span class='ocrx_word' id='word_1_270' title='bbox 1346 2212 1615 2245; x_wconf 86' lang='lat' dir='ltr'><strong>commentum</strong></span> 
     </span>
     <span class='ocr_line' id='line_1_30' title="bbox 110 2267 1615 2318; baseline -0.003 -13"><span class='ocrx_word' id='word_1_271' title='bbox 110 2268 347 2305; x_wconf 79' lang='lat' dir='ltr'><strong>existimare.</strong></span> <span class='ocrx_word' id='word_1_272' title='bbox 410 2267 503 2304; x_wconf 82' lang='lat' dir='ltr'><strong>Fuit</strong></span> <span class='ocrx_word' id='word_1_273' title='bbox 537 2268 673 2318; x_wconf 88' lang='lat' dir='ltr'><strong>utique</strong></span> <span class='ocrx_word' id='word_1_274' title='bbox 711 2280 752 2304; x_wconf 89' lang='lat' dir='ltr'><strong>ea</strong></span> <span class='ocrx_word' id='word_1_275' title='bbox 787 2268 836 2305; x_wconf 87' lang='lat' dir='ltr'><strong>de</strong></span> <span class='ocrx_word' id='word_1_276' title='bbox 868 2268 1020 2305; x_wconf 80' lang='lat' dir='ltr'><strong>Aeneae</strong></span> <span class='ocrx_word' id='word_1_277' title='bbox 1057 2268 1206 2305; x_wconf 89' lang='lat' dir='ltr'><strong>virtute</strong></span> <span class='ocrx_word' id='word_1_278' title='bbox 1236 2267 1358 2313; x_wconf 83' lang='lat' dir='ltr'><strong>sama,</strong></span> <span class='ocrx_word' id='word_1_279' title='bbox 1406 2271 1464 2313; x_wconf 85' lang='lat' dir='ltr'><strong>et,</strong></span> <span class='ocrx_word' id='word_1_280' title='bbox 1497 2277 1615 2314; x_wconf 88' lang='lat' dir='ltr'><strong>quam</strong></span> 
     </span>
     <span class='ocr_line' id='line_1_31' title="bbox 110 2322 1615 2375; baseline -0.004 -12"><span class='ocrx_word' id='word_1_281' title='bbox 110 2326 235 2363; x_wconf 86' lang='lat' dir='ltr'><strong>multa</strong></span> <span class='ocrx_word' id='word_1_282' title='bbox 257 2324 307 2361; x_wconf 89' lang='lat' dir='ltr'><strong>ad</strong></span> <span class='ocrx_word' id='word_1_283' title='bbox 331 2338 461 2361; x_wconf 82' lang='lat' dir='ltr'><strong>arcem</strong></span> <span class='ocrx_word' id='word_1_284' title='bbox 482 2326 713 2375; x_wconf 76' lang='lat' dir='ltr'><strong>Pergamum</strong></span> <span class='ocrx_word' id='word_1_285' title='bbox 737 2324 1028 2363; x_wconf 77' lang='lat' dir='ltr'><strong>defendendam</strong></span> <span class='ocrx_word' id='word_1_286' title='bbox 1055 2326 1213 2362; x_wconf 84' lang='lat' dir='ltr'><strong>sortiter</strong></span> <span class='ocrx_word' id='word_1_287' title='bbox 1244 2338 1289 2360; x_wconf 88' lang='lat' dir='ltr'><strong>ac</strong></span> <span class='ocrx_word' id='word_1_288' title='bbox 1309 2322 1506 2374; x_wconf 78' lang='lat' dir='ltr'><strong>sapienter</strong></span> <span class='ocrx_word' id='word_1_289' title='bbox 1526 2334 1615 2371; x_wconf 80' lang='lat' dir='ltr'><strong>ege-</strong></span> 
     </span>
     <span class='ocr_line' id='line_1_32' title="bbox 109 2380 1615 2434; baseline -0.004 -14"><span class='ocrx_word' id='word_1_290' title='bbox 109 2382 165 2420; x_wconf 77' lang='lat' dir='ltr'><strong>rit</strong></span> <span class='ocrx_word' id='word_1_291' title='bbox 191 2382 361 2428; x_wconf 78' lang='lat' dir='ltr'><strong>Aeneas,</strong></span> <span class='ocrx_word' id='word_1_292' title='bbox 393 2383 616 2431; x_wconf 86' lang='lat' dir='ltr'><strong>quomodo,</strong></span> <span class='ocrx_word' id='word_1_293' title='bbox 660 2383 786 2419; x_wconf 86' lang='lat' dir='ltr'><strong>salute</strong></span> <span class='ocrx_word' id='word_1_294' title='bbox 809 2383 1037 2434; x_wconf 82' lang='lat' dir='ltr'><strong>desperata,</strong></span> <span class='ocrx_word' id='word_1_295' title='bbox 1072 2388 1223 2433; x_wconf 83' lang='lat' dir='ltr'><strong>partem</strong></span> <span class='ocrx_word' id='word_1_296' title='bbox 1252 2380 1398 2417; x_wconf 81' lang='lat' dir='ltr'><strong>civium</strong></span> <span class='ocrx_word' id='word_1_297' title='bbox 1430 2380 1615 2416; x_wconf 81' lang='lat' dir='ltr'><strong>fortuna-</strong></span> 
     </span>
     <span class='ocr_line' id='line_1_33' title="bbox 111 2436 1616 2490; baseline -0.003 -13"><span class='ocrx_word' id='word_1_298' title='bbox 111 2452 281 2489; x_wconf 83' lang='lat' dir='ltr'><strong>rumque</strong></span> <span class='ocrx_word' id='word_1_299' title='bbox 310 2439 459 2475; x_wconf 86' lang='lat' dir='ltr'><strong>salvam</strong></span> <span class='ocrx_word' id='word_1_300' title='bbox 490 2453 559 2489; x_wconf 88' lang='lat' dir='ltr'><strong>per</strong></span> <span class='ocrx_word' id='word_1_301' title='bbox 594 2446 751 2490; x_wconf 86' lang='lat' dir='ltr'><strong>portam</strong></span> <span class='ocrx_word' id='word_1_302' title='bbox 779 2453 956 2477; x_wconf 78' lang='lat' dir='ltr'><strong>aversani</strong></span> <span class='ocrx_word' id='word_1_303' title='bbox 980 2440 1019 2476; x_wconf 95' lang='lat' dir='ltr'><strong>in</strong></span> <span class='ocrx_word' id='word_1_304' title='bbox 1053 2439 1143 2476; x_wconf 82' lang='lat' dir='ltr'><strong>ldae</strong></span> <span class='ocrx_word' id='word_1_305' title='bbox 1175 2444 1261 2474; x_wconf 92' lang='lat' dir='ltr'><strong>tuta</strong></span> <span class='ocrx_word' id='word_1_306' title='bbox 1292 2436 1499 2484; x_wconf 77' lang='lat' dir='ltr'><strong>eduxerit,</strong></span> <span class='ocrx_word' id='word_1_307' title='bbox 1541 2449 1616 2486; x_wconf 85' lang='lat' dir='ltr'><strong>pa-</strong></span> 
     </span>
     <span class='ocr_line' id='line_1_34' title="bbox 113 2493 1617 2546; baseline -0.003 -13"><span class='ocrx_word' id='word_1_308' title='bbox 113 2497 321 2546; x_wconf 85' lang='lat' dir='ltr'><strong>ctioneque</strong></span> <span class='ocrx_word' id='word_1_309' title='bbox 358 2509 446 2532; x_wconf 88' lang='lat' dir='ltr'><strong>cum</strong></span> <span class='ocrx_word' id='word_1_310' title='bbox 478 2496 639 2534; x_wconf 79' lang='lat' dir='ltr'><strong>Achivis</strong></span> <span class='ocrx_word' id='word_1_311' title='bbox 673 2498 775 2533; x_wconf 85' lang='lat' dir='ltr'><strong>sacta</strong></span> <span class='ocrx_word' id='word_1_312' title='bbox 805 2497 1045 2543; x_wconf 81' lang='lat' dir='ltr'><strong>discesserit,</strong></span> <span class='ocrx_word' id='word_1_313' title='bbox 1086 2508 1135 2532; x_wconf 83' lang='lat' dir='ltr'><strong>ex</strong></span> <span class='ocrx_word' id='word_1_314' title='bbox 1163 2493 1388 2541; x_wconf 77' lang='lat' dir='ltr'><strong>Hellanieo,</strong></span> <span class='ocrx_word' id='word_1_315' title='bbox 1422 2493 1617 2542; x_wconf 83' lang='lat' dir='ltr'><strong>antiquis-</strong></span> 
     </span>
     <span class='ocr_line' id='line_1_35' title="bbox 114 2549 1617 2604; baseline -0.002 -13"><span class='ocrx_word' id='word_1_316' title='bbox 114 2554 211 2591; x_wconf 85' lang='lat' dir='ltr'><strong>simo</strong></span> <span class='ocrx_word' id='word_1_317' title='bbox 239 2553 451 2603; x_wconf 80' lang='lat' dir='ltr'><strong>scriptore,</strong></span> <span class='ocrx_word' id='word_1_318' title='bbox 495 2554 639 2590; x_wconf 83' lang='lat' dir='ltr'><strong>diserte</strong></span> <span class='ocrx_word' id='word_1_319' title='bbox 673 2561 810 2591; x_wconf 82' lang='lat' dir='ltr'><strong>narrat</strong></span> <span class='ocrx_word' id='word_1_320' title='bbox 849 2555 1005 2604; x_wconf 70' lang='lat' dir='ltr'><strong>Dionys.</strong></span> <span class='ocrx_word' id='word_1_321' title='bbox 1036 2553 1063 2598; x_wconf 87' lang='grc' dir='ltr'><strong>Ι,</strong></span> <span class='ocrx_word' id='word_1_322' title='bbox 1098 2552 1165 2594; x_wconf 78' lang='grc'><strong>46.</strong></span> <span class='ocrx_word' id='word_1_323' title='bbox 1193 2551 1247 2592; x_wconf 80' lang='grc'><strong>47</strong></span> <span class='ocrx_word' id='word_1_324' title='bbox 1270 2550 1371 2602; x_wconf 69' lang='lat' dir='ltr'><strong>(pag.</strong></span> <span class='ocrx_word' id='word_1_325' title='bbox 1393 2549 1477 2602; x_wconf 76' lang='lat'><strong>36),</strong></span> <span class='ocrx_word' id='word_1_326' title='bbox 1509 2549 1617 2600; x_wconf 82' lang='lat' dir='ltr'><strong>quod</strong></span> 
     </span>
     <span class='ocr_line' id='line_1_36' title="bbox 114 2608 1619 2659; baseline -0.003 -11"><span class='ocrx_word' id='word_1_327' title='bbox 114 2612 192 2648; x_wconf 87' lang='lat' dir='ltr'><strong>iam</strong></span> <span class='ocrx_word' id='word_1_328' title='bbox 216 2610 369 2647; x_wconf 86' lang='lat' dir='ltr'><strong>dietum</strong></span> <span class='ocrx_word' id='word_1_329' title='bbox 389 2616 448 2646; x_wconf 89' lang='lat' dir='ltr'><strong>est</strong></span> <span class='ocrx_word' id='word_1_330' title='bbox 464 2611 555 2647; x_wconf 72' lang='lat' dir='ltr'><strong>Exc.</strong></span> <span class='ocrx_word' id='word_1_331' title='bbox 581 2611 685 2648; x_wconf 75' lang='lat' dir='ltr'><strong>Xlll.</strong></span> <span class='ocrx_word' id='word_1_332' title='bbox 747 2611 789 2648; x_wconf 86' lang='lat' dir='ltr'><strong>In</strong></span> <span class='ocrx_word' id='word_1_333' title='bbox 816 2610 968 2648; x_wconf 82' lang='lat' dir='ltr'><strong>Arctini</strong></span> <span class='ocrx_word' id='word_1_334' title='bbox 991 2609 1156 2647; x_wconf 72' lang='lat' dir='ltr'><strong>Excidio</strong></span> <span class='ocrx_word' id='word_1_335' title='bbox 1179 2609 1236 2645; x_wconf 89' lang='lat' dir='ltr'><strong>llii</strong></span> <span class='ocrx_word' id='word_1_336' title='bbox 1257 2609 1406 2645; x_wconf 83' lang='lat' dir='ltr'><strong>Aeneas</strong></span> <span class='ocrx_word' id='word_1_337' title='bbox 1428 2608 1506 2645; x_wconf 90' lang='lat' dir='ltr'><strong>iam</strong></span> <span class='ocrx_word' id='word_1_338' title='bbox 1527 2613 1619 2659; x_wconf 86' lang='lat' dir='ltr'><strong>post</strong></span> 
     </span>
     <span class='ocr_line' id='line_1_37' title="bbox 114 2665 1617 2713; baseline -0.002 -8"><span class='ocrx_word' id='word_1_339' title='bbox 114 2668 348 2705; x_wconf 75' lang='lat' dir='ltr'><strong>Laocoontis</strong></span> <span class='ocrx_word' id='word_1_340' title='bbox 370 2680 501 2704; x_wconf 79' lang='lat' dir='ltr'><strong>necem</strong></span> <span class='ocrx_word' id='word_1_341' title='bbox 524 2668 562 2704; x_wconf 93' lang='lat' dir='ltr'><strong>in</strong></span> <span class='ocrx_word' id='word_1_342' title='bbox 585 2674 757 2705; x_wconf 81' lang='lat' dir='ltr'><strong>montem</strong></span> <span class='ocrx_word' id='word_1_343' title='bbox 779 2668 885 2705; x_wconf 81' lang='lat' dir='ltr'><strong>Idam</strong></span> <span class='ocrx_word' id='word_1_344' title='bbox 909 2673 1131 2704; x_wconf 82' lang='lat' dir='ltr'><strong>secesserat.</strong></span> <span class='ocrx_word' id='word_1_345' title='bbox 1184 2667 1225 2703; x_wconf 88' lang='lat' dir='ltr'><strong>ln</strong></span> <span class='ocrx_word' id='word_1_346' title='bbox 1249 2666 1402 2713; x_wconf 86' lang='lat' dir='ltr'><strong>Quinto</strong></span> <span class='ocrx_word' id='word_1_347' title='bbox 1424 2665 1488 2703; x_wconf 90' lang='lat' dir='ltr'><strong>lib.</strong></span> <span class='ocrx_word' id='word_1_348' title='bbox 1512 2665 1617 2712; x_wconf 85' lang='lat' dir='ltr'><strong>XIII,</strong></span> 
     </span>
     <span class='ocr_line' id='line_1_38' title="bbox 117 2723 1619 2774; baseline -0.003 -11"><span class='ocrx_word' id='word_1_349' title='bbox 117 2728 198 2767; x_wconf 82' lang='grc'><strong>833</strong></span> <span class='ocrx_word' id='word_1_350' title='bbox 218 2737 274 2774; x_wconf 84' lang='lat' dir='ltr'><strong>sq.</strong></span> <span class='ocrx_word' id='word_1_351' title='bbox 297 2725 378 2761; x_wconf 88' lang='lat' dir='ltr'><strong>abit</strong></span> <span class='ocrx_word' id='word_1_352' title='bbox 398 2725 460 2761; x_wconf 88' lang='lat' dir='ltr'><strong>ilie</strong></span> <span class='ocrx_word' id='word_1_353' title='bbox 479 2725 635 2762; x_wconf 84' lang='lat' dir='ltr'><strong>illaesus</strong></span> <span class='ocrx_word' id='word_1_354' title='bbox 657 2723 882 2762; x_wconf 78' lang='lat' dir='ltr'><strong>Calchantis</strong></span> <span class='ocrx_word' id='word_1_355' title='bbox 907 2726 1009 2762; x_wconf 69' lang='lat' dir='ltr'><strong>vatis</strong></span> <span class='ocrx_word' id='word_1_356' title='bbox 1034 2724 1202 2771; x_wconf 86' lang='lat' dir='ltr'><strong>monitu,</strong></span> <span class='ocrx_word' id='word_1_357' title='bbox 1234 2730 1444 2774; x_wconf 83' lang='lat' dir='ltr'><strong>postquam</strong></span> <span class='ocrx_word' id='word_1_358' title='bbox 1462 2724 1619 2761; x_wconf 85' lang='lat' dir='ltr'><strong>sortiter</strong></span> 
     </span>
     <span class='ocr_line' id='line_1_39' title="bbox 118 2784 586 2834; baseline -0.004 -14"><span class='ocrx_word' id='word_1_359' title='bbox 118 2788 365 2834; x_wconf 76' lang='lat' dir='ltr'><strong>pugnaverat</strong></span> <span class='ocrx_word' id='word_1_360' title='bbox 388 2795 408 2817; x_wconf 90' lang='lat' dir='ltr'><strong>a</strong></span> <span class='ocrx_word' id='word_1_361' title='bbox 436 2796 471 2819; x_wconf 92' lang='lat' dir='ltr'><strong>v.</strong></span> <span class='ocrx_word' id='word_1_362' title='bbox 490 2784 586 2823; x_wconf 81' lang='lat'>300.</span> 
     </span>
    </p>

    <p class='ocr_par' dir='ltr' id='par_1_9' title="bbox 116 2837 1621 2948">
     <span class='ocr_line' id='line_1_40' title="bbox 222 2837 1620 2889; baseline -0.001 -13"><span class='ocrx_word' id='word_1_363' title='bbox 222 2840 404 2889; x_wconf 74' lang='lat' dir='ltr'><strong>Virgilius</strong></span> <span class='ocrx_word' id='word_1_364' title='bbox 437 2840 596 2889; x_wconf 85' lang='lat' dir='ltr'><strong>quidem</strong></span> <span class='ocrx_word' id='word_1_365' title='bbox 624 2839 795 2876; x_wconf 86' lang='lat' dir='ltr'><strong>Aeneam</strong></span> <span class='ocrx_word' id='word_1_366' title='bbox 817 2839 927 2889; x_wconf 85' lang='lat' dir='ltr'><strong>quasi</strong></span> <span class='ocrx_word' id='word_1_367' title='bbox 947 2839 987 2875; x_wconf 87' lang='lat' dir='ltr'><strong>in</strong></span> <span class='ocrx_word' id='word_1_368' title='bbox 1016 2839 1114 2875; x_wconf 82' lang='lat' dir='ltr'><strong>urbe</strong></span> <span class='ocrx_word' id='word_1_369' title='bbox 1141 2838 1258 2875; x_wconf 81' lang='lat' dir='ltr'><strong>Troia</strong></span> <span class='ocrx_word' id='word_1_370' title='bbox 1277 2838 1521 2877; x_wconf 87' lang='lat' dir='ltr'><strong>domicilium</strong></span> <span class='ocrx_word' id='word_1_371' title='bbox 1544 2837 1620 2875; x_wconf 88' lang='lat' dir='ltr'><strong>ha—</strong></span> 
     </span>
     <span class='ocr_line' id='line_1_41' title="bbox 116 2896 1621 2948; baseline -0.001 -13"><span class='ocrx_word' id='word_1_372' title='bbox 116 2897 275 2935; x_wconf 87' lang='lat' dir='ltr'><strong>bentem</strong></span> <span class='ocrx_word' id='word_1_373' title='bbox 307 2897 482 2945; x_wconf 87' lang='lat' dir='ltr'><strong>inducit,</strong></span> <span class='ocrx_word' id='word_1_374' title='bbox 525 2896 797 2947; x_wconf 76' lang='lat' dir='ltr'><strong>Anchisaeque</strong></span> <span class='ocrx_word' id='word_1_375' title='bbox 834 2896 996 2935; x_wconf 87' lang='lat' dir='ltr'><strong>domum</strong></span> <span class='ocrx_word' id='word_1_376' title='bbox 1028 2896 1066 2933; x_wconf 90' lang='lat' dir='ltr'><strong>in</strong></span> <span class='ocrx_word' id='word_1_377' title='bbox 1089 2903 1202 2948; x_wconf 84' lang='lat' dir='ltr'><strong>parte</strong></span> <span class='ocrx_word' id='word_1_378' title='bbox 1223 2896 1332 2934; x_wconf 82' lang='lat' dir='ltr'><strong>urbis</strong></span> <span class='ocrx_word' id='word_1_379' title='bbox 1364 2897 1412 2935; x_wconf 89' lang='lat' dir='ltr'><strong>ab</strong></span> <span class='ocrx_word' id='word_1_380' title='bbox 1441 2909 1530 2934; x_wconf 85' lang='lat' dir='ltr'><strong>arce</strong></span> <span class='ocrx_word' id='word_1_381' title='bbox 1554 2908 1621 2936; x_wconf 78' lang='lat' dir='ltr'><strong>re-</strong></span> 
     </span>
    </p>
   </div>
   <div class='ocr_carea' id='block_1_8' title="bbox 1753 0 1779 1148">
    <p class='ocr_par' dir='ltr' id='par_1_10' title="bbox 1753 0 1779 1148">
     <span class='ocr_line' id='line_1_42' title="bbox 1753 0 1779 1148; baseline 0 0"><span class='ocrx_word' id='word_1_382' title='bbox 1753 0 1779 1148; x_wconf 95' lang='lat' dir='ltr'><strong> </strong></span> 
     </span>
    </p>
   </div>
   <div class='ocr_carea' id='block_1_9' title="bbox 1760 152 1770 1117">
    <p class='ocr_par' dir='ltr' id='par_1_11' title="bbox 1760 152 1770 1117">
     <span class='ocr_line' id='line_1_43' title="bbox 1760 152 1770 1117; baseline 0 0"><span class='ocrx_word' id='word_1_383' title='bbox 1760 152 1770 1117; x_wconf 95' lang='lat' dir='ltr'><strong> </strong></span> 
     </span>
    </p>
   </div>
  </div>
 </body>
</html>
