1779 3420
106 229 208 275 810

437 225 492 275 P.
529 223 888 274 VIRGILII
923 221 1296 272 MARONIS

105 351 495 415 Conclamant,
563 350 889 416 rapiuntque
947 348 1082 398 focis
1146 349 1511 416 penetralibus
1565 350 1638 413 ig-

891 436 1050 480 nem3

1537 425 1640 471 660

103 495 230 542 Pars
258 489 490 556 spoliant
508 506 645 550 πᾶς,
684 488 942 539 frondem
971 507 1030 538 ac
1054 489 1275 553 virgulta
1305 488 1560 556 facesque

107 561 424 613 Coniiciunt.

497 560 647 608 Furit
668 559 896 607 inmissis
918 559 1189 609 Volcanus
1210 559 1434 608 habenis

106 636 359 682 Transtra
379 646 478 696 per
505 638 557 677 et
575 645 757 678 remos
784 637 836 677 et
855 630 1019 694 pictas
1038 629 1210 678 abiete
1232 630 1440 695 puppis,

103 702 334 753 Nuntius
357 698 616 749 Anchisae
644 698 709 747 ad
733 699 1005 748 tumulum
1031 715 1343 764 cuneosque
1365 699 1557 748 theatri

103 775 353 823 Incensas
373 767 580 835 perfert
602 769 747 817 navis
768 769 1055 828 Eumelus3
1098 778 1150 818 et
1178 770 1275 834 ipsi

1537 772 1639 822 665

103 841 420 907 Respiciunt
445 848 611 888 atram
636 840 686 887 in
709 838 898 887 nimbo
924 839 1139 889 volitare
1164 838 1411 890 favillam.

103 912 314 962 Primus
340 918 392 959 et
415 910 668 959 Ascanius
685 950 697 971 ,
741 926 923 958 cursus
948 919 1007 959 ut
1033 910 1201 959 laetus
1228 909 1489 976 equestris

102 981 368 1043 Ducebat,
402 981 475 1028 sic
503 997 624 1029 acer
646 996 788 1046 equo
810 980 1019 1029 turbata
1041 980 1226 1046 petivit

106 1054 310 1111 Casti-ag
350 1066 451 1099 nec
473 1051 741 1100 exanimes
767 1060 993 1116 possunt
1018 1052 1251 1100 retinere
1276 1049 1529 1114 magistri.

106 1123 236 1185 Quis
276 1120 432 1170 furor
466 1122 563 1171 iste
605 1137 777 1170 novus
796 1127 818 1171 ἓ
870 1137 979 1187 quo
1021 1138 1165 1170 nunc
1189 1162 1201 1185 ‚
1256 1136 1365 1187 quo
1408 1118 1639 1180 tenditis,

895 1190 949 1239 in
956 1193 1084 1258 quit,

1537 1194 1638 1240 670

104 1265 224 1312 Heu
246 1263 474 1311 miserae
503 1260 676 1312 cives?
712 1278 825 1310 non
846 1259 1088 1322 hostem,
1125 1261 1445 1326 inimicaque
1476 1267 1640 1308 castra

103 1335 388 1397 Argivum3
428 1341 628 1381 vestras
654 1349 775 1397 spes
798 1333 963 1383 uritis,

1035 1335 1116 1381 En
1132 1373 1143 1395 ‚
1183 1347 1282 1395 ego
1308 1339 1485 1379 vester

105 1404 383 1454 Ascanius:
412 1402 620 1467 galeam
646 1411 768 1451 ante
791 1401 962 1468 pedes
983 1402 1212 1469 proiecit
1234 1402 1466 1464 inanem,

200 1546 271 1580 660
295 1545 386 1577 locis
415 1543 505 1576 alter
535 1544 663 1578 Hamb.
713 1545 832 1577 socios
854 1544 998 1576 aberrat
1023 1543 1139 1576 Goth.
1170 1555 1223 1587 pr.

413 1592 483 1625 662
515 1592 648 1624 invisis
674 1602 742 1624 sec.
773 1592 904 1623 Moret.

107 1591 236 1625 Hamb.
262 1604 316 1637 pr.

1321 1543 1387 1577 661
1408 1539 1641 1593 frondesque

1093 1592 1218 1637 pictas
1240 1588 1357 1622 abiete
1379 1599 1523 1635 puppes
1545 1598 1640 1619 varie

1002 1591 1070 1625 663

108 1639 271 1672 tentabat
289 1640 338 1671 Io.
359 1638 545 1671 Schrader.
559 1637 701 1684 factas.
728 1646 861 1670 textas.
891 1644 926 1670 et
946 1650 1096 1682 aggere.
1123 1637 1205 1679 (vid.
1232 1638 1315 1669 Not.
1339 1635 1435 1675 lVr.)
1485 1632 1555 1669 664
1573 1646 1640 1666 cu·-

105 1687 243 1720 mulam
265 1686 355 1719 alter
374 1685 497 1718 Hamb.

596 1686 665 1719 666
692 1686 929 1730 Perspicium
953 1684 1062 1717 Goth.
1090 1684 1154 1716 alt.
1203 1685 1239 1716 in
1269 1681 1396 1716 nubem
1418 1681 1531 1724 Bigot.
1552 1693 1571 1713 a
1595 1693 1638 1713 ni.

106 1746 188 1773 sec„
219 1746 261 1765 ex
293 1731 602 1777 interpretatione.
653 1733 762 1764 Forte
784 1734 820 1764 in
854 1731 1049 1774 elegantius
1083 1730 1192 1769 absit3
1234 1730 1297 1762 sed
1325 1729 1359 1761 in
1393 1728 1521 1761 salibus
1550 1727 1639 1759 nihil

104 1780 323 1813 novandum:
361 1779 644 1824 ‹plaudoquidem
668 1778 723 1810 vix
754 1785 882 1811 certam
911 1778 1062 1821 aliquam
1096 1777 1268 1810 rationem
1297 1784 1404 1809 tenes.

675 1826 743 1859 669
769 1827 949 1857 exanimis
975 1823 1105 1857 Medic.
1133 1836 1151 1856 a
1179 1836 1222 1859 m.
1252 1835 1304 1867 pr.
1333 1829 1502 1855 mutatum
1530 1821 1637 1854 rubro

106 1835 294 1872 equestres
317 1826 443 1859 Medic.
480 1826 577 1868 lVr.)

1468 1775 1538 1818 (-
1558 1775 1638 1810 667.

106 1874 197 1906 in——
217 1886 266 1907 es.
293 1874 425 1918 (neque
437 1873 522 1905 Cod.
549 1875 579 1906 1.
600 1872 764 1905 editionis
785 1871 992 1913 diobolaris,
1019 1883 1107 1916 quae
1122 1870 1289 1903 Vinariae
1310 1868 1445 1913 prodiit
1465 1881 1496 1901 a.
1518 1869 1637 1908 1826.;

106 1920 176 1954 vid.
200 1922 241 1961 Q.
263 1922 308 1953 V.
328 1921 485 1960 XXXII,
513 1920 567 1954 13.
598 1920 694 1962 lVr.)

105 1970 181 2002 seri
197 1967 306 2003 Wall.

105 2089 201 2128 639.
262 2089 358 2129 662.
397 2086 627 2124 Praeiverat
653 2085 733 2123 iam
765 2085 846 2123 Lu-

108 2151 207 2182 cret.
238 2144 293 2193 V,
326 2144 422 2185 784.
446 2144 529 2185 785
550 2143 845 2195 Arboribusslue

104 2203 248 2240 (Icelum
299 2211 355 2239 est
398 2203 608 2239 Crescendi
646 2216 845 2253 magnum

106 2262 297 2298 marnas-sas
311 2269 509 2297 certamen.
528 2260 696 2297 habenis
710 2276 724 2306 ,·
750 2260 843 2297 imi-

104 2324 216 2356 tatus
249 2317 326 2355 hoc
358 2319 478 2356 Silius
515 2318 578 2366 lv,
615 2320 712 2359 682.
746 2320 842 2366 683,

106 2376 210 2413 adde
229 2376 354 2424 XVll,
386 2379 453 2417 96.
478 2374 563 2428 (ex)
586 2375 713 2413 abiete
727 2390 845 2426 pup-

98 2448 199 2484 pta,
235 2433 274 2482 ἐξ
309 2431 454 2484 ἐλάτης
489 2448 561 2484 pro
595 2437 692 2483 νῆες
713 2431 845 2473 §Adn-

106 2508 187 2538 ναι,
222 2489 321 2542 (vid.
342 2492 432 2529 Not.
461 2492 511 2529 ad
541 2492 570 2538 I,
605 2492 701 2533 655.
726 2490 843 2542 ll'rr.)

105 2551 263 2599 pictae,
297 2549 359 2586 vel
394 2549 526 2586 colore
553 2549 765 2597 inductae,
797 2555 844 2586 ut

108 2606 215 2658 apud
252 2606 414 2644 Homer.
446 2603 736 2660 μιλτοπάρῃοι,
779 2606 843 2644 vel

107 2670 273 2716 propter
297 2664 445 2715 pictam
468 2665 637 2701 tutelam
659 2664 698 2701 in
720 2664 843 2714 puppi

107 2729 177 2760 aut
205 2735 441 2773 parasemon
463 2721 503 2758 in
532 2735 653 2773 prora
677 2721 843 2771 pictum.

108 2781 213 2818 cons.
239 2779 367 2818 Cerda
388 2785 427 2816 et
449 2779 583 2817 Heins.
608 2777 747 2829 (altera
770 2792 844 2815 ex—

109 2838 269 2890 plicatio
311 2837 556 2889 probabilior
593 2835 690 2874 mihi
729 2835 845 2873 vide-

108 2903 201 2945 tur,
233 2902 350 2942 certe,
373 2895 528 2945 quoties
560 2894 737 2946 pictae
770 2907 845 2931 na-

112 2968 179 2992 ves
199 2969 218 2991 a
244 2953 371 3005 poetis
395 2952 545 2990 Latinis
581 2952 846 3004 appellantur,

789 1920 856 1953 671
883 1922 911 1950 ()
932 1932 976 1951 m.
1000 1920 1089 1952 Ven.
1138 1920 1221 1950 Huc
1249 1930 1293 1951 m.
1323 1916 1432 1949 Goth.
1464 1928 1518 1961 pr.
1567 1917 1638 1948 mi-

404 1968 474 2002 672
495 1979 578 2012 Spes
597 1975 743 2000 vestra-5
760 1966 925 1999 I'iottend.
945 1978 1014 1999 sec.
1073 1973 1112 1998 αι
1133 1977 1167 1999 2¹.
1188 1976 1271 2010 spes
1292 1963 1402 1997 Goth.
1423 1976 1492 1996 sec.

906 2085 955 2123 ad
990 2097 1226 2136 parasemon
1262 2082 1402 2121 referri
1435 2081 1537 2120 illud
1566 2086 1638 2119 aut

906 2143 1047 2190 debet,
1079 2148 1148 2181 aut
1172 2147 1317 2193 potest.
1348 2139 1462 2192 lls'r.)

964 2200 1046 2243 664
1065 2224 1121 2229 -—
1142 2202 1236 2241 669.
1276 2213 1420 2236 cuneos
1460 2196 1634 2234 theatri.-

903 2260 1035 2297 locum
1076 2270 1305 2307 consessus;
1354 2270 1393 2295 v.
1429 2268 1515 2306 sup.
1552 2256 1637 2295 287

904 2332 987 2368 sqq.
1031 2315 1305 2369 (incensas
1339 2312 1512 2365 peden,
1552 2310 1635 2349 vid.

906 2377 956 2424 Q.
978 2375 1022 2413 V.
1054 2373 1257 2421 XXVIIll,
1289 2376 1327 2415 6.
1355 2369 1468 2424 Wr.)
1541 2372 1635 2410 667.

904 2433 1123 2481 Ascanius,
1173 2437 1218 2468 ut
1245 2437 1353 2476 erat,
1390 2441 1551 2466 cursum
1585 2426 1636 2464 ad

904 2491 1044 2529 navale
1081 2489 1294 2530 convertit,
1340 2485 1412 2538 (De
1442 2485 1482 2523 vi
1507 2485 1636 2536 parti-

904 2550 1016 2586 culae
1042 2557 1077 2586 et
1101 2548 1184 2585 vid.
1209 2547 1258 2594 Q.
1280 2545 1325 2583 V.
1346 2543 1516 2591 XXXV,
1541 2546 1580 2590 7,
1601 2556 1634 2580 a.

909 2609 955 2645 ΙΙ
968 2605 1025 2658 t)
1088 2604 1247 2641 turbata
1272 2610 1422 2647 eastra,
1459 2600 1634 2648 classem,

903 2678 941 2702 v.
971 2676 1091 2714 supra
1115 2662 1187 2709 ΙΙΙ,
1208 2663 1303 2703 519.
1334 2660 1523 2710 magistri
1539 2658 1634 2699 546.

904 2723 999 2762 562.
1038 2719 1205 2757 Ascanio
1228 2724 1360 2756 auten]
1388 2716 1537 2767 egregie
1560 2715 1634 2752 ali-

905 2789 1005 2828 quae
1029 2783 1162 2829 partes
1188 2775 1265 2814 hac
1298 2775 1338 2812 in
1365 2788 1408 2812 re
1445 2774 1635 2812 tribuun—

906 2842 994 2882 tur,
1027 2848 1117 2872 cuin
1141 2847 1190 2871 ex
1216 2846 1407 2885 personae
1429 2831 1634 2882 dignitate,

906 2900 993 2931 tun]
1028 2906 1074 2929 ex
1109 2893 1247 2929 aetatis
1278 2891 1495 2928 alacritate.
1537 2887 1634 2940 (ga-

907 2952 1013 2988 leam
1042 2953 1272 2998 inanem,
1304 2948 1451 3000 quippe
1470 2952 1633 2984 exutam
