1827 3436
0 195 2 275 l
361 204 786 265 AENEIDos
834 202 979 251 LIB.
1026 200 1065 263 1,
1101 199 1397 250 742-754
1538 201 1637 249 ρος)

119 344 458 412 Ingeminant
477 336 668 404 plausu
690 331 850 396 Tyrii,
890 333 1171 394 Troesque
1196 331 1506 390 sequuntur.
1539 366 1542 370 ,

119 423 232 470 Nec
259 429 370 463 non
398 418 450 459 et
471 406 617 456 vario
636 411 859 452 noctem
882 413 1138 449 sermone
1160 393 1406 443 trahebat

123 485 315 540 Infelix
335 479 494 541 Dido,
528 476 864 540 longumque
888 468 1112 519 bibebat
1131 480 1391 524 amorem,

123 556 291 610 Multa
315 567 478 618 super
507 547 724 598 Priamo
758 543 1015 607 rogitanS,
1059 552 1222 604 super
1251 536 1485 582 Hectore
1509 527 1651 578 mul-

917 620 995 660 ta:
1551 602 1652 651 750

128 701 308 753 Nune,
349 690 543 758 quibus
573 690 811 736 Aurorae
833 681 1065 731 venisset
1088 674 1227 725 filius
1249 672 1432 731 armis3

929 821 1019 872 les,

134 912 312 960 Immo
337 918 447 968 age,
467 908 520 950 et
540 916 567 947 a
586 897 759 964 prima
785 893 884 953 dic,
906 891 1119 957 hospes,
1143 885 1347 950 origine
1367 878 1523 929 nobis

136 976 374 1038 Insidias,
413 970 603 1037 inquit,
640 970 902 1026 Danaum⁷
943 974 1199 1025 casusque
1238 964 1473 1012 tuorum,

235 1129 304 1166 747
336 1127 509 1175 plausum
542 1121 704 1164 vulgares
737 1117 819 1151 libri
856 1116 1001 1150 habent.
1050 1111 1108 1146 sic
1145 1109 1251 1142 etiam
1280 1105 1316 1138 in
1349 1098 1537 1138 Servianis.
1596 1095 1667 1130 Sed

141 1181 278 1229 plausu
304 1177 479 1208 Romanus
503 1184 532 1203 e.
553 1169 630 1202 aliis
656 1166 834 1200 vetustiss.
862 1163 991 1202 Pierii,
1016 1161 1102 1193 item
1131 1156 1259 1190 Medic.
1287 1164 1363 1186 cum
1392 1147 1518 1184 ceteris
1545 1143 1667 1178 Heius.

144 1233 287 1275 praeter
305 1226 424 1268 Sprot.
445 1226 480 1251 et
498 1219 589 1250 Ven.
616 1215 707 1248 adde
727 1216 845 1247 XVass.
868 1211 911 1244 ad
932 1208 1075 1243 Sallust.
1097 1206 1131 1238 b.
1154 1206 1225 1247 lug.
1244 1202 1278 1237 5.
1310 1199 1449 1246 plausu
1474 1193 1576 1228 etiam
1599 1191 1667 1224 duo

146 1288 188 1309 ex
207 1272 315 1305 Goth.
367 1271 403 1300 ln
421 1272 503 1299 tert.
527 1265 654 1296 Movet.
671 1262 839 1308 plausus.
885 1258 955 1291 Sed
974 1253 1154 1300 praeclare
1174 1251 1309 1297 plausu
1330 1249 1473 1279 revocat
1492 1238 1669 1277 Heinsius,

0 313 3 434 l

2 439 5 508 ἱ

3 512 8 691 ἱ

5 696 10 865 ἰ
129 772 300 828 Nunc,
341 758 526 829 quales
547 753 829 809 Diomedis
857 751 1004 819 equi:
1044 762 1201 808 nunc,
1229 750 1457 810 quantus
1481 735 1657 788 Achil-

7 874 11 915 ῥ

10 1045 14 1140 ἱ,

12 1145 17 1363 i

147 1322 207 1369 qni
231 1327 266 1354 et
288 1314 455 1360 exemplis
479 1312 634 1345 illustrat
654 1307 851 1352 promiscue
880 1303 1028 1350 positis,
1054 1300 1179 1346 quibus
1211 1303 1325 1329 tamen
1356 1295 1505 1336 apparet
1536 1292 1671 1320 tantum

149 1372 238 1411 hoc,
263 1365 491 1410 ingeminare
512 1357 673 1392 absolute
695 1354 782 1387 dici:
808 1353 1011 1398 ingeminat
1028 1349 1182 1386 clamor,
1216 1341 1418 1388 ingeminat
1433 1337 1592 1384 plausus
1609 1334 1671 1377 (sc.

150 1418 200 1454 sel
228 1423 262 1448 et
285 1413 334 1445 sic
354 1410 433 1443 alia.
482 1406 624 1441 Scilicet
644 1402 850 1435 dicendum:
884 1399 1022 1445 plausu
1041 1394 1269 1440 ingeminare
1297 1398 1373 1420 esse
1393 1382 1530 1417 doctius
1554 1387 1588 1413 et
1609 1391 1672 1411 ex-

151 1462 312 1511 quisitius
333 1459 461 1491 dictum
476 1481 484 1496 ,
510 1465 612 1498 quarn
638 1451 834 1497 plausum,
871 1446 919 1478 uti
949 1443 1054 1476 multa
1074 1440 1142 1474 alia
1169 1435 1330 1471 similiter
1349 1428 1524 1466 immutari
1545 1427 1674 1466 solent,

153 1520 190 1545 ut
213 1507 353 1555 poetica
373 1502 483 1537 dictio
510 1514 528 1534 a
549 1498 682 1542 vulgari
704 1495 859 1529 recedat.
886 1493 977 1525 cons.
997 1488 1117 1522 Heins.
1143 1486 1187 1519 ad
1209 1488 1293 1517 Aen.
1314 1483 1356 1523 11,
1381 1479 1461 1515 207.
1509 1475 1566 1509 Sic
1586 1472 1675 1506 illud

154 1559 253 1593 Ovid.
283 1556 377 1588 Fast.
404 1552 473 1590 Vl,
508 1561 539 1581 ν.
580 1552 668 1579 extr.
717 1542 972 1588 increpuitque
999 1537 1084 1581 lyra
1104 1545 1190 1580 pro,
1224 1529 1408 1574 increpuit
1434 1525 1551 1568 lyram
1583 1519 1678 1564 apud

155 1604 350 1640 Horatium.
407 1598 476 1633 748
511 1591 710 1628 trahebant
746 1590 801 1622 ed.
838 1589 927 1621 Ven.

1022 1584 1092 1618 750
1136 1591 1247 1624 super
1282 1578 1444 1608 Hectora
1485 1567 1677 1602 Gudianus,

155 1655 223 1691 751
250 1650 360 1684 miror
379 1644 552 1678 neminem
571 1638 784 1674 coniecisse:
819 1633 950 1681 quibus
969 1634 1014 1664 A.
1036 1629 1199 1663 venisset
1215 1624 1327 1668 filius
1354 1620 1457 1654 ortis.
1507 1617 1573 1661 (——
1598 1614 1679 1649 752.

158 1700 279 1748 qualis
303 1694 431 1728 Medic.
464 1689 557 1731 Wr.)

160 1751 344 1793 grammat.
364 1754 399 1786 p.
422 1738 523 1774 1382.
542 1735 611 1769 ait:
638 1730 832 1775 „Virgilius
855 1727 942 1760 dicit
962 1726 1075 1758 dice.“

663 1686 733 1720 753
759 1684 868 1717 Nunc
896 1692 965 1726 age
996 1679 1132 1720 Hugen.

1193 1671 1362 1717 (Rhemn.
1391 1665 1578 1699 Palaemon
1608 1664 1680 1693 Art.

1124 1722 1276 1762 Eamque
1307 1711 1503 1760 imperativi
1523 1710 1682 1746 formam,

162 1795 369 1836 ubicumque
393 1798 456 1833 per
475 1790 623 1817 metrum
642 1780 739 1821 licet,
759 1775 884 1823 reponi
905 1773 1005 1807 iubet
1027 1769 1170 1805 Wakef.
1193 1766 1236 1799 ad
1257 1765 1398 1797 Lucret.
1423 1760 1462 1801 11,
1486 1756 1568 1793 484.
1590 1756 1681 1791 JVr.)

164 1929 212 1968 go
234 1913 482 1954 iunctorum,
503 1904 631 1942 forma
652 1897 782 1937 sidera
801 1894 900 1932 haec

167 1967 456 2023 comprehensa
511 1961 630 2000 fuisse
683 1955 901 2002 videntur3

167 2032 263 2071 hinc
285 2026 448 2072 iisdem,
481 2027 521 2059 et
541 2016 749 2057 interdum
772 2011 901 2050 maio-

169 2091 205 2129 ri
224 2089 350 2126 Ursae
371 2082 458 2130 soli,
491 2078 556 2132 (ut
573 2076 718 2127 Onlyss,
742 2088 769 2120 ε,
787 2070 902 2118 273),

171 2148 372 2187 tributum
404 2151 551 2178 nomen
587 2132 738 2187 ἅμαξα,
770 2130 903 2181 plau-

174 2216 323 2249 slrum;
358 2206 396 2238 et
415 2198 515 2236 hinc
539 2196 702 2239 Bootes,
737 2188 805 2240 qui
832 2185 906 2223 de-

175 2264 292 2312 inde,
323 2260 517 2298 Ursarum
546 2250 686 2291 formis
717 2253 755 2285 et
774 2243 909 2284 nomi-

179 2322 296 2362 nibus
316 2314 517 2362 subiectis,
539 2307 819 2359 Arctophylax
845 2301 909 2339 di·-

180 2381 215 2419 ci
235 2376 379 2430 coepit.
438 2373 541 2410 Usus
561 2368 679 2406 etiam
698 2363 795 2403 tulit
818 2360 910 2410 hoc,

181 2446 228 2478 ut
247 2442 398 2489 septem
416 2432 457 2470 in
479 2429 604 2467 altero
623 2425 773 2464 horum
793 2421 913 2458 lerio-

183 2511 304 2544 num,
336 2494 437 2531 Ursa
468 2487 638 2534 maiore,
670 2481 807 2521 stellae
830 2477 915 2515 cla-

185 2555 361 2595 rissimae
382 2549 448 2603 (cf.
468 2547 547 2584 Cic.
569 2543 673 2582 NJ).
692 2540 736 2589 H,
756 2535 828 2590 41)
852 2550 916 2573 se·-

182 2613 426 2665 plenlriones
448 2604 761 2658 appellarentur.
793 2596 848 2632 De
865 2593 919 2630 si-

191 2671 352 2710 deribus
382 2667 447 2705 his
472 2678 511 2703 v.
533 2657 739 2700 Eratosth.
758 2655 795 2704 I,
818 2656 856 2694 2.
883 2653 921 2692 8.

195 2728 259 2771 14.
278 2751 330 2757 ——-
352 2725 448 2768 745.
461 2726 499 2765 6.
519 2721 601 2758 Cur
621 2717 778 2756 dierum
798 2709 924 2764 spatia

194 2788 427 2826 decrescant
459 2794 505 2819 ac
537 2780 717 2816 crescant
747 2784 819 2824 per
860 2767 924 2806 di-

194 2859 329 2885 versas
351 2841 446 2881 anni
465 2839 585 2878 vices.

253 2904 350 2945 747.
382 2897 644 2950 Ingeminant
658 2891 831 2943 plausu,
855 2897 928 2921 ex—

197 2960 382 3014 quisitius
402 2957 571 3002 dictum,
603 2962 724 3002 quam
752 2942 927 2996 ingemi-

267 3029 478 3077 VIRGIL.
518 3023 662 3070 ToM.
699 3016 761 3064 Π.

958 1896 1057 1928 nant
1071 1888 1283 1940 plausum.
1309 1879 1356 1918 cs.
1379 1877 1424 1917 V.
1445 1876 1488 1914 L.
1517 1873 1686 1912 ductum

960 1963 1010 1987 ex
1024 1961 1083 1994 eo,
1103 1941 1213 1996 quod
1238 1939 1487 1990 ingeminare
1509 1930 1688 1969 absolute

961 2017 1120 2059 quoque
1153 1999 1315 2039 dicitur.
1387 1993 1483 2036 748.
1517 1991 1690 2028 Noctem

961 2076 1135 2103 sermone
1168 2055 1349 2097 trahebat
1380 2050 1538 2089 doctius
1568 2058 1690 2096 quam

962 2123 1155 2167 alterum,
1194 2124 1410 2154 sermonem
1457 2106 1609 2145 trahere
1649 2104 1690 2139 in

966 2188 1131 2219 noctem.
1155 2200 1205 2205 ——
1240 2170 1334 2214 749.
1353 2170 1519 2217 longum
1539 2160 1693 2200 bibebat

968 2251 1160 2284 amorem,
1184 2227 1411 2273 imbibebat,
1443 2221 1554 2274 quasi
1574 2219 1693 2269 longo

967 2297 1131 2335 haustu.
1170 2285 1406 2339 Metaphora
1435 2294 1507 2335 per
1540 2290 1580 2316 se
1609 2277 1695 2315 sre-

971 2367 1107 2407 quens.

1029 2412 1126 2454 751.
1154 2407 1250 2449 752.
1281 2402 1434 2441 Ornate
1453 2409 1551 2448 pro:
1581 2403 1699 2443 super

973 2471 1159 2516 Hectore,
1190 2463 1420 2506 Memnone,
1452 2449 1639 2491 Diomede
1664 2453 1702 2485 et

976 2527 1143 2568 Achille.
1194 2519 1341 2560 Debuit
1359 2521 1494 2554 autem
1518 2511 1559 2548 in
1584 2506 1703 2546 armis

977 2582 1201 2627 Memnonis
1249 2573 1399 2627 aliquid
1448 2564 1704 2608 memorabile

981 2658 1080 2692 esse,
1120 2632 1459 2693 quemadmodum
1492 2627 1536 2665 in
1566 2621 1706 2662 ceteris

983 2714 1155 2757 quoque.
1205 2696 1294 2735 Vid.
1314 2693 1484 2730 Excurs.
1507 2684 1557 2722 ad
1576 2681 1616 2720 h.
1638 2693 1677 2718 v.

1042 2760 1139 2802 753.
1177 2757 1221 2794 A
1243 2753 1383 2804 prima
1414 2761 1450 2784 o.
1507 2739 1708 2780 excidium

985 2819 1128 2859 Troiae
1154 2829 1174 2853 a
1205 2810 1391 2851 simulato
1416 2801 1510 2842 inde
1533 2796 1707 2837 Achivo-

986 2891 1079 2917 rum
1117 2873 1253 2913 reditu
1288 2874 1468 2917 equoque
1506 2856 1708 2896 fabricato.

987 2936 1088 2976 Male
1110 2932 1172 2970 alii
1199 2933 1287 2981 post
1315 2920 1516 2962 Servium:
1549 2928 1566 2950 a
1593 2915 1710 2961 raptu

1372 2989 1434 3034 14
