1779 3420
185 245 316 295 1024
565 240 1329 290 EXCURSUSXI

496 424 1195 484 EXCURSUS
1276 428 1381 484 XI

280 543 384 585 De
451 538 902 584 indicibus
971 540 1185 597 apud
1252 542 1607 595 inferos.

294 659 363 709 VI,
396 655 621 701 431—433
654 656 748 694 Nee
773 669 863 694 vero
890 655 969 694 hae
997 657 1083 693 sine
1114 664 1215 694 sorte
1239 657 1382 706 clame,
1424 660 1509 695 sine
1543 658 1692 705 iudice,

180 717 304 756 sedes.
375 716 588 766 Quaesitor
606 715 750 752 Minos
779 728 924 751 urnam
941 722 1098 752 movet:
1131 714 1200 751 ille
1226 715 1415 753 silentum
1447 716 1696 753 Concilium-

181 789 256 827 que
284 780 402 811 vocat
429 773 612 823 vitasque
643 780 680 809 et
716 772 886 809 crimina
916 772 1048 811 discit.
1110 771 1239 810 Minos
1269 773 1429 823 itaque,
1468 786 1487 810 e
1520 773 1697 811 Maronis

179 838 327 881 mente,
346 830 388 868 in
410 829 540 882 primo
562 830 698 867 statim
720 828 771 866 ad
788 829 935 867 inferos
959 830 1085 877 aditu,
1110 831 1312 881 cognoscit
1327 833 1375 868 de
1395 831 1696 869 advenientium

181 890 404 928 animarum
427 899 579 936 caussa,
611 892 717 925 sorte
747 900 793 924 ac
822 887 914 925 sede
940 888 1201 938 assignanda:
1233 889 1315 926 sere
1347 895 1395 927 ut
1424 888 1532 941 apud
1559 890 1696 927 Plato-

181 960 272 986 nem
297 947 341 984 in
372 944 520 996 Gorgia
547 950 607 982 est
636 945 692 994 is,
746 945 814 995 qui
851 952 1078 984 ceterorum
1109 945 1257 984 iudicia
1298 947 1459 998 inspicit
1500 960 1546 984 ac
1575 947 1696 998 regit:

179 1019 219 1045 v.
241 1004 376 1057 paullo
395 1009 488 1056 post
509 1002 691 1043 dicenda.
742 1003 786 1040 In
804 1003 1003 1041 iudicibus
1024 1017 1094 1042 seu
1118 1004 1410 1054 quaesitoribus
1427 1005 1610 1043 locorum
1630 1005 1696 1043 in·-

179 1064 360 1102 ferorum
386 1067 504 1114 poeta
544 1061 784 1113 peculiarem
824 1062 1023 1099 rationem
1053 1063 1256 1113 sequitur,
1304 1062 1415 1113 quod
1441 1077 1524 1101 non
1559 1076 1695 1101 omnes

177 1122 220 1159 in
246 1134 328 1159 uno
350 1120 438 1158 loco
468 1120 701 1164 constituit,
733 1119 803 1156 sed
826 1119 1001 1170 singulos
1022 1120 1064 1158 in
1087 1120 1253 1159 diversis
1279 1121 1477 1172 partibus:
1507 1121 1548 1158 in
1565 1121 1694 1172 primo

178 1185 291 1230 septo
317 1178 490 1216 Minoem
507 1191 546 1217 v.
567 1180 664 1225 432,
698 1183 739 1215 at
759 1176 1117 1216 Rhadamanthum
1144 1178 1185 1216 in
1206 1179 1377 1217 Tartaro
1402 1193 1441 1218 v.
1474 1180 1569 1220 566.
1601 1179 1694 1230 My-

178 1237 272 1275 thus
291 1236 357 1274 hic
388 1236 550 1274 omnino
587 1235 703 1273 aliter
731 1242 823 1287 post
853 1236 1075 1274 Homerum
1108 1238 1271 1275 tractari
1305 1237 1458 1289 eoepit,
1500 1236 1615 1275 aliter
1645 1237 1694 1274 ab

178 1295 263 1347 ipso
291 1294 481 1333 Homero.
542 1294 641 1331 Nam
661 1293 692 1331 is
714 1293 887 1332 Minoem
909 1295 1039 1333 obiter
1062 1294 1168 1333 inter
1198 1301 1349 1333 ceteras
1381 1295 1429 1332 ab
1452 1294 1591 1332 inferis
1620 1308 1694 1332 ex-

179 1354 321 1391 citatas
359 1353 509 1390 animas
545 1351 749 1401 nominat,
788 1350 1086 1404 θεμιστεύοντα
1116 1360 1252 1390 tamen
1284 1349 1496 1393 νεκύεσσιν
1523 1349 1692 1405 ἥμενον,

179 1411 359 1461 adeoque
386 1411 582 1459 iudicem,
624 1423 669 1447 eo
697 1410 868 1461 scilicet,
909 1417 955 1448 ut
985 1410 1027 1448 id
1058 1417 1149 1462 agat
1180 1411 1290 1464 apud
1310 1411 1479 1458 inferos,
1511 1411 1621 1461 quod
1650 1411 1693 1448 in

178 1469 255 1507 hac
272 1469 355 1507 vita
374 1469 557 1520 persequi
578 1473 663 1506 erat
686 1468 847 1507 solitus:
880 1474 924 1506 ut
950 1469 1014 1507 alii
1030 1467 1172 1507 heroes
1199 1470 1295 1507 alia:
1335 1469 1432 1507 dum
1460 1481 1582 1518 equos
1606 1468 1693 1520 agi-

178 1534 287 1576 tant,
327 1527 446 1565 armis
475 1533 634 1564 certant
668 1532 709 1563 et
736 1526 791 1563 sie
828 1540 962 1577 porro.
1042 1526 1094 1565 At
1124 1526 1459 1565 Rhadamanthus
1488 1527 1529 1564 in
1562 1527 1692 1578 Elysio

178 1592 386 1634 versatur,
417 1590 623 1636 tamquam
646 1585 734 1637 pius
758 1583 897 1633 heros,
930 1584 1075 1636 Odyss.
1103 1587 1139 1630 ὁ,
1173 1586 1269 1628 564.
1330 1585 1451 1637 Apud
1473 1584 1693 1622 Pindarum

178 1650 312 1682 autem
341 1643 447 1681 idem
467 1649 525 1680 est
546 1639 714 1697 Κρόνου
741 1640 945 1696 πάρεδρος
973 1643 1131 1695 Olymp.
1151 1644 1198 1692 Π,
1234 1646 1314 1686 137
1337 1657 1408 1694 sq,
1454 1648 1494 1680 et
1517 1642 1691 1693 quidem,

178 1706 226 1740 ut
251 1715 301 1739 ex
318 1702 406 1739 loco
428 1706 616 1752 apparet,
648 1713 820 1738 assessor
842 1701 940 1738 iuris
971 1701 1135 1740 dicundi
1159 1715 1316 1750 caussa,
1347 1701 1496 1739 scilieet
1528 1700 1690 1738 heroico

178 1772 276 1797 aevo
297 1759 371 1810 ipsi
396 1772 505 1809 reges
523 1759 585 1796 ius
609 1758 807 1796 dicebant.
851 1759 991 1809 Itaque
1014 1759 1214 1798 Homerus
1232 1760 1272 1796 in
1293 1760 1389 1798 locis
1410 1760 1544 1797 inseris
1564 1772 1692 1796 unum

171 1817 380 1854 Plutonem
402 1815 607 1864 exhibuit,
640 1830 731 1853 cuin
758 1816 1019 1867 Proserpina,
1062 1823 1107 1855 ut
1137 1819 1270 1856 lovem
1301 1824 1341 1855 et
1362 1818 1555 1855 lunonem
1579 1829 1600 1853 e
1620 1829 1691 1853 su-

172 1875 278 1927 peris
306 1874 589 1912 aemularetur.
657 1874 808 1911 Poenas
842 1874 1029 1925 infligunt
1064 1875 1165 1926 regis
1190 1875 1300 1912 iussu
1331 1875 1542 1925 ErinnyGS,
1581 1888 1619 1912 v.
1657 1887 1689 1912 c.

170 1933 283 1970 Iliad.
316 1948 342 1981 ι,
373 1932 633 1974 565-567.
691 1931 843 1968 Fabula
874 1931 973 1969 adeo
1001 1932 1050 1970 de
1084 1932 1202 1970 trinis
1242 1932 1442 1970 iudicibus
1468 1932 1690 1969 inferorum

170 1997 263 2042 post
284 1990 530 2039 Homerum,
572 1990 676 2027 forte
697 1995 736 2027 et
753 1995 845 2040 post
865 1990 1082 2028 Pindarum
1105 1991 1272 2029 inventa
1301 1996 1378 2039 est;
1409 2003 1454 2027 eo
1483 2002 1581 2027 aevo
1614 1989 1690 2027 ad-

172 2054 335 2101 optata,
368 2061 460 2085 cum
480 2060 590 2099 reges
612 2061 692 2084 non
715 2047 884 2099 amplius
904 2048 977 2100 ipsi
996 2049 1057 2086 ius
1085 2048 1284 2097 dicerent,
1316 2048 1385 2085 sed
1412 2047 1557 2085 darent
1579 2046 1690 2085 iudi-

172 2120 254 2157 ces,
285 2112 356 2144 aut
382 2119 473 2143 cum
502 2105 544 2143 in
573 2105 802 2143 civitatibus
825 2106 1015 2144 Graeciae
1042 2106 1194 2144 iudices
1227 2106 1364 2144 selecti
1394 2108 1690 2144 constitueren-

171 2171 255 2203 tur.
313 2164 354 2201 Si
376 2163 550 2201 Minoem
583 2170 623 2201 et
651 2163 1008 2202 Rhadamanthum
1044 2165 1161 2203 Creta
1189 2177 1271 2202 esse
1290 2163 1483 2202 oriundos
1514 2169 1688 2214 reputes,

172 2236 195 2260 a
225 2221 482 2260 Cretensibus
510 2221 575 2260 vel
604 2235 626 2258 a
660 2228 778 2272 poeta
811 2222 965 2273 aliquo,
1018 2222 1085 2273 qui
1119 2223 1294 2261 Creticas
1323 2222 1478 2260 fabulas
1515 2226 1689 2258 sectatus

172 2286 278 2328 erat,
310 2281 487 2331 primum
507 2292 572 2316 eos
595 2279 637 2316 in
666 2280 846 2319 Plutonis
875 2293 997 2332 regno
1015 2280 1167 2319 iudices
1188 2281 1431 2319 constitutos
1456 2291 1536 2316 esse
1556 2278 1689 2331 suspi-

173 2339 254 2378 cari
275 2338 379 2376 licet.
440 2337 593 2375 Aeacus
617 2350 716 2376 vero
743 2338 908 2376 ultimus
936 2338 1117 2388 accessit,
1160 2339 1265 2377 sorte
1293 2339 1342 2376 ab
1374 2337 1588 2377 Homerico
1614 2336 1689 2374 ali-

174 2410 254 2446 quo
276 2402 393 2447 poeta
412 2401 668 2446 surrogatus,
698 2395 740 2433 in
761 2395 926 2434 Achillis
954 2395 1173 2444 honorem,
1206 2396 1318 2435 cuius
1348 2409 1446 2434 avus
1477 2401 1564 2433 erat
1584 2393 1688 2432 Aea-

174 2467 255 2491 cus.
316 2453 361 2490 In
388 2452 571 2491 Axiocho
604 2452 684 2491 duo
709 2459 872 2492 tantum
901 2454 944 2492 in
974 2455 1123 2506 Campo
1144 2454 1336 2494 Veritatis
1363 2453 1502 2491 sedent
1523 2452 1687 2501 iudices,

174 2511 302 2548 Minos
338 2517 378 2548 et
422 2510 779 2561 Rhadamanthus,
833 2518 875 2550 at
920 2512 962 2549 in
1001 2512 1147 2563 Gorgia
1179 2511 1234 2563 (p.
1261 2513 1345 2553 357
1375 2512 1419 2549 A.
1440 2511 1521 2548 Frf.
1548 2509 1686 2561 Steph.

173 2582 213 2621 p.
235 2567 319 2609 524
352 2567 412 2622 1).)
445 2575 544 2606 tres:
587 2569 755 2608 Asianos
786 2569 948 2620 quidem
972 2570 1126 2609 iudicat
1156 2567 1510 2617 Rhadamanthus,
1554 2568 1686 2604 Euro-

174 2638 292 2678 paeos
316 2624 492 2675 Aeacus,
522 2626 650 2665 Minos
674 2633 807 2665 autem
828 2627 1107 2679 ἐπιδιακρίνει,
1136 2627 1382 2678 recognoscit
1400 2631 1437 2663 et
1452 2624 1554 2676 regit
1576 2624 1686 2662 iudi-

176 2684 233 2721 cia
257 2683 450 2732 istorun13
500 2690 541 2720 et
565 2684 605 2721 in
635 2683 799 2736 Apolog,
829 2687 940 2723 Socr.
971 2685 1044 2723 sub
1073 2686 1100 2723 f.
1131 2699 1222 2723 cum
1256 2684 1382 2722 tribus
1411 2682 1487 2720 illis
1516 2682 1684 2733 Tripto-

175 2742 301 2779 lemus
341 2746 378 2778 et
410 2740 474 2778 alii
515 2739 675 2790 heroes,
724 2742 792 2792 qui
822 2742 924 2780 iuste
956 2743 1169 2790 vixerunt,
1210 2741 1356 2779 iudicia
1394 2742 1498 2778 inter
1534 2741 1685 2778 animas

175 2805 375 2838 exercent.

291 2858 385 2894 Post
413 2855 487 2894 hos
518 2868 656 2894 omnes
684 2869 789 2894 nova
819 2855 974 2893 ratione
993 2854 1176 2906 Virgilius
1195 2855 1389 2893 iudicium
1419 2854 1496 2893 hoc
1523 2867 1574 2892 ex
1598 2854 1684 2891 Ro-

176 2928 294 2952 mano
324 2914 566 2952 iudiciorum
596 2926 708 2951 more
735 2913 909 2952 ordinat.
969 2913 1013 2951 ln
1054 2927 1188 2951 caussa
1220 2914 1378 2965 capitali
1407 2913 1528 2950 iudex
1557 2925 1685 2963 quae-

176 2975 314 3010 stionis
343 2973 455 3010 sedet
483 2986 553 3011 seu
583 2978 765 3024 praetor,
797 2971 1020 3022 quaesitor,
1061 2971 1124 3009 cui
1156 2984 1198 3009 ca
1230 2972 1408 3022 quaestio
1439 2976 1547 3009 sorte
1578 2969 1684 3007 obti-
