1779 3420
133 204 237 255 450
492 201 547 250 Ρ.
585 198 960 249 VIRGILII
996 195 1373 246 MARONIS

132 327 260 381 Auri
278 343 423 376 sacra
447 326 643 378 fames!
715 329 1010 392 Postquam
1034 339 1204 389 pavor
1233 338 1350 372 ossa
1373 321 1615 389 reliquit:

132 399 388 451 Delectos
403 399 594 465 populi
619 397 683 447 ad
709 412 978 463 procereS,
1003 395 1354 461 primumque
1369 401 1672 459 parentem,

131 474 375 521 Monstra
399 468 565 518 deum
586 466 785 530 refero,
826 475 892 529 et,
932 481 1069 532 quae
1089 465 1154 512 sit
1173 465 1452 525 sententia,
1488 479 1672 529 posco,

135 540 409 591 Omnibus
432 539 581 588 idem
607 539 815 588 animus
839 537 1095 585 scelerata
1123 534 1381 583 excedere
1404 544 1571 594 terra;
1605 540 1672 586 60

130 610 330 678 Linqui
384 610 657 676 pollutum
713 607 1048 674 hospitium,
1114 613 1167 654 et
1226 604 1354 655 dare
1418 604 1672 654 classibus

928 684 1147 725 austros,

223 800 270 834 57
296 796 454 843 caecas:
472 796 582 830 Wall.
631 796 808 840 relinquit
838 794 908 827 duo
938 794 1052 826 Burin.
1149 792 1195 827 58
1232 792 1396 825 Dilectos
1424 790 1515 824 alter
1544 791 1671 825 Hamb.

129 858 167 892 J).
202 855 237 878 et
268 857 443 892 proceres
476 845 614 887 Menag.
644 856 698 888 pr.
745 850 946 888 parentum
980 840 1118 885 aliquot
1158 839 1322 872 Pieriani.
1421 840 1465 873 59
1504 848 1539 871 et
1569 840 1671 871 deest

132 894 271 936 Menag.
295 905 348 936 pr.
445 892 491 926 60
526 890 722 924 abscedere
753 889 861 921 Goth.
896 894 976 920 tert.
1085 889 1128 922 61
1164 889 1351 932 Linquere
1381 898 1462 930 pars
1494 886 1598 919 codd.
1637 893 1672 920 et

133 940 213 973 edd.
263 943 309 972 At
333 938 497 971 Heinsius
517 950 591 971 cum
614 938 713 978 aliis,
746 937 841 968 inter
867 947 954 979 quos
986 934 1115 968 Medic.
1147 934 1258 973 Gud.‚
1302 933 1441 978 linqui,
1469 934 1593 966 eadem
1623 933 1669 975 vi,

132 988 194 1020 sed
218 994 324 1031 poeta
344 992 465 1031 potest
487 985 600 1018 videri
622 984 774 1017 voluisse
798 983 995 1015 orationem
1014 982 1163 1014 variare.
1214 982 1396 1025 (linquere
1427 981 1512 1013 olim
1534 981 1670 1015 edeba-

131 1043 205 1074 tur;
233 1034 282 1067 sic
304 1034 412 1066 Palat.
436 1045 511 1065 cum
534 1033 670 1065 minore
690 1044 730 1064 ac
755 1030 934 1063 deteriore
954 1029 1113 1063 codicum
1136 1035 1258 1073 parte3
1293 1040 1333 1060 ao
1353 1040 1502 1069 vereor,
1536 1041 1580 1061 ne
1602 1029 1670 1061 hoc

130 1081 239 1114 futuri
270 1081 340 1113 sint
371 1080 430 1124 qui
459 1087 660 1112 revocatum
699 1079 821 1111 velint.
879 1079 923 1109 Et
955 1089 1160 1122 quamquam
1192 1082 1353 1121 apertum
1391 1082 1469 1117 est,
1502 1076 1671 1121 linquere

133 1129 286 1173 glossam
321 1139 468 1172 sapere,
503 1127 627 1159 mirum
661 1134 776 1158 tamen
805 1126 956 1158 sortasse
991 1123 1188 1164 videbitur,
1235 1135 1341 1168 quare
1367 1123 1510 1155 soloece
1541 1124 1669 1168 linqui,

130 1175 337 1208 insolentius
358 1181 492 1207 mutata
514 1174 607 1206 inter
636 1173 773 1206 medios
806 1172 911 1205 activi
943 1171 1136 1204 infinitivos
1167 1177 1367 1211 structura,
1409 1183 1513 1215 quam
1544 1170 1669 1203 Latine

130 1223 296 1268 linquere
323 1221 478 1254 scribere
508 1221 671 1254 maluerit
700 1219 882 1264 Virgilius.
932 1223 984 1252 An
1023 1215 1218 1261 α’ρχαϊκῶς
1258 1218 1411 1250 locutum
1454 1218 1669 1262 putabimus,

129 1277 166 1303 ut
189 1270 309 1315 linqui
334 1268 402 1301 vim
424 1268 638 1314 deponentis
670 1268 822 1306 habeat,
856 1273 894 1299 ut
925 1267 1091 1299 nutritor
1123 1267 1186 1299 Ge.
1221 1267 1264 1307 ll,
1289 1266 1370 1300 425.
1407 1272 1441 1297 et
1479 1264 1669 1298 bellantur

129 1322 214 1351 Aen.
233 1318 298 1358 XI,
317 1315 412 1352 660?
460 1318 512 1349 Ita
535 1327 618 1348 vero
641 1315 893 1360 vituperandus
911 1313 1003 1355 erit,
1040 1313 1135 1358 quod
1156 1325 1229 1346 rem
1255 1312 1439 1357 reliquerit
1472 1312 1507 1345 h.
1536 1312 1560 1346 l.
1590 1323 1668 1345 am·-

128 1439 192 1473 re,
226 1422 250 1461 i.
276 1436 307 1462 e.
341 1437 504 1462 cursum
536 1422 737 1461 marinum
769 1435 867 1460 cur-

128 1495 240 1530 rere,
278 1488 319 1519 et
345 1495 446 1533 quae
479 1487 575 1519 sunt
610 1480 673 1519 his
701 1481 866 1530 similia,

129 1541 201 1580 cfr.
226 1540 252 1587 l,
274 1543 363 1589 67.;
393 1541 449 1578 ita
475 1535 633 1592 δόλιχον
661 1544 780 1588 θεῖν,
809 1555 867 1579 νι-

129 1602 207 1638 κᾶν
228 1593 454 1650 Ὀλύμπιοι,
487 1604 560 1635 cet.
622 1597 703 1635 Sed
732 1597 866 1635 rario—

128 1670 191 1695 res
213 1662 308 1693 sunt
339 1655 534 1694 eiusmodi
556 1655 866 1707 compositiones

128 1718 364 1767 propterea,
405 1713 516 1764 quod
557 1728 632 1765 pro
670 1713 865 1751 eiusmodi

128 1772 380 1811 substantivo
411 1785 634 1824 pronomen
668 1784 865 1824 usurpare

128 1836 285 1869 mature
343 1836 673 1880 consueverunt3
728 1830 865 1880 itaque

127 1902 202 1941 pro
228 1903 346 1940 quem
364 1903 523 1926 cursum
543 1890 667 1926 carris
687 1910 746 1917 —-
767 1889 864 1937 sive,

128 1953 176 1985 ut
206 1946 359 1997 generis
383 1947 487 1984 ratio
522 1952 735 1999 appareat,
767 1947 868 1998 quid

127 2013 184 2042 est
204 2004 278 2041 hoc
300 2019 474 2054 currere,
509 2013 550 2042 et
581 2005 655 2043 alia
682 2004 864 2042 similiter

127 2085 183 2091 —
198 2062 329 2100 dicere
347 2069 568 2115 coeperunt
589 2063 690 2116 qaid
708 2065 861 2110 curri.s·;

127 2121 321 2172 qzcc'clfles
345 2120 367 2160 i.
393 2134 425 2159 e.
448 2136 567 2174 quem
589 2123 860 2172 flelumfles;

127 2179 238 2216 istud
256 2181 420 2229 angeris
451 2180 475 2217 i.
507 2192 539 2218 e.
575 2181 696 2217 islam
727 2195 782 2217 an
792 2194 862 2216 ‹ro-

126 2251 208 2274 rem
240 2239 430 2287 angeris;
481 2238 527 2275 id
565 2238 721 2286 lzorlor,
765 2238 790 2276 i.
829 2251 861 2276 e.

127 2309 218 2332 eum
251 2295 456 2333 hortatum
480 2296 616 2334 hortor
628 2311 644 2343 ;
685 2296 731 2333 id
761 2310 862 2347 cogo

127 2352 151 2389 i.
173 2365 205 2390 e.
225 2367 316 2390 eam
333 2355 579 2391 coactionem
596 2376 654 2383 --
671 2354 724 2392 sit
745 2354 863 2393 venia

128 2410 252 2447 verbo
272 2433 329 2438 —
348 2425 474 2461 σθένω·
506 2412 562 2449 ita
581 2413 764 2465 χρῆσθαί
783 2413 865 2453 τινί

128 2483 165 2506 τι
205 2474 264 2505 est
296 2483 354 2520 χρ.
380 2484 461 2508 τινι
501 2471 693 2522 χρῆσίν
734 2486 865 2511 τινα.

129 2524 208 2562 Sed
232 2525 411 2563 abstineo
432 2527 511 2564 iarn
535 2528 738 2580 exemplis,
762 2542 864 2578 quae

128 2582 281 2620 infinita
305 2591 474 2634 possunt
493 2586 665 2636 congeri.
722 2585 776 2624 At
800 2586 865 2623 di-

128 2641 237 2679 xerit
266 2640 428 2691 aliquis,
470 2642 628 2680 diversa
660 2656 741 2680 esse
767 2644 868 2695 quid

129 2700 253 2736 carris
293 2705 333 2736 et
366 2714 484 2750 quem
512 2715 672 2738 cursam
707 2703 859 2748 curris,-

129 2755 208 2794 hoc
230 2757 333 2794 enim
363 2770 445 2794 esse
474 2757 603 2807 idem,
644 2759 753 2809 quod
784 2773 861 2810 quo

128 2816 277 2862 carris,
311 2814 355 2851 id
383 2822 517 2854 autem
541 2830 621 2854 non
650 2816 860 2868 significari

128 2885 200 2924 per
217 2873 318 2924 quid
342 2875 479 2912 curt-1⁴3.
539 2875 580 2912 Si
613 2888 731 2913 usum
765 2888 860 2926 spe-

129 2937 231 2980 ctas,
274 2930 341 2982 qui
372 2930 535 2982 quidem
567 2932 609 2971 in
637 2932 747 2971 omni
778 2933 860 2972 lin-—

926 1435 1003 1474 gua
1032 1421 1292 1471 dominatur,
1323 1420 1437 1458 facile
1467 1419 1668 1469 concedo,

926 1480 957 1518 si
976 1480 1190 1530 rationem,
1212 1493 1295 1518 non
1314 1479 1424 1518 item.
1471 1479 1542 1517 Est
1560 1478 1667 1516 enim

925 1537 1005 1576 hoc
1040 1539 1168 1577 onmis
1206 1537 1536 1589 interrogationis
1566 1550 1666 1589 pro-

926 1597 1081 1648 prium,
1127 1602 1171 1635 ut
1200 1597 1265 1635 vel
1304 1609 1400 1635 vere
1430 1596 1666 1647 interroget,

926 1655 991 1693 vel
1029 1655 1201 1706 aliquem
1239 1654 1527 1705 interrogantis
1568 1654 1665 1692 affe-

924 1719 1057 1762 ctum,
1089 1719 1136 1751 ut
1162 1713 1441 1761 mirationem,
1474 1712 1664 1764 indigna-

924 1771 1100 1820 tionem,
1142 1771 1358 1823 signifieet,
1398 1771 1664 1822 quemadmo-

924 1829 1022 1867 dum
1053 1829 1085 1866 si
1115 1829 1205 1868 dico
1229 1829 1331 1881 quid
1350 1830 1547 1879 gaudes?
1578 1829 1602 1867 i.
1631 1842 1663 1867 e.

924 1887 1035 1939 quod
1051 1889 1259 1938 gaudiam
1276 1889 1438 1938 gaudes·
1453 1917 1462 1935 ,
1497 1892 1569 1925 aut
1590 1901 1664 1925 cu-

923 1946 990 1998 pio
1009 1959 1170 1984 causam
1191 1946 1327 1997 gaudii
1351 1945 1562 1983 cuiusdam
1590 1958 1663 1984 re—

923 2004 1111 2053 sciscere,
1168 2010 1239 2042 aut
1283 2003 1552 2042 mirabundus
1597 2003 1663 2042 vel

921 2061 1251 2113 indignabundus
1312 2063 1470 2114 loquor.
1561 2061 1663 2118 Vide

922 2121 1044 2158 etiam
1070 2121 1116 2160 V.
1141 2121 1183 2160 L.
1214 2121 1263 2159 ad
1296 2121 1345 2169 ΙΙ,
1377 2124 1473 2162 690.
1504 2126 1544 2159 et
1578 2120 1661 2170 VII,

920 2178 1019 2222 641.
1090 2179 1281 2218 Ceterum
1334 2180 1450 2217 iacile
1503 2193 1555 2217 ex
1599 2178 1662 2217 his

919 2238 1037 2289 ipsis,
1072 2251 1174 2289 quae
1198 2238 1320 2276 modo
1350 2237 1661 2289 disputavimus,

922 2296 1160 2348 intelligitur
1207 2297 1314 2334 ratio
1368 2297 1662 2335 adiectivorum

922 2368 996 2406 pro
1026 2354 1228 2393 adverbiis
1260 2361 1573 2406 usurpatorum,
1614 2360 1662 2392 ut

922 2412 1104 2450 crebra
1154 2413 1302 2463 ferire,
1363 2413 1659 2450 sollemnia

922 2472 1120 2520 insanire,
1151 2485 1191 2507 m
1203 2472 1315 2508 alta
1326 2485 1377 2519 m*
1381 2471 1488 2520 salli
1501 2500 1512 2519 ,
1540 2472 1660 2509 etiam

921 2529 1281 2579 nimiamjelix,
1309 2528 1526 2581 μέγιστα
1547 2525 1658 2582 εὔερ-

923 2590 1071 2638 γετεῐν,
1103 2584 1272 2626 πολλοὶ
1296 2582 1477 2633 ἀδικεῖν,
1510 2583 1659 2628 δεινὰ

924 2639 1167 2696 ἀναγκάζειν
1189 2639 1293 2684 τινά.
1316 2650 1390 2682 cet.
1428 2644 1541 2699 IsVr.)

982 2704 1048 2742 61.
1092 2703 1208 2739 Dare
1256 2702 1454 2740 classibus
1501 2712 1658 2741 austros

921 2772 1003 2796 non
1038 2765 1096 2797 est
1121 2759 1355 2811 hypallage,
1387 2775 1506 2812 quam
1536 2762 1657 2813 vulgo

920 2816 1095 2867 iactant,
1127 2824 1172 2856 ut
1192 2831 1381 2870 perversa
1410 2820 1568 2859 ratione
1594 2833 1659 2859 res

919 2875 1161 2925 effe1-antur;
1193 2876 1284 2926 sed,
1312 2883 1358 2915 ut
1383 2879 1503 2931 vulgo
1537 2880 1658 2917 navis

918 2942 1032 2972 vento
1052 2934 1162 2972 tradi
1193 2934 1365 2987 dicitur,
1396 2936 1452 2975 sic
1478 2936 1659 2989 exquisi-
