1811 3388
370 229 778 282 AENEIDOS
814 228 955 277 LIB.
994 229 1081 291 VI,
1109 233 1399 282 632—640
1545 239 1643 285 949

129 363 408 411 Devenere
435 357 585 405 locos
603 354 793 417 laetOS,
833 363 886 403 et
905 370 1130 403 amoena
1154 354 1317 403 vireta

129 435 549 480 Fortunatorum
566 441 857 474 nemorum
871 464 883 487 ‚
922 424 1187 490 sedesque
1208 423 1400 474 beatas..

128 499 346 563 Largior
365 497 453 546 hic
483 511 700 562 campos
722 493 907 544 aether
931 504 984 544 et
1003 494 1210 543 lumine
1235 494 1388 543 vestit
1544 500 1643 546 640

222 650 291 685 638
317 649 513 683 Advertere
541 647 667 692 aliquis
692 647 788 692 apud
813 647 938 688 Guell.‚
976 646 1036 692 qui
1063 646 1274 691 ignorabat,
1307 644 1548 691 praepositum
1571 645 1645 677 fere

129 697 246 742 poetis
272 697 409 738 omitti,
434 698 646 729 Graecorum
671 694 844 738 exemplo.
902 695 1042 727 virecta
1076 694 1234 727 scribunt
1258 694 1334 726 fere
1358 693 1493 726 librarii
1518 691 1577 724 hic
1611 699 1647 724 et

129 744 227 777 alibi.
299 744 368 778 640
393 755 542 788 campus
566 743 620 786 (ut
641 740 710 774 sit:
734 743 777 774 L.
803 742 838 775 lz.
864 753 1032 786 campas,
1067 742 1196 774 aether
1229 749 1265 774 et
1289 740 1314 774 l.
1339 753 1374 774 ν.
1399 742 1456 782 Ρ.)
1494 737 1645 772 Pieriani

129 791 261 836 aliquot
287 792 387 825 Rom.
414 798 448 823 et
473 789 563 822 Gud.
599 801 618 822 a
650 800 696 822 m.
720 800 789 821 sec.
824 788 970 822 Mentel.
994 799 1048 832 pr.
1074 800 1093 820 a
1117 800 1161 820 m.
1187 799 1242 831 pr.
1280 794 1313 820 et
1337 788 1460 831 fragm.
1486 785 1599 820 Vatic.
1626 797 1646 818 a

128 851 174 872 m.
200 850 266 882 pr.‚
295 844 330 870 et
353 843 522 870 mutatum
537 835 650 869 videri
674 840 805 880 potest,
831 847 872 868 ex
896 834 988 867 malo
1014 834 1118 867 metri
1142 832 1274 867 ruentis
1297 840 1411 873 metu;
1433 833 1493 865 sed
1518 831 1646 866 verisi-

127 885 243 918 milius
270 884 416 917 librario
442 884 511 916 hoc
536 881 679 924 deberi,
724 882 782 927 qui
807 882 852 914 ad
875 882 1038 927 Largior
1071 881 1249 914 retulerat.
1298 881 1356 914 hic
1390 881 1518 913 aether
1543 892 1643 912 cam-

123 945 196 979 pos
220 931 329 965 Goth.
362 943 431 963 sec.
466 938 500 962 et
531 929 693 962 Parrhas.
728 929 832 961 metri
857 941 995 968 caussa3
1035 935 1090 969 et,
1115 940 1179 961 aer
1203 939 1360 973 campos,
1392 927 1530 970 aliquot
1553 926 1644 959 Pier.

129 979 175 1011 de
199 979 335 1011 lamine
362 979 448 1022 Reg.
476 989 496 1010 a
520 989 565 1009 m.
590 988 643 1020 pr.
692 976 729 1007 In
764 984 800 1008 et
835 975 1005 1008 neminem
1039 974 1194 1008 haesisse
1220 974 1339 1007 miror.
1388 973 1530 1007 Scilicet
1555 973 1644 1005 ordo

128 1026 335 1065 verborum,
362 1031 441 1057 aut:
466 1024 629 1068 Largior
652 1023 710 1055 lzic
733 1022 860 1055 aether
886 1031 952 1062 est,
979 1030 1015 1055 et
1038 1034 1184 1067 campos
1207 1022 1232 1056 l.
1261 1035 1293 1054 ν.
1320 1022 1373 1061 R,
1401 1027 1477 1053 aut?
1508 1021 1646 1054 Aether

128 1072 291 1118 largior,
318 1079 354 1104 et
379 1072 515 1104 lamine
536 1082 744 1116 purpureo,
770 1070 883 1102 vestit
906 1081 1072 1115 campos,
1105 1069 1140 1101 h.
1167 1080 1196 1101 e.
1219 1067 1420 1101 circumdat.
1469 1068 1545 1100 Hoc
1568 1079 1645 1099 ma-

127 1118 201 1151 lim.
249 1119 306 1151 Sic
331 1118 399 1151 iam
424 1117 545 1150 Cicero
571 1117 607 1148 in
634 1117 823 1149 Phaenom.
848 1128 880 1149 v.
904 1117 950 1150 60
976 1119 1085 1158 Quem
1111 1115 1385 1160 (Capricornum)
1413 1126 1493 1146 curn
1506 1125 1644 1160 perpe—

129 1174 194 1198 tuo
219 1166 367 1198 vestivit
392 1165 528 1197 lumine
560 1165 681 1196 Titan.
707 1163 864 1207 (Wakef.
888 1162 933 1196 ad
956 1163 1095 1196 Lueret.
1121 1164 1162 1204 11,
1191 1162 1268 1197 147.
1294 1162 1381 1194 haec
1406 1161 1455 1193 sic
1479 1160 1643 1204 corrigit:

127 1213 290 1258 Largior
314 1212 393 1244 heic
418 1212 602 1256 campis
627 1211 778 1251 aether,
815 1218 849 1242 et
874 1209 1011 1243 lumine
1037 1210 1190 1242 vestis
1214 1211 1418 1253 Purpureo.
1469 1207 1539 1241 Sed
1567 1207 1643 1250 ipse

128 1259 305 1304 vulgatum
330 1258 490 1291 defendit
513 1258 557 1291 ad
587 1257 689 1290 eund.
714 1258 771 1300 111,
800 1258 877 1298 21&
918 1262 954 1289 et
978 1255 1046 1290 vid.
1073 1258 1115 1298 Q.
1137 1257 1181 1291 V.
1208 1256 1410 1298 XXX1111,
1433 1255 1466 1289 2.
1496 1254 1595 1299 Wr.)

127 1403 212 1428 esse
236 1390 408 1428 insulam
428 1388 469 1426 in
489 1388 670 1437 Oceano,
703 1388 766 1426 cui
784 1390 858 1426 Sa-
918 1401 1010 1426 cum
1032 1401 1070 1426 v.
1084 1385 1168 1429 724
1185 1399 1269 1437 sqq.
1291 1385 1479 1435 servavit,
1502 1390 1542 1422 et
1557 1383 1597 1422 h.
1616 1383 1642 1423 l.

127 1455 275 1487 turnus
294 1448 487 1500 imperet,
530 1445 655 1500 (unde
687 1446 719 1484 ei
739 1446 858 1497 regia,
915 1445 1100 1497 inprimis
1126 1445 1347 1483 Homerum
1380 1449 1472 1481 ante
1507 1442 1643 1480 oculos

127 1502 288 1558 τύρσις,
328 1505 524 1544 tribuitur
554 1504 596 1542 in
627 1503 712 1557 illa)
737 1518 858 1542 aurae
915 1502 1070 1551 habuit,
1093 1509 1132 1540 et
1144 1502 1376 1549 Pindarum,
1394 1499 1641 1539 locislaudd.

127 1564 380 1614 odorumque
394 1577 442 1601 ex
457 1562 624 1600 floribus
642 1563 768 1600 omnis
788 1575 857 1613 ge-
915 1562 1015 1600 Nam
1042 1562 1152 1598 sedes
1177 1559 1316 1598 heatae
1337 1559 1412 1611 ipsi
1443 1564 1536 1596 sunt
1562 1558 1643 1595 luci

128 1622 234 1660 neris
267 1622 409 1660 afflatu
432 1620 783 1669 iucundissimam,
814 1622 855 1658 in

127 1693 172 1717 ea
201 1679 385 1718 habitare
413 1678 553 1716 heroes
576 1685 753 1727 veteres,
785 1677 859 1715 de-

126 1738 266 1776 lectari
287 1737 349 1775 his
371 1736 583 1785 odoribus,
613 1736 719 1773 inter
738 1736 857 1773 ludos

127 1802 167 1833 et
188 1809 298 1833 sacra
322 1795 395 1833 diis
418 1795 538 1834 sacta.
576 1793 739 1831 Doctior
758 1794 855 1843 vita,

126 1861 168 1891 et
197 1852 483 1906 philosophicis
523 1851 667 1890 studiis
693 1851 855 1889 exculta

126 1912 293 1950 Graecia
316 1942 327 1960 ,
382 1923 542 1948 serenae
584 1915 623 1947 et
674 1909 854 1960 placidae

125 1969 272 2007 inentis
299 1968 443 2020 gaudia
471 1981 521 2005 ex
540 1979 665 2019 purae
697 1973 736 2004 et
757 1981 856 2004 con-

127 2027 273 2065 stantis
295 2026 459 2065 virtutis
492 2024 735 2062 conscientia
756 2038 855 2062 mox

127 2084 294 2123 adiecit:
336 2098 414 2134 quo
444 2082 615 2120 melioris
638 2082 855 2133 sapientiae

124 2143 274 2195 placito
301 2141 450 2194 egregie
478 2154 594 2178 usum
622 2139 758 2178 videas
789 2139 854 2176 in·-

124 2207 189 2239 ter
227 2200 323 2237 alios
354 2200 571 2237 Gloveruin
604 2197 647 2234 in
678 2197 854 2234 Leonida

124 2259 188 2307 X,
233 2259 313 2300 156
349 2271 431 2307 sqq.
464 2258 505 2293 in
544 2255 651 2292 those
679 2254 857 2305 lzappier

114 2316 244 2363 field-s
261 2337 318 2344 -—
342 2314 496 2354 lVlzere
515 2326 633 2349 never
650 2313 789 2362 gloom
811 2311 866 2363 of

125 2373 272 2411 trouble
299 2372 446 2410 ‚shades
483 2371 546 2408 the
585 2370 700 2406 mind
708 2399 719 2417 ‚
765 2371 856 2407 ZVor

122 2439 219 2481 guel
239 2430 285 2481 os
294 2432 461 2481 pass-ion
481 2428 627 2465 beares
651 2427 714 2464 tlte
746 2429 854 2478 quiec

124 2488 267 2536 brea-st,
312 2489 404 2525 ZVor
430 2486 538 2523 fletvs
572 2484 626 2533 of
638 2484 758 2534 grief
784 2498 852 2520 are

124 2545 329 2596 sprinkled
343 2575 352 2592 ,
389 2550 427 2581 et
447 2557 528 2581 uno
553 2542 678 2580 verbo
698 2541 850 2578 Statius

124 2603 158 2642 V
183 2603 278 2641 Silv.
313 2605 351 2651 3,
383 2603 466 2643 286
486 2600 526 2638 in
554 2600 680 2652 patris
708 2599 850 2650 Epioe-

125 2660 215 2698 dio:
253 2662 312 2698 lte
334 2662 400 2710 pii
418 2661 633 2696 Manes—
653 2658 706 2693 Et
729 2671 850 2693 mon-

123 2726 242 2755 strate
274 2732 434 2765 nemus,
470 2730 546 2767 (suo
577 2715 691 2752 nulla
713 2716 853 2765 irrupit

124 2776 312 2825 Erinnys,
346 2776 397 2811 ln
417 2773 627 2825 qnosalsa
650 2773 733 2810 dies
754 2786 849 2809 cae-

122 2833 236 2883 loque
255 2833 484 2869 simillimus
503 2830 639 2867 aether
651 2846 662 2867 :
699 2829 748 2867 de
769 2843 848 2879 quo

122 2890 170 2930 cs.
201 2889 267 2927 ins.
299 2889 351 2926 ad
371 2891 468 2929 888.
495 2887 563 2925 sed
596 2887 848 2939 philosophi-

121 2962 186 2985 cas
211 2946 388 2985 rationes
408 2945 521 2983 Maro
553 2945 594 2982 in
627 2946 748 2983 alium
785 2945 847 2983 lo-

916 1619 1092 1667 amoeni,
1125 1624 1164 1655 et
1184 1617 1325 1669 campi,
1358 1616 1496 1654 aether
1518 1629 1643 1667 purus

917 1684 958 1715 et
990 1677 1144 1714 caelum
1173 1689 1379 1724 serenum3
1410 1675 1487 1713 rivi
1517 1680 1556 1710 et
1584 1673 1643 1711 ri-

915 1748 989 1787 pae
1007 1734 1250 1786 gramineae,
1281 1732 1414 1771 studia
1436 1745 1484 1769 ex
1510 1731 1643 1783 prisca

914 1794 1019 1842 vita,
1056 1793 1177 1842 inque
1209 1790 1271 1828 his
1307 1789 1476 1828 choreae
1511 1789 1562 1826 ad
1584 1789 1643 1825 ci·-

912 1850 1055 1888 tharae
1075 1855 1250 1898 cantum,
1280 1854 1318 1885 et
1338 1848 1488 1899 epulae.
1528 1846 1643 1885 Adde

912 1909 1045 1947 locum
1076 1907 1125 1945 de
1152 1907 1324 1958 Olympo
1348 1906 1490 1957 Odys&
1525 1907 1555 1952 ζ,
1586 1904 1642 1945 42

914 1980 1022 2017 seqq.
1082 1965 1233 2002 Similia
1269 1976 1426 2013 quoque
1463 1969 1559 2000 sunt
1600 1965 1642 1998 in

914 2021 1110 2071 Axiocho,
1133 2022 1201 2072 qui
1223 2022 1296 2059 sub
1319 2020 1537 2067 Aeschinis,
1565 2033 1640 2055 an-

912 2088 978 2119 tea
1009 2080 1082 2118 sub
1109 2079 1306 2127 Platonis,
1344 2079 1504 2115 nomine
1534 2077 1640 2114 sere-

912 2139 1046 2177 batur.
1115 2136 1349 2175 Communia
1386 2135 1503 2172 etiam
1548 2139 1641 2171 sunt

912 2196 1107 2234 nonnulla
1135 2194 1268 2245 Elysio
1299 2207 1389 2231 cum
1413 2205 1533 2230 aurea
1562 2190 1639 2229 lio-

911 2255 1066 2292 minum
1084 2258 1225 2290 aetate.
1284 2252 1366 2289 Iani
1388 2251 1435 2287 ab
1454 2249 1515 2287 his
1533 2255 1639 2286 tam-

912 2326 1031 2363 quam
1083 2309 1286 2348 elementis
1334 2309 1537 2359 profectus
1586 2307 1638 2344 ad

912 2375 1104 2420 quantam
1139 2366 1445 2418 amplitudinem
1472 2364 1637 2403 Paradi-

911 2441 999 2464 sum
1036 2440 1151 2464 suum
1183 2424 1326 2461 extulit
1354 2424 1545 2461 Miltonus
1572 2422 1636 2470 IV,

913 2487 993 2526 132
1007 2498 1089 2534 sqq.
1113 2482 1326 2535 (Praeclari
1343 2488 1437 2519 sunt
1450 2495 1526 2518 vss.
1541 2482 1635 2521 638.

909 2556 966 2591 sq.
995 2547 1034 2578 et
1064 2541 1149 2591 ipso
1180 2554 1280 2578 sono
1310 2539 1491 2590 inprimis
1525 2551 1635 2575 com-

909 2598 1174 2647 mendabiles,
1206 2597 1286 2636 vid.
1313 2598 1362 2645 Q.
1388 2597 1432 2635 V.
1447 2595 1635 2643 XXXIII,

910 2660 948 2699 8.
973 2654 1088 2709 Νῖκ)

969 2713 1064 2755 640.
1093 2714 1274 2761 Largior
1293 2711 1440 2758 aellier,
1475 2709 1634 2759 egregie,

905 2771 1121 2823 patentior,
1133 2770 1305 2817 liberior,
1318 2769 1437 2806 nullis
1450 2767 1633 2812 nubibus,

907 2830 1016 2867 nulla
1042 2828 1205 2877 caligine
1239 2827 1451 2864 obductus.
1518 2823 1633 2860 Silius

906 2886 1002 2925 hine
1021 2887 1087 2924 lib.
1108 2886 1215 2934 XIII,
1235 2887 1318 2926 550
1334 2885 1475 2919 laxam
1498 2880 1632 2917 lac-isla

906 2953 1015 2982 nocte
1050 2945 1234 2981 Clau-nra
1264 2944 1386 2978 allent
1401 2969 1411 2988 ,
1454 2937 1558 2975 dixit
1584 2936 1633 2973 de
