1779 3420
160 222 260 270 324
487 220 539 268 P.
580 218 939 268 VIRGILII
987 216 1358 267 MARONIS

158 348 317 394 Laeta
338 342 488 405 facit3
516 343 698 410 spoliis
722 361 777 393 se
801 344 1026 410 quisque
1050 343 1357 393 recentibus
1381 352 1562 395 armat.
1584 348 1685 398 395

158 414 415 465 Vadimus
442 414 643 463 inmixti
670 415 860 463 Danais
883 412 1028 460 haud
1053 414 1277 463 numine
1305 423 1508 475 nostro,

156 484 435 551 Multaque
460 502 558 550 per
582 500 792 532 caecam
819 483 1087 546 congressi
1110 483 1315 549 proelia
1343 493 1563 533 noctem

159 556 532 613 Conserimus;
571 554 770 602 multos
788 556 1033 602 Danaum
1061 552 1394 603 demittimus
1419 555 1578 605 Orco.

155 623 458 689 Diffugiunt
481 624 562 672 alii
587 624 651 672 ad
680 624 847 684 navis,
889 632 942 672 et
968 623 1122 672 litora
1148 640 1305 673 cursu

155 694 284 743 Fida
307 703 522 761 petunt;
564 711 682 758 pars
705 695 981 757 ingentem
1006 692 1301 743 formidine
1327 695 1468 760 turpi
1581 699 1681 746 400

157 765 431 814 Scandunt
454 780 634 813 rursus
659 781 880 830 equum,
914 773 965 813 et
992 773 1118 813 nota
1139 764 1449 814 conduntur
1471 764 1523 812 iu
1550 764 1679 815 alvo.

245 928 314 963 395
340 938 488 962 armant:
518 929 608 962 Gud.
652 929 734 974 (vid.
775 931 817 970 Q.
864 931 905 963 V.
942 931 1031 969 VIII,
1057 928 1091 964 4.
1119 930 1153 962 b.
1185 931 1279 973 Wr.)
1376 930 1447 966 396
1471 942 1545 963 non
1576 943 1613 963 η.
1643 944 1679 963 n.

153 975 255 1010 Witt.
304 978 449 1009 nomine
465 985 593 1010 nostro
613 977 702 1009 Gud.
733 990 752 1010 a
772 990 817 1009 m.
840 989 892 1022 pr.
915 977 970 1009 vel
1003 978 1120 1010 omine
1152 976 1245 1010 buno
1275 976 1422 1017 Zulich„
1462 990 1502 1009 ex
1533 978 1679 1022 interpr.

151 1024 220 1057 397
239 1035 309 1068 per
329 1032 514 1067 totamque
535 1024 589 1056 ed.
615 1026 702 1056 Ven.
753 1025 895 1057 lumina
917 1036 981 1069 pro
996 1025 1144 1070 proelia
1166 1026 1302 1068 Menag.
1327 1036 1381 1069 pr.
1455 1025 1524 1059 398
1544 1026 1679 1057 Dimit-

151 1071 260 1102 cimus
278 1070 406 1103 Medic.
431 1083 459 1102 e.
485 1070 612 1103 ceteris
641 1072 716 1103 fere
735 1072 908 1105 omnibus.
945 1073 988 1104 cf.
1019 1071 1139 1104 Heius.
1165 1072 1270 1104 etiam
1294 1072 1402 1104 Goth.
1426 1072 1508 1112 duo,
1543 1079 1580 1104 ut
1600 1079 1678 1104 ter—

152 1116 218 1149 tius
242 1119 506 1151 committimus.
556 1119 765 1152 demisimus
781 1119 881 1151 Leid.
911 1127 950 1150 ut
980 1120 1053 1160 IX,
1080 1119 1159 1153 527.
1208 1114 1364 1153 Equi'o‘t
1385 1117 1566 1161 προΐαψε.
1595 1120 1677 1163 (cle—

148 1165 324 1197 mittimus
350 1164 481 1204 Palam,
509 1171 543 1197 et
569 1165 617 1198 ita
634 1166 723 1199 iussa
743 1168 807 1207 IX,
835 1166 933 1200 522:
960 1178 1087 1210 „quem
1115 1165 1261 1210 quisque
1290 1166 1402 1199 virum
1432 1166 1678 1198 demiserit

148 1213 320 1252 Orco,“
354 1212 485 1246 Medic.
517 1224 592 1244 cum
618 1213 697 1245 aliis
731 1214 895 1257 optimis,
928 1213 1013 1245 item
1043 1213 1232 1246 demittere
1264 1215 1390 1253 morti,
1428 1214 1525 1253 neci,
1552 1215 1593 1254 II,
1620 1213 1675 1248 85.

147 1258 196 1298 X,
222 1259 303 1294 662.
355 1258 493 1291 Vitiose
514 1259 640 1292 iterum
676 1261 801 1294 Medio.
831 1273 907 1293 cum
948 1260 1026 1292 aliis
1057 1262 1168 1293 morti
1203 1261 1344 1293 dimitte
1372 1261 1426 1300 V,
1463 1261 1541 1294 692.
1593 1260 1674 1293 Vid.

147 1306 251 1337 etiam
272 1305 391 1339 Heius.
414 1314 447 1339 et
466 1307 579 1339 Burm.
613 1307 657 1340 ad
686 1309 727 1348 II,
765 1309 820 1343 85.
848 1315 883 1340 et
913 1309 955 1339 V.
974 1309 1014 1340 Ι..
1046 1311 1130 1340 Aen.
1163 1309 1187 1349 I,
1212 1310 1292 1342 211.
1342 1306 1587 1351 Nequidquam
1616 1308 1674 1340 di-

145 1353 321 1385 mittimus
348 1353 424 1398 quis
450 1354 618 1386 defendat
645 1367 663 1387 e
682 1356 785 1388 Corn.
807 1356 899 1400 Nep.
922 1356 1057 1395 XXIII,
1083 1356 1134 1390 3.:
1161 1355 1370 1397 ,‚ueminem‚
1395 1353 1462 1386 nisi
1488 1354 1674 1395 victum,

145 1398 372 1433 dimisit.“
405 1400 456 1433 ihi
481 1401 534 1435 4.:
575 1403 812 1443 „saucium
837 1402 919 1435 inde
951 1414 991 1435 ac
1036 1403 1243 1445 fugatum
1270 1401 1518 1435 dimittit.‘⁴
1551 1402 1606 1434 vel
1633 1414 1674 1433 ex

145 1445 316 1480 eiusmodi
340 1447 537 1481 locutione:
575 1451 710 1482 victam
744 1449 863 1489 abire,
897 1449 1134 1493 τραυματίαν
1160 1446 1316 1483 ἀπιέναι
1337 1450 1421 1481 Luc.
1450 1448 1589 1493 Nigrin.
1613 1450 1672 1485 37.

147 1494 245 1537 er.)

319 1495 388 1530 399
407 1493 607 1541 defugiunt
621 1499 740 1541 Sprot.
763 1503 798 1529 et
817 1497 954 1540 Menag.

1027 1496 1095 1531 401
1110 1497 1297 1530 Scandere
1316 1498 1457 1536 Moret„
1483 1497 1585 1535 bene,
1606 1496 1672 1528 nisi

143 1543 354 1576 conduntur
379 1550 596 1587 sequeretur-
643 1556 674 1577 v.
708 1546 822 1577 Burm.
858 1543 992 1588 (potius
1035 1543 1104 1577 vid.
1129 1546 1171 1585 Q.
1195 1545 1238 1578 V.
1262 1545 1388 1585 XXX,
1411 1545 1444 1579 6.
1469 1544 1566 1587 lVr.)

142 1671 263 1721 clipei
285 1672 466 1723 insigne,
513 1687 586 1724 pro
619 1675 766 1727 clipeo,
807 1675 876 1726 qui

141 1728 292 1779 insigne
310 1728 443 1768 habet.
476 1731 531 1768 De
554 1734 780 1771 mutatione
798 1747 874 1771 au-

144 1792 225 1823 tem
249 1787 471 1838 clipeorum
494 1790 542 1827 cf.
564 1790 680 1830 Paus.
708 1792 771 1830 [V.
804 1794 872 1832 28.

141 1844 165 1881 f.
205 1844 343 1883 Potuit
372 1847 555 1885 subnasci
577 1855 719 1900 poetae
741 1851 873 1887 animo

140 1909 414 1941 commentum
450 1905 636 1944 Hectoris
678 1908 875 1959 exemplo,

140 1960 208 2010 qui
235 1960 405 1999 ademtis
440 1964 625 2002 Patroclo
659 1978 772 2003 caeso
805 1979 873 2003 ar—

140 2018 214 2056 mis
236 2018 407 2057 indutus
440 2021 481 2059 in
509 2036 686 2074 pugnam
714 2023 874 2074 prodit:

139 2091 174 2129 ρ,
212 2079 291 2118 186
322 2092 406 2128 sqq·
479 2082 574 2121 390.
610 2082 765 2130 Dolus,
817 2097 873 2119 cm

138 2136 263 2171 virtus
283 2136 342 2184 sit,
376 2135 629 2177 adhibeatur.
674 2138 743 2193 (de
765 2146 869 2192 part.

138 2192 280 2229 deinde
311 2195 520 2246 participio
562 2197 741 2236 subiecta
787 2198 868 2236 vid.

138 2250 187 2297 Q.
220 2251 266 2288 V.
303 2253 442 2302 XXV,
495 2257 534 2295 7.
580 2254 699 2309 lsVr.)
772 2256 871 2294 Mox

139 2317 363 2347 comantem
398 2313 567 2362 galeam
594 2314 794 2367 ἵππουριν
816 2335 869 2343 -·

137 2372 178 2402 et
202 2367 376 2416 elipeum
398 2371 598 2421 induitur,
632 2372 720 2410 loro
749 2386 870 2424 super

137 2422 325 2462 humeros
341 2426 488 2466 iniecto
509 2436 549 2467 et
579 2430 727 2467 inserta
746 2444 870 2468 manu

138 2494 268 2530 ansae,
302 2479 447 2538 ὀχάνῳ.
470 2493 518 2524 ut
537 2484 769 2536 ἐνεδύσατο,
802 2488 868 2529 ἐν-

137 2539 246 2578 ὁῦνε.
276 2541 324 2577 ef.
347 2542 417 2580 inf.
438 2546 533 2585 671.
557 2549 652 2588 672.
687 2544 759 2598 (——
772 2546 867 2588 394.

137 2598 247 2646 ipse
278 2599 334 2636 J).
380 2600 461 2638 vid.
486 2604 536 2650 Q.
562 2604 610 2643 V.
644 2604 795 2654 XVIII,
828 2609 868 2654 27

136 2654 160 2691 i.
193 2654 305 2708 lVr.)

195 2770 290 2812 895.
323 2771 473 2821 §pollis
500 2776 718 2813 recemls'lms
732 2807 742 2825 ,
787 2791 863 2815 ex-

136 2827 317 2877 quisitius
335 2842 468 2879 quam,
483 2832 608 2881 novis,
626 2834 721 2883 aliis,
744 2849 864 2885 quam

136 2898 238 2935 quae
270 2884 518 2937 habuerant,
563 2892 695 2929 armis.
767 2896 863 2935 396.

135 2943 272 2981 Hand
289 2947 453 2983 numine
469 2955 612 2999 nostro,
633 2948 672 2987 h.
692 2963 723 2987 e.
745 2964 864 2990 aver-

933 1689 989 1723 so,
1020 1675 1134 1713 nobis
1156 1688 1236 1712 non
1256 1674 1443 1726 propitio.
1504 1682 1547 1711 αι
1566 1676 1670 1711 si·-

932 1734 1091 1771 Alulb'al
1126 1747 1269 1770 (IVUI‘SH
1311 1747 1391 1770 tlon
1420 1746 1531 1769 UlC'HS
1571 1746 1668 1769 (lllvre

932 1792 1030 1828 deus
1056 1791 1201 1828 Tibull.
1223 1791 1289 1838 III,
1322 1794 1359 1839 3,
1393 1793 1461 1839 28,
1493 1790 1562 1826 ubi
1586 1790 1665 1828 vid.

933 1855 1015 1887 not.
1038 1859 1077 1887 et
1097 1848 1137 1886 h.
1156 1849 1180 1886 l.
1202 1849 1342 1886 Cerda.
1376 1862 1471 1886 mox
1492 1847 1576 1889 402
1601 1850 1666 1885 ιἠ-

934 1909 1027 1945 vilis
1048 1908 1164 1945 divis.
1209 1903 1347 1957 ἀέκητι
1367 1909 1492 1947 θεῶν.
1541 1906 1667 1943 Nimis

934 1971 1048 2003 acute
1089 1978 1180 2003 cum
1219 1965 1304 2003 aliis
1344 1964 1451 2016 apud
1479 1964 1665 2002 Servium

932 2023 1197 2075 Pomponius:
1226 2023 1347 2074 „quia
1378 2022 1561 2060 ferebant
1585 2022 1665 2060 Mi-

931 2095 1111 2131 nervam,
1144 2082 1391 2119 Graecorum
1416 2094 1589 2129 numen,
1620 2081 1661 2118 in

931 2140 1084 2191 clipeis,
1117 2154 1198 2178 non
1220 2140 1474 2191 Neptunum,
1520 2138 1664 2176 Troia-

930 2212 1078 2236 norum
1098 2198 1289 2250 i11signe.“
1337 2201 1432 2239 397.
1464 2212 1544 2234 nox
1561 2212 1658 2234 cae-

929 2270 999 2305 ca,
1030 2257 1071 2295 in
1093 2270 1171 2307 qua
1190 2256 1291 2294 nihil
1310 2256 1419 2294 cerni
1439 2261 1584 2307 potest,
1615 2261 1663 2293 ut

929 2315 1007 2352 iam
1026 2329 1160 2366 supra,
1181 2322 1221 2353 et
1245 2327 1371 2365 saepe.
1417 2313 1514 2355 401.
1529 2314 1660 2351 Scan-

928 2373 1031 2410 dant
1059 2388 1195 2410 rursus
1224 2388 1381 2425 equum.
1442 2372 1565 2409 Forte
1595 2371 1659 2408 di—

931 2431 1169 2469 ctumnolis
1189 2445 1210 2468 a
1227 2437 1367 2482 poeta,
1410 2430 1526 2467 nimis
1555 2429 1658 2466 enim

928 2495 1210 2541 portentosum
1223 2488 1316 2538 hoc,
1339 2495 1378 2526 et
1398 2487 1620 2525 abhorrens
1638 2501 1659 2524 a

927 2548 1032 2585 fama
1067 2547 1232 2584 virtutis
1260 2546 1533 2595 Achivorum,
1584 2545 1656 2583 etsi

916 2605 1142 2657 formidine
1177 2607 1286 2655 turpi
1314 2604 1471 2642 adiecit.
1542 2604 1658 2641 Certe

928 2677 1089 2701 sensum
1108 2676 1241 2701 meum
1264 2662 1429 2700 offendit
1447 2663 1487 2699 in
1520 2660 1657 2699 heroi—

929 2735 975 2759 co
998 2721 1184 2759 carmine.
1246 2720 1358 2758 Vidit
1387 2719 1465 2757 hoc
1496 2719 1656 2770 elegan-

922 2779 1119 2827 tissimus,
1169 2779 1267 2816 dum
1287 2779 1465 2827 viveret,
1503 2777 1657 2815 Holds-

924 2837 1134 2875 worthius.
1199 2835 1450 2888 (conduntur
1500 2835 1656 2873 Wakef.

923 2895 977 2933 ad
1005 2896 1162 2934 Lucret.
1196 2894 1252 2943 V,
1284 2893 1379 2937 954.
1410 2894 1656 2945 interpreta—

923 2959 1015 2992 tur:
1060 2966 1128 3004 „se
1158 2953 1393 2991 cumulatim
1431 2951 1655 2990 iniiciunt.“
