1811 3388
436 179 842 231 AENEIDOS
880 186 1020 237 LIB.
1058 192 1151 252 Vl,
1195 198 1413 252 17—26
1585 215 1678 262 857

177 300 508 365 Cecropidae
536 304 659 353 iussi
682 308 1006 375 (miserunn)
1027 324 1246 379 septena
1272 331 1402 386 quot
1424 331 1570 378 annis

176 369 418 434 Corpora
439 381 716 436 natorum3
757 385 854 426 stat
882 379 1050 430 ductis
1070 387 1298 437 sortibus
1321 408 1466 445 urna.

172 507 268 554 Hic
293 509 520 559 crudelis
544 529 696 562 amor
716 518 875 581 tauri,
913 533 1274 592 suppostaque
1299 528 1443 580 furto

172 577 443 644 Pasiphae,
471 584 804 651 mixtumque
824 603 1007 654 genus,
1037 594 1326 662 prolesque
1346 599 1588 653 biformis
1616 611 1682 659 25

170 646 503 699 Minotaurus
528 652 687 716 inest,
726 659 950 708 Veneris
971 676 1325 717 monumenta
1349 669 1638 736 nefandae3

263 789 306 823 21
345 790 512 824 miseram
544 805 609 837 pro
644 796 855 830 miserorum
892 800 1088 844 accipiebat
1124 804 1241 840 Heius.
1290 811 1458 844 miserum
1490 814 1584 847 iussi
1611 827 1679 849 sec.

377 838 422 872 22
449 839 555 872 dictis
579 841 688 874 Goth.
712 849 793 875 tert.
887 847 934 882 23
960 851 1089 883 Cnosia
1112 852 1229 895 Rom.‚
1255 862 1292 887 ut
1317 856 1361 890 al.
1395 859 1476 901 (vid.
1502 861 1545 893 V.
1568 862 1608 894 L.
1635 864 1680 895 ad

171 881 215 933 Y,
237 882 319 960 3306.
348 884 444 928 Wr.)
478 886 659 920 Burmann.
691 889 780 922 coni.
816 893 1036 938 resplendet.
1083 899 1151 930 Sed
1183 908 1279 934 recte
1311 902 1477 948 impetum
1509 910 1679 952 repressit

169 937 221 959 Vir
273 935 381 963 octus.

475 933 520 967 25
546 934 751 981 Plzasiplze,
776 939 935 984 Pasc'plze
958 941 992 974 in
1020 944 1121 978 codd.
1169 947 1231 979 Est
1258 949 1454 995 Πασιφάη.

167 1044 232 1092 ΙΙΙ,
279 1047 347 1088 32.
404 1048 598 1089 Fabulam
641 1063 892 1106 cognoscant,

167 1103 310 1152 quibus
334 1118 433 1156 opus
465 1114 544 1158 est,
576 1122 625 1146 ex
653 1111 771 1150 Ovid.
796 1113 889 1152 Met.

166 1159 249 1208 VII,
272 1160 354 1202 456
376 1176 458 1213 sqq.
490 1172 530 1203 et
558 1167 657 1217 VIII,
682 1171 760 1211 153
784 1185 888 1222 seqq.

166 1224 235 1255 aut
265 1231 315 1255 ex
338 1220 483 1259 Catulli
511 1224 686 1274 Epithal.
713 1228 816 1266 Pelei
850 1244 888 1268 v.

165 1278 218 1317 73
240 1289 322 1326 sqq.
355 1284 394 1315 et
415 1292 522 1317 nunc
548 1295 597 1318 ex
616 1284 800 1335 Apollod.
824 1287 887 1336 III,

168 1333 232 1381 15,
269 1337 294 1374 7
343 1342 382 1373 et
424 1336 515 1376 Not.
558 1353 644 1391 pag.
688 1344 770 1384 879
809 1357 887 1395 seq.

163 1399 325 1440 septena
356 1407 520 1444 corpora
546 1407 730 1436 natorum
746 1431 756 1448 ,
797 1415 885 1452 pro,

161 1448 258 1496 nati,
289 1449 516 1501 elegantius,
537 1461 584 1491 ut
604 1469 728 1507 saepe.
769 1457 887 1510 (pezz-

32 0 39 124 ἰ

19 144 37 191 Ἰ

10 236 36 393 Ἰ

2 387 9 473 i
30 361 35 540 1
175 438 374 487 Contra
397 440 526 490 elata
547 445 681 492 mari
702 449 995 514 respondet
1015 455 1209 505 Gnosia
1231 459 1413 512 tellus:

27 730 33 761 ι

27 910 31 967 l

162 1506 252 1542 llere
266 1521 424 1556 poenas
440 1532 495 1537 ·-
514 1525 699 1563 corpora,
740 1523 787 1554 Ul,
816 1531 887 1554 Su·-

161 1576 235 1613 pra
267 1564 311 1611 II,
348 1569 457 1606 139:
497 1569 673 1617 „Quos
710 1572 767 1609 illi
806 1575 886 1612 sors

161 1627 201 1657 et
250 1634 444 1672 poenas
481 1648 529 1653 —
564 1634 886 1680 reposcent.“

164 1677 283 1732 lVr.)
342 1679 594 1732 Argutantur
638 1687 679 1723 in
719 1702 886 1727 numero

159 1736 414 1787 Interpretes.
474 1741 572 1779 Cum
600 1744 713 1794 pueri
736 1753 886 1797 septem

159 1800 386 1844 septemque
425 1799 578 1847 puellae
612 1803 883 1852 mitterentur,

159 1851 299 1901 quidni
331 1854 569 1894 alterutrum
594 1864 752 1898 tantum
787 1863 884 1912 poni

156 1910 322 1960 potuit?
397 1920 497 1961 stat,
553 1915 712 1966 adstat,
762 1934 879 1968 uma,

157 1966 344 2017 graphice
364 1967 441 2005 hoc
464 1971 515 2008 ad
536 1974 786 2012 sortitionem
813 1990 883 2013 eo—

155 2037 272 2072 rum,
304 2026 371 2074 qui
405 2027 593 2067 mittendi
631 2038 766 2081 erant,
811 2034 882 2070 de-

157 2081 399 2120 clarandam.
459 2086 538 2123 lam
564 2101 602 2125 v.
626 2091 814 2131 20—22
841 2091 881 2128 in

156 2140 246 2175 unis
297 2140 442 2178 forium
492 2144 620 2181 valvis
677 2159 881 2198 expressas

155 2202 255 2246 puta
283 2196 478 2248 Athenas,
509 2200 718 2253 Androgeo
746 2218 883 2243 necem

157 2260 196 2290 et
221 2255 471 2293 sortitionem
499 2272 738 2310 puerorum,
778 2277 799 2299 a
840 2277 878 2301 v.

155 2313 209 2351 23
241 2326 323 2362 sqq.
355 2321 486 2351 autem
522 2316 561 2353 in
590 2318 724 2356 alteris
753 2321 878 2358 valvis

155 2369 323 2417 Cretam,
352 2376 526 2421 taurum,
550 2375 779 2426 Pasiphaen,
798 2378 877 2415 Mi-

156 2432 385 2476 notaurum,
406 2430 709 2482 Labyrinthum,
730 2435 875 2473 Ariad—

155 2496 233 2521 nen
253 2515 262 2532 ‚
317 2486 542 2526 Daedalum.
617 2491 741 2529 Porro
784 2493 875 2530 dili-

153 2548 291 2591 genter
309 2551 440 2582 servat
458 2552 574 2596 poeta
594 2562 744 2587 morem
761 2558 875 2588 vete-

155 2612 243 2636 rum
267 2602 603 2654 anaglyphorum,
642 2620 741 2657 quae
761 2609 875 2658 plura

154 2665 388 2706 argumenta
426 2661 607 2714 deinceps
646 2666 773 2715 posita
803 2680 875 2704 cu-

153 2714 381 2765 mulabant,
423 2717 518 2756 dum
548 2720 596 2757 de
625 2722 778 2760 unitate
811 2738 874 2762 ar-

152 2773 324 2819 gumenti
352 2787 494 2823 parum
533 2778 689 2816 solliciti
725 2787 877 2819 veteres

152 2834 276 2865 erant.
337 2832 441 2868 Sunt
464 2838 598 2871 tamen
620 2835 658 2874 h.
678 2837 704 2874 l.
729 2851 790 2875 res
812 2839 876 2876 in·-

151 2890 213 2923 ter
261 2898 300 2923 se
350 2895 535 2938 cognatae
586 2898 624 2929 et
674 2894 723 2931 ad
776 2909 874 2933 cun—

951 1059 1040 1098 dem
1076 1061 1333 1105 historiarum
1370 1069 1549 1108 ordinem
1585 1086 1674 1125 spe—

949 1124 1114 1158 ctantes.

1005 1179 1204 1219 23—33.
1250 1181 1404 1220 Gnosia
1443 1186 1582 1235 tellus,
1626 1194 1672 1225 ut

951 1233 1105 1272 Gnosia
1129 1250 1255 1286 regna
1281 1239 1359 1276 iam
1392 1241 1565 1280 vidimus
1603 1245 1669 1293 ΙΙΙ,

951 1291 1042 1332 115.
1099 1294 1208 1331 elata
1242 1300 1348 1333 mari
1366 1327 1376 1345 ,
1427 1307 1669 1351 perpetuum

944 1348 1165 1387 insularum
1191 1352 1408 1403 epitheton,
1436 1358 1537 1406 alla,
1563 1360 1671 1408 quod

946 1405 1037 1442 alibi
1067 1407 1241 1447 vidimus
1272 1409 1336 1462 (cf.
1367 1427 1451 1465 sup.
1483 1415 1527 1463 V,
1555 1416 1669 1470 588).

944 1466 1173 1515 respondet,
1216 1467 1258 1504 in
1294 1469 1426 1508 alteris
1456 1473 1582 1510 valvis
1618 1487 1667 1512 ex

945 1520 1146 1571 adversa,
1189 1528 1400 1576 opposita,
1442 1537 1554 1580 parte
1596 1544 1668 1568 ex-

944 1591 1079 1628 pressa
1098 1586 1168 1617 est.
1227 1585 1395 1621 crudelis
1417 1600 1543 1635 amor,
1577 1589 1667 1626 vio—

944 1635 1096 1674 lentus:
1125 1638 1261 1676 eodem
1288 1642 1408 1679 modo
1439 1658 1601 1682 saevum
1631 1652 1669 1684 et

946 1693 1000 1729 sic
1048 1708 1169 1745 porro
1210 1697 1358 1736 dictum
1399 1701 1530 1753 accipe
1581 1716 1666 1753 pro,

944 1764 1124 1800 magnus,
1146 1753 1301 1794 nimius.
1343 1768 1536 1808 supposta
1549 1760 1666 1810 ficrto

944 1821 1017 1858 pro
1057 1812 1261 1861 supposita
1304 1820 1422 1852 tauro
1469 1816 1665 1867 adultero,

940 1880 1016 1914 per
1041 1867 1230 1917 furtum,
1281 1873 1472 1923 κρυφίοις
1521 1871 1666 1926 γάμοις

942 1928 1131 1974 μιγεῖσα,
1171 1939 1221 1962 ex
1261 1935 1356 1965 nota
1397 1929 1545 1968 Musaei
1580 1933 1662 1970 sor-

941 1980 1060 2018 mula.
1118 1981 1247 2020 Nolim
1272 1991 1403 2023 tamen
1430 1994 1573 2038 putare
1601 1992 1663 2040 ip—

941 2050 1022 2073 sam
1061 2051 1220 2076 vaccam
1258 2041 1425 2092 ligneam
1453 2045 1662 2095 ipsumque

940 2094 1128 2144 flagitium
1159 2110 1387 2148 expressum
1419 2102 1554 2140 fuisse:
1593 2104 1661 2141 sed

938 2150 1130 2202 Pasiphae
1148 2168 1185 2191 v.
1199 2168 1230 2192 c.
1255 2156 1479 2195 demulcens
1502 2165 1661 2199 taurum

939 2210 1060 2256 ines-t,
1095 2216 1298 2261 tamquam
1326 2229 1417 2266 pars
1440 2219 1659 2267 argumenti

938 2279 1134 2316 expressa.
1220 2271 1383 2309 Veneris
1439 2274 1655 2324 nefandae,

935 2324 1094 2361 nefandi
1119 2328 1274 2366 amoris.
1311 2330 1397 2367 Non
1420 2331 1542 2369 aliter.
1574 2333 1660 2370 No-

935 2387 976 2417 ta
1004 2388 1059 2418 est
1089 2382 1137 2419 de
1165 2384 1393 2424 Minotauro
1424 2389 1579 2439 fabula,
1617 2391 1658 2428 in

934 2438 1045 2475 cuius
1064 2439 1392 2491 interpretatione
1421 2453 1658 2497 argutantur

935 2497 1079 2545 passim
1108 2504 1280 2548 veteres,
1319 2503 1435 2540 etiam
1470 2504 1519 2541 ad
1556 2503 1595 2544 h.
1633 2506 1656 2544 l.

934 2553 1104 2592 Videtur
1146 2556 1279 2595 fabula
1331 2560 1561 2612 simpliciter
1609 2576 1656 2600 ex

935 2612 1115 2661 symbolo
1166 2614 1296 2665 aliquo
1346 2618 1566 2668 antiquitus
1616 2621 1656 2658 in

935 2669 1050 2706 Creta
1082 2670 1198 2709 obvio
1235 2673 1377 2723 ducta,
1415 2677 1522 2726 quod
1552 2678 1653 2727 ligu-

935 2739 1022 2763 ram
1040 2726 1255 2768 humanam
1281 2745 1369 2770 cum
1399 2734 1526 2784 capite
1548 2735 1652 2772 tauri

936 2784 1168 2836 exhibebat,
1199 2795 1285 2825 erat
1306 2790 1412 2827 aliud
1432 2791 1652 2839 symbolum

935 2841 976 2878 in
999 2842 1151 2880 Siciliae
1184 2851 1222 2881 et
1247 2846 1379 2883 Italiae
1408 2848 1535 2884 numis
1570 2850 1651 2886 sre-

935 2906 1190 2950 quentatum,
1214 2916 1378 2954 corpore
1399 2905 1502 2941 tauri
1526 2905 1566 2941 in
1585 2920 1652 2942 ca-
