1811 3388
440 195 562 241 AD
635 191 1074 239 LIBRUM
1146 193 1202 240 11
1485 200 1585 247 415

433 370 1008 431 EXCURSUS
1093 373 1224 430 VII

247 488 437 546 Equus
473 486 768 530 Troianus
801 485 857 529 in
888 487 1082 531 urbem
1111 488 1400 531 inductus.

189 603 235 652 11,
266 606 349 644 237
371 615 454 654 sqq.
487 603 657 641 Scanclit
667 602 824 654 fatalis
850 604 1046 642 machina
1073 618 1206 642 muros
1232 610 1306 642 ete.
1366 605 1456 643 Non
1485 607 1587 644 male

73 661 193 710 haec,
241 662 324 698 sine
366 660 490 698 dubio
534 674 554 697 e
589 666 722 699 vetere
753 666 893 713 poeta,
933 668 1134 700 ornantur
1164 662 1273 714 apud
1297 662 1519 716 Tryphiod.
1546 678 1585 703 v.

74 722 156 761 318
175 732 259 769 sqq.
319 718 446 757 Pallas
466 718 523 755 ibi
541 718 624 769 ipsa
646 719 805 769 Equum
836 718 1023 770 impellit,
1062 720 1162 758 Iuno
1193 725 1326 758 autem
1363 727 1402 758 et
1431 722 1587 773 Neptu—

74 790 147 814 nus
173 781 312 828 portae
335 789 563 828 compagem
590 776 741 814 laxant.
799 777 1002 815 Priamum
1036 777 1165 829 ipsum
1194 777 1412 816 inducendi
1443 786 1587 817 aueto-

72 847 157 873 rem
188 833 326 884 suisse,
373 834 447 871 etsi
480 833 702 872 Cassandra
733 834 999 884 reclamante,
1047 836 1113 872 alii
1144 836 1416 886 tradiderant,
1459 844 1507 876 ut
1536 851 1586 875 ex

73 892 229 944 Hygino
253 892 277 929 f.
303 894 383 934 108
403 891 648 943 intelligitur.
710 892 885 931 Omnino
917 893 1052 943 plures
1083 892 1189 930 hanc
1212 895 1485 932 narrationem
1514 909 1585 933 or-

74 950 196 987 nandi
232 949 362 998 modi,
407 950 528 987 variis
569 949 685 987 novis
726 950 880 988 casibus
919 963 965 988 ac
1002 950 1206 988 miraculis
1242 965 1379 990 rerum
1406 952 1585 1001 intextis,

75 1007 182 1060 apud
202 1013 355 1045 veteres
378 1007 495 1045 suisse
513 1006 727 1056 videntur,
758 1021 849 1045 cum
870 1008 936 1046 illa
955 1022 977 1045 a
1004 1009 1243 1047 tenuissimis
1263 1010 1383 1048 initiis
1405 1011 1586 1061 prosecta

74 1071 193 1115 esset3
223 1078 262 1103 v.
285 1078 372 1116 sup.
395 1066 560 1102 Excurs.
582 1065 643 1102 111.
702 1065 784 1102 Iam
813 1065 957 1117 Odyss.
989 1070 1032 1114 θ,
1072 1066 1157 1109 492
1201 1068 1355 1118 ulysses
1384 1068 1585 1107 Demodo-

76 1137 164 1161 cum
194 1122 404 1160 hortatur:
435 1118 534 1162 Ἀλλ’
560 1120 632 1176 ἄγε
660 1120 733 1174 δή,
775 1119 976 1175 μετάβηθι
1010 1123 1076 1163 καὶ
1105 1125 1233 1164 ἵππου
1260 1121 1413 1176 κόσμον
1445 1124 1586 1166 ἄεισον

74 1180 330 1234 Δουρατέου,
361 1178 432 1219 τᾶν
451 1176 601 1228 Ἐπειὸς
620 1179 808 1231 ἐποίησεν
831 1179 906 1221 σύν
936 1177 1117 1237 Ἀθήνῃ,
1152 1178 1232 1222 ''Ov
1263 1179 1350 1223 ποτ’
1391 1183 1430 1231 ἐς
1459 1179 1586 1236 ἐκρό-

74 1243 191 1279 πολιν
215 1235 336 1278 δόλον
354 1235 477 1291 ἤγαγε
499 1239 585 1286 δῖος
617 1233 853 1288 Ὀδυσσεύς,
894 1234 1070 1291 Ἀνδρῶν
1099 1237 1316 1292 ἐμπλήσας,
1378 1243 1418 1281 οἳ
1450 1239 1585 1281 ’Ἴλιον

75 1292 341 1344 ἐξαλάπαξαν.
404 1295 499 1332 [nde
520 1295 735 1332 Demodoci
760 1296 891 1347 ipsum
927 1310 1088 1334 carmen
1119 1298 1329 1336 subiicitur
1358 1311 1397 1337 v.
1425 1300 1508 1341 500
1532 1322 1584 1328 -—

75 1355 172 1402 520,
202 1353 244 1390 in
267 1367 344 1403 quo
372 1352 471 1389 nihil
501 1359 557 1390 est
586 1352 694 1403 quod
722 1352 941 1392 admodum
970 1354 1181 1406 improbes⁸
1244 1354 1296 1392 At
1328 1370 1486 1394 omnem
1514 1373 1584 1397 πι-

74 1407 279 1462 θανότητα
298 1423 475 1461 egressus
496 1417 555 1448 est
574 1416 691 1461 poeta
712 1411 753 1448 in
776 1412 945 1450 notabili
968 1412 1144 1464 episodio
1175 1413 1223 1451 de
1254 1414 1405 1451 Helena
1427 1415 1585 1465 Equum

76 1469 358 1507 obambulante
380 1469 523 1520 Odyss.
548 1470 582 1516 ὁ,
612 1467 696 1509 274
722 1483 825 1519 sqq.,
869 1469 977 1520 quod
1010 1470 1051 1507 in
1080 1470 1156 1508 alio
1185 1472 1289 1508 forte
1320 1477 1456 1510 vetere
1485 1485 1585 1523 poe—

76 1533 182 1564 mate
209 1526 453 1578 probabilius
489 1526 567 1564 fuit
599 1531 837 1575 tractatum,
878 1528 936 1565 uti
966 1527 1086 1565 etiam
1109 1541 1158 1566 ex
1184 1528 1469 1581 'srypliiodoro
1500 1531 1585 1571 452

76 1599 132 1635 sq.
168 1590 353 1636 apparet,
404 1584 471 1621 ubi
502 1583 667 1635 propius
697 1584 749 1621 311
779 1585 863 1622 veri
896 1585 1069 1636 aliquam
1100 1586 1269 1637 speciem
1298 1601 1361 1624 res
1392 1588 1585 1640 exposita.

75 1643 194 1691 Nam,
236 1648 282 1679 ut
311 1641 460 1679 Helena
502 1654 619 1679 voces
649 1640 899 1680 Achivorum
927 1643 983 1681 ita
1022 1644 1296 1691 simulaverit,
1338 1651 1403 1694 ut,
1446 1645 1516 1696 qui
1542 1646 1585 1683 in

79 1701 188 1750 Equo
220 1700 419 1746 latebant,
465 1698 698 1747 crederent,
745 1713 835 1737 suas
871 1714 1017 1738 uxores
1049 1701 1257 1739 advenisse
1291 1703 1471 1752 Troiam,
1512 1703 1586 1740 etsi

76 1771 146 1810 per
165 1770 203 1795 58
222 1771 367 1795 vocum
394 1756 482 1794 talis
510 1757 679 1794 imitatio
710 1764 796 1795 arte
826 1758 962 1809 parari
992 1765 1124 1811 potest
1155 1758 1375 1812 (Twining
1406 1761 1458 1798 ad
1489 1761 1584 1798 Ari-

77 1821 169 1854 stot.
193 1815 240 1852 de
259 1816 368 1853 Poet.
390 1829 428 1866 p.
458 1815 512 1855 42
551 1814 724 1852 miratur
756 1829 914 1866 quoque
945 1816 1139 1855 Helenam
1171 1818 1247 1855 iam
1282 1824 1440 1856 tantum
1468 1819 1511 1857 in
1540 1832 1587 1855 ea

77 1879 162 1911 arte
183 1871 410 1924 profecisse)
435 1878 567 1910 tamen
596 1886 671 1924 pro
702 1874 886 1911 carminis
925 1880 965 1911 et
997 1888 1135 1913 rerum
1163 1875 1461 1914 narrandarum
1492 1891 1585 1928 gra-

76 1932 201 1969 vitate
220 1931 336 1968 nimis
353 1930 554 1968 ludicrum
574 1937 614 1968 et
634 1930 828 1968 absonum
851 1939 922 1969 est.
981 1932 1079 1970 Mihi
1113 1933 1161 1970 de
1192 1934 1258 1971 illo
1292 1934 1379 1971 loco
1413 1935 1471 1972 ita
1503 1941 1585 1972 sta-

76 1988 273 2027 tuendum
312 1988 494 2036 videtur,
542 1993 608 2036 ut,
659 1989 883 2040 suspicione
922 1990 971 2027 de
1004 1990 1177 2028 conditis
1205 1991 1248 2029 111
1280 1992 1393 2042 Equo
1422 1991 1586 2031 Achivis

78 2046 195 2083 semel
215 2051 324 2093 orta,
356 2046 505 2082 Helena
528 2047 757 2094 accesserit,
799 2052 840 2084 et
867 2048 978 2085 varia
1010 2049 1244 2097 tentaverit,
1287 2063 1366 2099 quo
1397 2050 1585 2099 efficeret,

81 2110 145 2151 ut,
181 2103 247 2152 qui
268 2103 407 2141 inclusi
427 2109 582 2150 essent,
613 2104 781 2140 feminae
810 2104 884 2141 sibi
912 2105 1061 2142 amicae
1087 2120 1126 2143 se
1158 2106 1387 2157 proderent.
1447 2108 1586 2159 Itaque

80 2175 159 2199 non
181 2161 300 2198 modo
323 2173 362 2197 se
380 2173 575 2210 suumque
594 2174 737 2198 nomen
757 2162 916 2212 profata
935 2176 1126 2213 suamque
1159 2177 1248 2215 erga
1272 2164 1466 2213 Achivos,
1507 2179 1586 2217 po-

79 2218 235 2270 pulares
263 2232 374 2264 suos,
414 2218 734 2256 benevolentiam
775 2225 814 2255 et
846 2220 885 2256 in
914 2221 1126 2271 pristinum
1157 2222 1344 2259 maritum
1372 2222 1491 2260 11118111
1521 2224 1586 2260 111-

77 2282 313 2314 temeratam
334 2281 476 2312 testata
498 2282 578 2324 est,
609 2276 888 2314 verumetiam
918 2278 1073 2315 reditus
1105 2278 1165 2316 sui
1192 2280 1242 2316 ad
1271 2279 1445 2318 Achivos
1470 2287 1511 2318 et
1543 2281 1586 2318 in

79 2334 284 2372 Graeciam
324 2333 564 2370 desiderium
598 2334 949 2382 commemoravit,
1002 2336 1113 2385 quod
1141 2336 1213 2374 sibi
1247 2350 1457 2376 commune
1485 2344 1587 2376 esset

79 2405 166 2429 cum
187 2391 381 2429 uxoribus
406 2389 649 2429 Achivorum
675 2391 781 2443 apud
803 2392 961 2430 Troiam
983 2392 1272 2443 desidentium,
1313 2397 1457 2447 quippe
1486 2409 1587 2446 quae

80 2450 183 2486 votis
203 2449 463 2500 precibusque
492 2449 657 2486 assiduis
684 2450 860 2487 reditum
892 2451 1132 2489 maritorum
1164 2459 1410 2503 expeterent.
1471 2456 1586 2502 Quae

79 2512 125 2543 ut
162 2513 276 2544 tanto
314 2507 435 2556 inagis
465 2506 514 2543 311
551 2507 736 2545 allectum
766 2508 1012 2546 movendum
1045 2516 1176 2547 essent
1207 2510 1333 2560 dicta,
1373 2511 1586 2550 mulierum

78 2564 262 2611 istarum,
302 2565 446 2615 quippe
479 2577 576 2613 quas
610 2564 704 2602 olim
732 2565 944 2603 familiares
976 2566 1050 2603 sibi
1076 2566 1291 2617 habuerat,
1333 2569 1417 2620 ipsa
1449 2570 1586 2618 verba,

80 2620 322 2671 blandasque
359 2621 594 2659 maritorum
629 2636 795 2661 suorum
827 2623 1147 2675 compellationes
1180 2640 1375 2676 vocesque
1405 2627 1504 2665 adeo
1535 2627 1587 2664 ad

82 2677 263 2715 desiderii
315 2679 537 2728 amorisque
581 2680 904 2730 significationem
956 2684 1196 2734 compositas
1242 2683 1436 2723 imitatur.
1506 2686 1588 2723 Nee

81 2734 249 2772 multum
273 2735 430 2783 aberat,
464 2736 558 2786 quin
591 2750 633 2773 ea
657 2751 720 2775 res
752 2751 978 2776 successum
1011 2739 1189 2779 haberet.
1261 2742 1453 2780 Omnium
1482 2743 1587 2780 enim

81 2791 219 2827 animis
252 2793 529 2830 recordatione
566 2801 606 2832 et
647 2795 900 2833 miseratione
938 2798 1152 2848 coniugum
1185 2798 1418 2838 relictarum
1452 2801 1586 2848 1110115,

80 2847 195 2885 multi
214 2861 253 2884 se
274 2849 343 2886 vix
364 2851 640 2900 continebant,
671 2853 768 2903 quin
787 2852 960 2890 Helenae
978 2856 1279 2907 responderent.
