1811 3388
381 249 792 301 AENEIDOS
831 251 978 299 LIB.
1016 252 1103 311 IV,
1141 256 1433 304 207-—218
1577 262 1672 308 627

163 377 404 443 Repulit,
444 392 501 424 ac
523 375 807 423 dominum
825 378 1042 424 Aenean
1066 375 1118 424 in
1141 390 1302 439 regna
1320 379 1534 444 recepit.

159 450 226 497 Et
250 462 391 494 nunc
415 445 500 493 ille
524 445 690 507 Paris,
730 461 852 492 cum
871 444 1118 494 semiviro
1143 447 1411 511 comitatu,

159 516 400 566 Maeonia
418 523 664 564 mentum
686 513 842 563 mitra
868 514 1177 581 crinemque
1201 515 1513 566 madentem

161 585 443 645 Subnixus,
481 593 633 651 rapto
655 584 878 650 potitur:
916 599 1016 632 nos
1037 601 1259 634 munera
1284 586 1499 652 templis

161 654 371 720 Quippe
394 655 494 702 tuis
517 653 738 703 ferimus
753 693 765 715 ,
800 651 1108 720 famamque
1128 653 1374 704 fovemus
1394 657 1622 708 inanem.

1571 455 1672 502 215

251 782 320 816 214
354 781 507 829 Depulit
537 781 637 815 Leid.
674 794 738 827 pro
775 794 845 815 var.
881 783 982 824 lect.‚
1026 782 1089 814 sed
1121 782 1269 816 alterum
1302 796 1376 818 voc.
1408 785 1599 830 proprium.
1637 798 1667 819 v.

159 829 341 863 Burmann.
390 838 429 862 ab
453 829 576 873 Steph.
626 837 660 861 et
697 829 798 862 codd.
835 829 956 862 Servii.
1005 832 1164 862 Aeneam
1201 830 1355 875 aliquot,
1393 831 1473 864 hinc
1508 831 1666 865 Parthas.

158 878 318 909 Aeneam
342 876 378 908 in
406 888 475 908 sua
499 888 614 921 regna
639 888 669 908 r.
765 877 832 911 215
856 879 908 909 At
932 888 1030 909 nune
1054 877 1177 909 Hamb.
1204 890 1277 922 pr.‚
1303 877 1404 911 male.
1430 891 1461 912 v.
1486 880 1668 912 Burmann.

158 923 227 957 216
253 924 304 955 M.
330 935 374 954 m.
400 921 513 954 barba
546 922 681 955 Nonius
717 921 751 954 in
784 924 972 956 subnixus.
1021 924 1193 955 Moeonia
1227 923 1318 957 male
1354 925 1457 969 vulgo
1493 925 1666 959 scribitur.

157 970 226 1003 217
251 967 443 1002 Sabaea-us
465 968 565 1001 Lcid.
593 981 670 1010 un.‚
697 976 730 1001 et
754 969 803 1001 sic
830 969 897 1002 iam
924 971 1064 1002 Gevart.
1092 976 1127 1001 et
1151 970 1293 1004 Salmas.
1320 971 1521 1006 maluerant.
1568 973 1667 1005 Adde

159 1016 335 1056 Ruaeum,
361 1015 641 1059 Cuninghamum.
690 1016 851 1059 Pugnant
875 1022 996 1049 contra
1020 1016 1140 1049 Heius.
1167 1016 1201 1050 h.
1234 1017 1257 1050 1.
1294 1024 1328 1050 et
1365 1019 1519 1054 Gronov.
1555 1019 1666 1052 Diatr.

158 1061 193 1094 in
217 1065 305 1095 Stat.
330 1075 358 1095 c.
379 1061 437 1097 54.
486 1061 678 1095 subnexas
702 1062 736 1094 in
761 1062 873 1095 Statio
898 1063 1002 1095 etiam
1034 1063 1256 1096 Marklandus
1282 1065 1476 1109 probabat,
1509 1064 1590 1099 Silv.
1622 1066 1667 1107 V,

157 1108 191 1149 3,
219 1110 295 1149 115,
322 1115 357 1141 et
382 1109 489 1142 multa
517 1120 581 1153 pro
607 1109 672 1142 hac
697 1109 851 1141 lectione
883 1109 999 1141 afl'erri
1024 1117 1180 1154 possunt.
1206 1111 1249 1143 cf.
1274 1111 1335 1143 inf.
1361 1113 1409 1152 X,
1436 1113 1502 1147 137
1527 1118 1562 1145 et
1588 1113 1666 1154 138,

159 1154 295 1199 aliaque
319 1155 397 1188 loca
421 1155 458 1187 in
482 1156 610 1188 Indice.
657 1156 783 1188 Potest
805 1162 923 1188 tamen
948 1155 1135 1189 Subnixas
1160 1157 1361 1201 exquisitius
1387 1158 1513 1191 dictum
1543 1158 1664 1192 videri.

158 1202 226 1234 vid.
253 1203 357 1242 Not.;
391 1203 619 1247 quodcunque
655 1203 745 1234 enim
779 1202 988 1246 subligatum
1023 1202 1089 1234 sibi
1122 1203 1230 1236 habet
1264 1205 1412 1249 aliquam
1448 1217 1543 1247 rem,
1578 1205 1666 1238 illud

159 1248 350 1281 subnixum
375 1261 415 1281 ea
440 1261 477 1281 re
502 1249 613 1281 videri
640 1255 767 1293 potest.
794 1249 857 1293 (sic
882 1250 972 1282 infra
995 1251 1038 1286 V,
1065 1250 1146 1284 279.
1180 1252 1386 1293 nixantem,
1424 1252 1517 1296 quod
1550 1258 1666 1297 exstat

158 1295 194 1326 in
219 1295 360 1339 optimis
384 1295 504 1337 libris,
529 1302 698 1328 mutatum
722 1296 756 1327 in
781 1304 992 1337 nexantem,
1028 1297 1090 1328 Ge.
1120 1298 1177 1338 IV,
1205 1299 1282 1332 199.
1315 1296 1460 1331 nixibus
1490 1298 1527 1331 in
1559 1300 1665 1332 nexi-

159 1340 235 1373 bus.
267 1342 361 1385 lVr.)
411 1350 520 1388 raptu
544 1355 605 1375 ms.
633 1343 761 1385 Georg.
788 1343 924 1375 Fabrie.
950 1349 985 1375 et
1019 1354 1070 1386 pr.
1107 1344 1272 1376 Rottend.
1309 1356 1328 1377 a
1360 1357 1404 1377 m.
1440 1357 1507 1378 sec.
1565 1345 1663 1378 Certe

159 1396 303 1432 raptum
327 1388 394 1421 hoc
421 1400 522 1421 sensu
547 1389 795 1433 accipiendum.
845 1398 954 1436 rapta
978 1389 1166 1423 Zulichem.
1192 1390 1227 1423 id
1261 1397 1336 1431 est,
1371 1397 1537 1435 stuprata.
1573 1392 1662 1425 conf.

158 1435 340 1467 Burmann.

158 1481 346 1525 Hamburg.

157 1576 389 1626 imperium:
421 1576 598 1627 adeoque
633 1578 763 1614 locum
790 1591 883 1629 pos-

157 1634 389 1682 sidendum3
420 1634 475 1671 ila
497 1635 649 1683 malim,
682 1648 801 1685 quam
820 1636 883 1672 lo-

158 1704 247 1729 cum
268 1691 340 1729 sub
373 1698 482 1729 certa
505 1692 599 1743 lege.
658 1694 878 1741 (lominum,

158 1761 238 1786 non
280 1749 470 1787 maritum
491 1779 501 1798 ,
553 1756 600 1787 ut
632 1749 723 1786 alibi
755 1763 880 1801 saepe,

157 1806 225 1844 sed
247 1806 460 1856 invidiose,
491 1806 726 1858 participem
757 1807 880 1857 regni,

157 1864 253 1914 quin
280 1864 408 1902 solum
431 1878 559 1916 regem
588 1871 628 1902 et
654 1864 881 1903 dominum:

156 1921 212 1958 sic
241 1935 398 1973 quoque
415 1923 550 1961 Burin.

214 1981 469 2022 215--218-
508 1981 634 2017 Paris
665 1980 759 2026 ille;
804 1979 881 2017 do-

157 2035 259 2073 etius
306 2037 406 2074 sorte
452 2050 568 2087 quam
618 2051 692 2088 pro
745 2037 880 2074 [arbae

157 2093 287 2131 Mauri
306 2107 494 2144 persona3
517 2094 645 2132 mollis
659 2094 721 2130 ille
736 2094 880 2131 Troia-

158 2164 252 2198 nus,
285 2152 410 2201 qualis
436 2152 546 2188 Paris
581 2151 687 2202 apud
719 2151 880 2189 Homer.

158 2207 266 2245 Iliad.
292 2225 327 2261 y,
353 2211 430 2249 391
457 2222 513 2258 sq.
535 2215 604 2246 aut
630 2209 762 2258 potius
788 2207 827 2246 h.
856 2209 880 2246 l.

158 2271 354 2315 quatenus
375 2265 546 2313 Aeneas,
577 2271 624 2303 ut
645 2266 743 2302 alter
761 2265 881 2314 Paris,

159 2322 222 2359 alii
247 2322 359 2372 quasi
378 2329 534 2374 pactam
567 2322 770 2372 coniugem
801 2323 880 2360 eri-

156 2379 254 2430 puit.
314 2380 377 2417 Sic
401 2386 437 2417 et
454 2382 564 2418 Serv.
596 2378 654 2432 (et
684 2379 788 2417 hanc
813 2380 879 2417 in-

156 2437 484 2487 terpretationem
513 2437 663 2475 firmari
688 2451 745 2475 VS.
781 2440 877 2478 217.

157 2494 211 2531 ait
237 2494 443 2533 Wunderl.
478 2494 595 2547 llsr.)
637 2496 819 2531 semiviro
840 2508 873 2531 c.

156 2551 260 2589 cons.
292 2553 360 2590 ins.
395 2553 464 2601 IX,
494 2555 589 2600 617,
620 2551 772 2589 dictum
810 2551 876 2588 in-

156 2609 295 2660 primis
334 2615 515 2661 respectu
550 2623 756 2647 sacrorum
796 2610 877 2659 Cy-

156 2665 272 2704 beles.
315 2669 513 2704 ssfaeonia
527 2689 578 2694 -—
591 2666 793 2704 Sabaei-us
810 2679 877 2704 re—

157 2723 273 2772 spicit
304 2723 515 2775 Phrygiam
548 2724 730 2771 mitram,
772 2722 810 2760 11.
845 2736 876 2760 6.

153 2780 308 2828 pileum
335 2783 564 2828 incurvum,
602 2787 648 2818 ut
670 2783 780 2818 Serv.
801 2779 877 2817 ha-

157 2835 244 2884 bet,
266 2838 312 2873 cle
331 2852 407 2887 quo
422 2837 621 2887 pendebat
640 2840 761 2875 etiam
779 2836 877 2874 bue—

157 2906 296 2929 earum
323 2896 516 2942 tegimen,
558 2894 661 2931 binis
697 2895 759 2932 vel
793 2900 878 2931 ter-

157 2949 218 2986 nis
248 2949 413 2987 fimbriis
447 2963 516 2987 seu
550 2952 676 2988 fasciis
713 2951 878 2988 descen-

444 1436 513 1470 218
546 1437 736 1481 flammam
779 1436 868 1469 coni.
904 1437 1026 1477 Voss.‚
1063 1436 1124 1468 sed
1158 1449 1190 1469 v.
1226 1438 1338 1470 Burm.
1396 1450 1575 1471 movemus
1609 1450 1661 1482 pr.

943 1576 1148 1625 dentibus,
1192 1589 1289 1627 quae
1323 1579 1460 1616 subter
1481 1585 1662 1618 mentum

941 1635 1115 1685 colligari
1136 1635 1337 1685 solebant3
1368 1637 1545 1687 adeoque
1566 1637 1661 1674 sub-

939 1694 1082 1741 nixus,
1117 1698 1250 1730 mento
1273 1707 1318 1730 ac
1343 1694 1450 1731 crine
1476 1694 1659 1743 subnixo,

939 1750 1080 1799 mitra,
1110 1750 1256 1787 scilicet
1282 1751 1400 1788 mitra
1428 1752 1660 1803 subligatum

938 1806 1088 1845 habens
1114 1816 1289 1845 mentum
1315 1810 1539 1861 crinemque
1569 1824 1658 1847 ma-

938 1865 1092 1901 denlem
1132 1866 1357 1915 unguentis,
1424 1867 1660 1904 redimicula

937 1928 1031 1959 sunt.
1051 1922 1121 1959 ins.
1140 1922 1209 1971 IX,
1231 1926 1326 1964 616.
1385 1924 1461 1961 Res
1486 1925 1525 1961 in
1547 1930 1661 1962 vete-

937 1979 1048 2017 ribus
1063 1981 1329 2017 monumentis
1347 1982 1441 2018 satis
1474 1982 1592 2019 obvia
1621 1987 1661 2019 et

937 2042 1077 2074 notata
1106 2051 1126 2073 a
1164 2037 1378 2076 VVinkelm.
1417 2037 1581 2089 (Gesclz.
1619 2039 1658 2079 d.

938 2096 1071 2131 Isztnst
1111 2108 1148 2145 p.
1185 2097 1279 2135 308.
1335 2097 1525 2132 stffonnm.
1569 2105 1654 2133 ant.

939 2152 1044 2188 inecl.
1075 2165 1112 2202 p.
1144 2151 1254 2201 155).
1313 2151 1419 2188 Alias
1450 2155 1568 2189 milra
1600 2158 1659 2189 est

939 2208 1087 2256 fascia,
1130 2207 1340 2246 diadema:
1385 2221 1458 2246 nec
1503 2209 1577 2246 alia
1615 2209 1658 2247 in

938 2264 1106 2302 Baccho.
1175 2264 1228 2302 At
1282 2265 1330 2302 de
1376 2266 1657 2304 Dioscurorum

936 2322 1040 2372 pileo
1064 2335 1113 2358 an
1130 2321 1267 2359 eadem
1289 2336 1370 2360 vox
1381 2329 1568 2361 occurrat
1581 2323 1659 2361 du-

938 2380 1034 2417 bito.
1101 2381 1343 2416 Maeoniam
1380 2393 1455 2432 pro
1487 2380 1659 2432 Phrygia

937 2436 1060 2485 dixit,
1091 2442 1138 2473 ut
1158 2442 1295 2487 poeta,
1327 2451 1349 2474 a
1374 2437 1507 2475 vicina
1530 2444 1657 2489 gente.

935 2494 1034 2530 Nam
1064 2494 1223 2544 proprie
1251 2493 1433 2532 Maeones
1464 2495 1611 2533 diversi
1636 2509 1658 2533 a

935 2550 1168 2601 Phrygibus,
1226 2559 1341 2601 rapto
1355 2554 1532 2602 politur,
1565 2566 1657 2604 gra-

935 2609 1062 2656 viter,
1101 2622 1174 2659 pro
1214 2614 1354 2659 stupro
1391 2609 1563 2658 fruitur,
1610 2616 1657 2648 ut

937 2667 1047 2703 Serv.
1088 2667 1329 2716 famamque
1344 2666 1536 2716 fovemus
1562 2669 1655 2704 ina-

935 2737 1040 2770 nem,
1066 2722 1290 2773 opinionem
1313 2723 1361 2760 de
1381 2724 1560 2774 potentia
1583 2723 1656 2761 dei.

936 2779 1045 2817 Haec
1075 2780 1202 2818 multo
1235 2781 1357 2831 magis
1393 2780 1590 2818 invidiosa
1615 2781 1655 2818 in

935 2837 1123 2887 religione
1158 2850 1263 2874 nova
1285 2866 1295 2885 ,
1341 2850 1469 2888 nuper
1497 2837 1655 2875 demum

935 2894 1122 2943 inducta,
1155 2894 1246 2932 vide
1265 2907 1302 2931 v.
1327 2897 1406 2935 198
1429 2908 1485 2944 sq.
1544 2894 1657 2931 Fun-

938 2951 1011 2987 dus
1059 2951 1098 2987 in
1138 2951 1309 2988 nobiliss.
1347 2951 1434 2989 loco
1472 2951 1655 2989 Hecubae

1264 3018 1381 3062 40*
