1811 3388
409 210 824 265 AENEIDOS
861 210 1004 259 LIB.
1042 211 1139 270 VI,
1177 213 1475 265 433—441
1596 221 1698 268 913

175 340 457 389 Proiecere
481 338 694 388 animas,
769 339 944 398 Quam
968 333 1168 383 vellent
1194 334 1411 385 aethere
1436 337 1488 385 in
1512 338 1615 388 alto

175 413 329 459 Nunc
355 417 407 457 et
427 406 741 474 pauperiem
766 415 818 455 et
841 404 1005 454 duros
1028 402 1271 470 perferre
1295 404 1526 457 labores!

174 481 272 528 Fas
298 478 499 541 obstat,
536 476 776 542 tristique
798 475 949 541 palus
970 473 1263 523 inamabilis
1288 474 1434 524 unda

174 547 405 612 Adligat,
445 555 498 595 et
517 546 702 595 novies
730 547 850 609 Styx
874 542 1131 593 interfusa
1159 552 1384 595 coercet.

173 621 285 668 Nec
352 615 542 683 procul
609 615 735 665 hinc
794 623 1001 681 partem
1063 612 1166 662 fusi
1218 621 1587 663 monstrantur
1644 615 1696 662 in

964 699 1190 732 omnem
1596 686 1699 735 440

173 758 441 821 Lugentes
466 755 660 821 campi:
696 754 768 803 sic
793 753 912 803 illos
938 753 1163 802 nomine
1191 752 1383 804 dicunt.

268 883 338 919 436
364 886 464 927 Quas·
488 883 636 925 Medic„
664 889 700 917 et
725 881 886 928 quidem,
910 881 1006 928 quod
1030 881 1243 925 notandum,
1280 894 1301 915 a
1324 893 1427 916 manu
1461 880 1697 914 emendatoris

174 930 379 976 Aproniani.
431 932 562 974 <Quam
588 938 640 964 est
667 931 783 973 prior,
812 933 912 973 Quas
935 930 1048 962 altera
1074 929 1224 963 Medicei
1248 929 1369 962 lectio.
1399 929 1496 971 Wr.)
1548 930 1591 961 Et
1628 928 1696 961 ha-

175 978 237 1011 bet
262 978 298 1010 id
323 989 406 1010 sane
432 985 567 1010 acutum
594 978 700 1022 quid3
728 977 822 1021 quod
847 983 961 1009 tamen
985 987 1055 1009 non
1083 988 1220 1021 sequar.
1314 976 1382 1011 438
1409 976 1569 1020 Quinque
1594 986 1698 1007 voces

174 1031 320 1058 notatae
345 1032 424 1056 sunt
449 1025 555 1057 rubro
582 1025 616 1057 in
643 1024 770 1057 Medic.
818 1026 894 1056 Fas
918 1022 1038 1056 obstat
1063 1024 1233 1068 tristique
1262 1035 1302 1068 p.
1330 1021 1537 1055 inamabilis
1563 1022 1697 1054 undae.

177 1073 352 1117 (trisque,
377 1082 448 1103 non
474 1073 661 1117 tristique,
685 1070 816 1115 legitur
841 1070 877 1102 in
901 1070 1085 1111 Mediceo,
1112 1070 1142 1102 si
1168 1069 1241 1102 eius
1267 1069 1476 1113 scripturam
1499 1075 1596 1101 recte
1633 1080 1698 1101 ex-

175 1118 305 1164 pressit
331 1117 531 1161 Fogginius.
581 1120 711 1151 Puncta
737 1124 852 1151 autern
876 1117 1002 1158 rubra,
1035 1128 1124 1160 quae
1159 1115 1421 1159 conspiciuntur
1455 1117 1491 1148 in
1524 1115 1697 1156 Mediceo,

175 1171 320 1210 praeter
345 1165 527 1207 ultimum,
561 1176 629 1209 quo
655 1178 674 1197 e
698 1165 734 1197 in
771 1164 893 1197 undae
925 1169 1068 1196 notatur
1101 1169 1276 1207 tamquam
1308 1162 1479 1203 delenda,
1513 1174 1584 1195 non
1617 1168 1699 1194 sunt

177 1224 219 1244 ex
252 1222 372 1244 eorum
408 1224 557 1255 genere,
601 1223 670 1255 quo
712 1223 777 1255 pro
821 1209 936 1243 obelis
968 1210 1019 1243 uti
1052 1210 1142 1243 solet
1175 1221 1294 1243 manus
1331 1209 1560 1242 emendatrix.
1599 1209 1696 1251 Wr.)

176 1259 246 1292 Sed
273 1258 450 1291 videamus
476 1258 519 1290 de
542 1257 699 1303 singulis.
748 1261 823 1291 Fas
847 1256 968 1290 obstac
992 1257 1085 1289 haud
1112 1256 1217 1289 dubie
1252 1257 1367 1297 bene,
1401 1256 1436 1289 h.
1474 1267 1504 1289 e.
1539 1261 1697 1297 naturae,

175 1305 459 1350 inferorumque,
483 1305 569 1338 iura.
617 1309 693 1338 Fas
717 1311 752 1337 et
775 1306 835 1337 ius
858 1304 902 1336 ad
927 1303 1003 1337 iura
1027 1303 1143 1336 divina
1170 1310 1207 1336 et
1231 1302 1381 1335 humana
1416 1302 1542 1335 referri
1576 1309 1697 1334 notum

178 1359 253 1393 est,
280 1359 314 1384 et
339 1352 484 1397 copiose
509 1351 660 1385 illustrat
687 1351 722 1384 h.
746 1351 771 1384 l.
797 1351 915 1383 Heins.
964 1352 1020 1384 Sic
1043 1350 1132 1394 legit
1156 1352 1250 1383 Serv.
1277 1361 1351 1382 cum
1388 1349 1544 1382 Donato:
1578 1349 1696 1392 sicque

176 1401 276 1432 Rom.
303 1399 392 1432 Gud.
419 1411 438 1431 a
464 1411 507 1431 m.
534 1411 586 1443 pr.
614 1401 715 1431 Voss.
747 1398 856 1440 alter,
891 1409 967 1431 cum
1003 1397 1093 1429 binis
1129 1409 1148 1429 e
1185 1396 1307 1437 Goth„
1342 1396 1427 1428 item
1463 1396 1642 1429 Benedict.
1678 1407 1697 1428 e

177 1446 255 1479 cod.
281 1446 390 1478 Palat.
417 1452 454 1478 et
477 1446 559 1478 inde
585 1446 639 1478 ed.
668 1447 754 1478 lunt.
782 1446 845 1488 (ita
872 1444 975 1477 etiam
999 1445 1033 1479 3.
1059 1445 1092 1478 6.
1127 1445 1183 1479 11.
1224 1445 1317 1485 er.)
1367 1443 1483 1475 Ceteri
1508 1442 1600 1488 fata
1632 1441 1697 1475 ob-

177 1500 299 1533 stant,
337 1496 427 1535 (cum
452 1492 560 1525 Palat.
593 1492 787 1535 Ambrogii.
825 1490 922 1534 lsVr.)
958 1503 999 1523 ex
1035 1491 1082 1523 IV
1116 1492 1200 1523 Aen.
1235 1489 1315 1524 440.
1365 1490 1474 1522 Porro
1508 1491 1698 1534 tristisque

175 1540 306 1584 palus,
333 1539 426 1583 quod
451 1539 590 1572 Servius
615 1539 814 1582 improbat,
838 1550 881 1570 ne
907 1538 976 1570 duo
1003 1536 1073 1569 sint
1099 1537 1276 1580 epitheta,
1316 1535 1462 1569 exhibet
1486 1536 1634 1569 Dorvill.
1660 1542 1698 1568 et

177 1598 253 1619 cum
278 1587 377 1618 Rom.
406 1598 488 1629 pars
513 1586 615 1618 codd.
642 1586 765 1626 Pierii,
790 1585 849 1630 qui
874 1585 962 1618 bene
987 1590 1129 1624 monet,
1161 1582 1401 1626 accipiendum
1427 1595 1524 1616 esse:
1555 1584 1697 1615 tristis-

177 1645 246 1678 que
265 1633 398 1679 palus,
424 1632 630 1666 inamabilis
654 1633 766 1665 anda.
814 1632 871 1664 Sic
905 1642 1045 1676 quoque
1077 1630 1168 1663 Gud.
1193 1642 1211 1662 a
1235 1642 1280 1662 m.
1306 1641 1360 1672 pr.
1388 1637 1422 1662 et
1447 1641 1499 1674 pr.
1525 1630 1696 1663 Rottend.

177 1692 197 1712 a
221 1691 264 1712 m.
291 1691 359 1712 sec.
408 1679 477 1712 Alii
503 1679 626 1712 etiam:
660 1680 850 1724 tristisque
873 1690 906 1724 p.
933 1679 956 1711 i.
983 1678 1116 1712 undae.
1163 1677 1220 1712 Sic
1247 1677 1337 1709 Gud.
1362 1688 1381 1709 a
1407 1688 1452 1709 m.
1478 1688 1548 1709 sec.
1596 1677 1696 1709 Tan—

177 1726 256 1758 dem
280 1724 453 1759 innabilis
477 1733 557 1758 sunt
582 1725 640 1770 qui
664 1725 783 1769 legant
799 1738 854 1770 ap.
881 1724 971 1757 Pier.
997 1723 1081 1756 item
1106 1723 1223 1756 Schol.
1250 1724 1371 1756 Horat.
1409 1728 1444 1755 et
1475 1735 1530 1768 pr.
1566 1723 1693 1756 Hamb.

176 1784 242 1817 pro
269 1784 340 1805 var.
365 1772 447 1805 lect.
474 1779 509 1805 et
534 1781 605 1805 tres
630 1785 686 1816 ap.
714 1774 843 1812 Burm.‚
871 1772 961 1815 (cum
986 1774 1083 1804 Serv.
1108 1770 1232 1802 Dresd.
1263 1769 1358 1812 Wr.)
1383 1769 1495 1802 minus
1523 1769 1633 1811 bene,
1659 1775 1698 1802 ut

177 1820 298 1853 Heius.
323 1819 440 1853 docet.
486 1820 616 1853 Eadem
639 1819 790 1852 varietas
824 1820 954 1861 Georg.
990 1818 1049 1859 IV,
1083 1817 1165 1852 479.
1195 1817 1275 1858 480,
1307 1815 1367 1848 ubi
1401 1815 1439 1848 hi
1471 1816 1540 1849 duo
1576 1828 1698 1849 versus

177 1873 375 1900 occurrunt.
425 1866 572 1899 Omnino
607 1872 750 1911 recepta
785 1865 890 1898 lectio
928 1864 1021 1897 haud
1063 1863 1170 1896 dubie
1215 1862 1411 1906 elegantior
1455 1870 1520 1896 est.
1578 1867 1698 1909 (optat

176 1915 277 1946 Rom.
307 1913 404 1956 Wr.)

184 1960 278 2004 lVr.)
327 1958 446 2007 infusi
468 1960 558 1993 alter
582 1961 721 2004 Menag.

177 2066 287 2104 bant.
348 2066 520 2105 Gravius
541 2066 599 2104 illi
620 2066 846 2118 puniuntur
866 2065 910 2104 in

178 2124 317 2162 Dantis
356 2125 529 2162 Inserno.
564 2138 602 2162 v.
642 2125 754 2162 Cant.
803 2123 909 2161 XIII.

173 2184 372 2233 proiecere
405 2185 591 2230 animas,
627 2196 717 2219 cum
747 2181 908 2229 dilectu,

180 2239 293 2290 quasi
314 2252 396 2276 rem
419 2239 559 2288 vilem,
591 2246 638 2277 ut
665 2240 765 2277 bene
796 2240 909 2278 Serv.

181 2297 240 2334 Ex
273 2298 341 2346 iis,
381 2310 482 2347 quae
510 2296 676 2334 laudant
709 2296 834 2334 cerda
870 2302 910 2333 et

181 2354 379 2402 Guellius‚
405 2368 531 2392 unum
556 2355 745 2393 convenit
768 2360 911 2391 notum

178 2412 282 2450 illud
317 2411 479 2449 Ovidii:
525 2413 747 2463 Sanguinis
789 2420 910 2462 atque

179 2471 342 2508 animae
356 2470 527 2520 prodige
552 2470 674 2507 Galle
696 2478 802 2507 tuae.
857 2468 910 2505 At

179 2528 277 2565 illa:
327 2528 463 2577 Quam
504 2527 647 2564 vellent
682 2527 836 2564 aethere
866 2528 910 2563 in

180 2586 289 2633 allo,
325 2598 374 2621 ex
391 2590 487 2622 nota
509 2584 576 2621 illa
608 2591 648 2622 et
682 2599 703 2622 a
733 2584 908 2622 Luciano

181 2643 379 2694 exagitata
404 2642 600 2680 sententia
630 2641 792 2679 Achillis
829 2641 908 2679 du-

181 2706 246 2738 cta
278 2706 372 2738 sunt
406 2700 548 2751 Odyss.
584 2703 616 2746 λ,
649 2699 906 2741 488-490.

180 2757 302 2795 habet
333 2763 464 2794 tamen
505 2758 587 2795 vim
625 2757 755 2795 nescio
789 2770 908 2807 quam

181 2815 232 2853 ad
281 2814 401 2852 animi
448 2815 632 2852 affectum
693 2815 907 2852 declaratio

179 2872 278 2910 haec
313 2872 589 2923 poenitentiae.
668 2872 763 2913 438.
805 2874 904 2909 Fas.

178 2931 269 2968 iura
294 2930 527 2968 inferorum.
554 2945 593 2968 v.
623 2930 668 2968 V.
698 2930 739 2967 L.
801 2928 908 2982 (Ad-

252 2999 463 3046 VIRGIL.
498 2998 638 3046 ΤΟΜ.
675 2997 737 3046 11.

500 1913 569 1948 440
596 1914 653 1946 liic
675 1915 775 1947 Rom.
803 1919 839 1945 et
872 1911 932 1945 alii
965 1911 1058 1944 Pier.
1098 1911 1218 1954 (etiam
1253 1910 1382 1943 Medio.
1421 1909 1515 1954 apud
1548 1910 1697 1954 Foggin.

816 1958 882 1994 441
909 1959 1050 1992 ducunt
1078 1958 1147 1990 duo
1172 1969 1228 2002 ap.
1254 1957 1366 1990 Burm.

964 2063 1094 2115 ligat,
1128 2062 1276 2101 Lucan.
1309 2061 1357 2110 II,
1388 2061 1477 2103 50.:
1517 2060 1697 2110 „Massa-

965 2127 1078 2173 geten
1119 2119 1332 2171 Scythicus
1379 2133 1460 2156 non
1502 2118 1697 2170 adliget

966 2179 1145 2217 Ister.“
1192 2177 1275 2215 vid.
1319 2175 1375 2212 ibi
1412 2176 1519 2214 Cort.
1578 2175 1693 2229 1753)

968 2238 1066 2287 Styx
1101 2237 1263 2283 nonies,
1313 2232 1391 2271 hoc
1427 2239 1487 2271 est
1525 2234 1693 2285 saepius,

966 2293 1137 2331 flexibus
1160 2292 1240 2330 suis
1256 2304 1377 2342 regua
1399 2291 1523 2329 infera
1546 2291 1696 2329 ambire

968 2351 1139 2388 dicitur:
1178 2351 1280 2388 cons.
1323 2349 1463 2399 Georg.
1503 2348 1566 2397 IV,
1598 2348 1694 2390 480.

967 2422 1053 2459 sup.
1074 2408 1171 2450 295.
1194 2421 1232 2445 V.
1252 2408 1419 2445 Excurs.
1439 2407 1508 2444 IX.

1025 2466 1108 2507 440
1148 2478 1231 2514 sqq.
1296 2464 1445 2514 Campi
1497 2464 1691 2514 lugentes.

966 2523 1135 2561 Ponitur
1157 2521 1236 2559 hoc
1263 2521 1384 2572 vulgo
1416 2521 1465 2558 ab
1492 2520 1697 2572 interpre—

965 2581 1092 2629 tibus,
1114 2580 1246 2617 locum
1266 2578 1377 2618 hune
1399 2587 1581 2616 amantes
1601 2585 1697 2616 tan-

964 2645 1053 2676 tum
1075 2639 1263 2688 seminas
1290 2649 1442 2688 capere.
1501 2636 1598 2673 Inde
1629 2649 1697 2674 re—

967 2695 1250 2748 prehensiones
1277 2700 1417 2746 poetae
1449 2700 1489 2732 et
1518 2693 1695 2731 difficul-

966 2761 1070 2792 tates
1093 2758 1257 2790 movent
1280 2752 1374 2790 alias
1400 2765 1448 2789 ex
1471 2752 1574 2799 aliis,
1598 2764 1695 2800 quas

969 2826 1048 2850 non
1069 2810 1222 2848 felicius
1238 2811 1385 2848 tollunt
1402 2823 1523 2860 quam
1537 2815 1695 2855 creant3

967 2869 1061 2907 vide
1087 2882 1124 2907 v.
1150 2882 1182 2906 c.
1202 2869 1257 2906 Io.
1288 2867 1497 2905 Schrader.
1526 2866 1576 2902 ad
1602 2865 1694 2902 Mu—

968 2940 1102 2964 saeum
1124 2939 1163 2977 p.
1184 2928 1266 2968 283
1289 2939 1376 2976 sqq.
1437 2925 1551 2962 Certe
1571 2922 1610 2959 in
1634 2922 1694 2959 se—

1348 2991 1416 3036 58
