1827 3436
366 265 778 317 AENEIDOS
818 265 960 313 LlB.
1000 265 1036 321 1,
1075 268 1365 314 498—516
1519 273 1609 316 167

111 399 229 446 Iura
255 393 412 443 dabat
433 391 687 456 legesque
713 389 859 450 viriS,
906 403 1243 453 operumque
1275 386 1512 436 laborem

111 464 350 515 Partibus
381 460 641 527 aequabat
674 459 845 521 iustis,
885 466 973 506 aut
995 466 1139 506 sorte
1165 455 1428 506 trahebat:

112 539 291 597 Quum
318 531 492 581 subito
513 533 719 579 Aeneas
743 543 1006 577 concursu
1033 525 1295 575 adcedere
1319 541 1513 589 magno

114 602 316 653 Anthea
374 603 790 664 Sergestumque
849 596 996 645 videt
1058 594 1367 661 fortemque
1426 595 1617 645 Cloan-

894 665 1066 728 thum,
1519 669 1619 716 510

112 746 558 804 Teucrorumque
590 737 741 800 alios,
780 745 893 784 ater
923 752 1058 801 quos
1089 750 1323 800 aequore
1357 732 1515 782 turbo

108 809 432 876 Dispulerat,
470 808 791 874 penitusque
823 805 946 854 alias
979 812 1217 854 avexerat
1249 820 1379 852 oras.

111 880 405 945 Obstupuit
434 877 592 926 simul
628 878 764 942 ipse,
803 874 962 923 simul
995 890 1274 940 percussus
1307 871 1531 922 Achates

108 949 434 1016 Laetitiaque
471 956 758 1012 metuque3
800 943 936 993 avidi
970 944 1294 1008 coniungere
1332 941 1536 991 dextras

109 1019 407 1069 Ardebant:
445 1017 539 1066 sed
567 1033 651 1065 res
682 1015 887 1063 animos
919 1014 1185 1078 incognita
1216 1011 1406 1063 turbat.
1517 1016 1618 1063 515

108 1088 476 1148 Dissimulant3
512 1095 564 1135 et
599 1085 743 1134 nube
778 1101 899 1133 cava
928 1082 1267 1151 speculantur
1293 1081 1483 1143 amicti,

203 1230 274 1265 508
301 1241 343 1261 ac·
374 1240 401 1260 s.
432 1227 555 1259 Hamb.
584 1226 683 1258 alter.
733 1225 825 1257 haut
853 1236 880 1256 S.
911 1223 1035 1266 fragm.
1062 1221 1175 1255 Vatie.
1223 1229 1322 1254 sorte
1338 1220 1486 1267 ferebat
1514 1218 1620 1251 Goth.

109 1283 193 1308 tert.
290 1276 357 1310 509
394 1283 469 1306 tum
497 1286 525 1306 S.
553 1272 652 1305 Leid.
701 1273 772 1304 ιἰιηι
799 1283 909 1302 cursu
939 1270 1029 1302 alter
1059 1270 1185 1301 Moret.
1233 1280 1313 1300 cum
1348 1280 1459 1300 cursu
1489 1266 1620 1298 Zulich.

110 1325 213 1355 Voss.
264 1321 462 1355 ascendere
484 1320 653 1352 Victoriu.
676 1319 710 1350 in
731 1322 814 1350 Arte
836 1318 895 1349 Gr.
923 1329 978 1360 ap.
1007 1316 1126 1349 Heius.
1222 1316 1290 1348 510
1314 1317 1499 1347 Serestum
1518 1313 1621 1344 Mon-

110 1370 196 1402 talb.
228 1369 364 1401 vitiose.
462 1368 529 1401 512
555 1374 750 1403 avexerat,
788 1376 877 1404 non,
919 1364 1141 1402 advexerat,
1182 1360 1345 1394 meliores
1373 1373 1427 1405 ap.
1460 1359 1549 1392 Pier.
1589 1367 1622 1391 et

109 1417 230 1448 Heius.
249 1427 325 1448 cum
348 1413 438 1446 binis
456 1413 561 1445 Goth.
614 1414 647 1444 In
670 1411 795 1444 Medic.
815 1411 839 1443 d
856 1410 1032 1455 appictum
1049 1409 1090 1442 ab
1115 1408 1182 1441 alia
1203 1420 1315 1440 manu.
1352 1406 1528 1450 (Heinsius
1551 1407 1620 1438 ad-

114 1471 263 1495 vexerat
281 1462 316 1494 in
340 1460 479 1504 scriptis
503 1459 706 1492 melioribus
724 1457 796 1501 legi
821 1458 947 1496 resert3
997 1463 1033 1489 at
1056 1454 1175 1488 ultima
1205 1466 1284 1499 pars
1306 1461 1409 1486 notae
1439 1453 1510 1485 eius
1532 1464 1619 1496 pro—

110 1510 188 1550 bat,
214 1509 379 1541 mendose
397 1507 439 1539 ab
461 1507 539 1550 ipso
560 1507 606 1539 ita
628 1505 796 1548 scriptum
816 1516 892 1536 esse
909 1515 973 1547 pro
994 1510 1191 1541 area-eram
1216 1501 1264 1533 ita
1286 1500 1391 1532 etiam
1412 1499 1507 1543 Lips.
1529 1498 1622 1538 obl.;

110 1556 200 1589 ulter
220 1555 315 1599 Lips.
340 1562 491 1587 vexerat
520 1554 652 1597 absque
670 1550 955 1595 praepositione3
984 1549 1051 1582 vid.
1082 1549 1124 1581 V.
1156 1548 1195 1580 L.
1217 1548 1260 1580 ad
1287 1548 1353 1586 XI,
1389 1548 1469 1581 260.
1503 1545 1620 1577 Lach-

110 1614 252 1635 mannus
275 1602 318 1634 ad
344 1602 502 1644 Propert.
526 1601 585 1641 IV,
611 1601 644 1639 6,
670 1599 726 1633 63.
752 1598 954 1630 advexerat
978 1595 1128 1639 Virgilio
1156 1593 1409 1632 restituendum
1437 1592 1622 1625 existimat.

116 1649 209 1691 lVr.)
269 1655 457 1680 averterat
484 1646 573 1679 Gud.
616 1652 650 1677 et
678 1645 746 1676 duo
773 1643 942 1676 Rottend.
976 1655 1051 1675 cum
1086 1642 1206 1685 fragm.
1239 1640 1351 1672 Vatic.
1411 1640 1622 1671 adverterat

109 1699 224 1740 Sprot.
248 1702 281 1727 et
302 1693 473 1726 Montalb.
523 1693 706 1725 adm-erat
737 1690 883 1722 Dorvill.
916 1696 951 1721 et
974 1689 1182 1721 adduxerat
1214 1699 1297 1719 unus
1319 1687 1408 1718 Pier.
1446 1686 1541 1729 (item
1561 1697 1621 1717 ms.

110 1742 203 1775 Bosii
223 1741 316 1785 apud
331 1740 426 1772 Cort.
449 1740 491 1773 ad
510 1740 637 1771 Lucan.
666 1740 690 1777 I,
716 1738 795 1772 688.
828 1737 920 1778 Wr.)
972 1736 1070 1768 altas
1088 1735 1179 1767 alter
1203 1734 1309 1766 Goth.
1403 1733 1473 1767 513
1501 1731 1620 1763 Obsti-

137 1791 189 1821 uit
218 1787 425 1821 veterrimos
450 1787 492 1819 ad
519 1798 620 1818 unum
650 1796 769 1817 omnes
804 1783 859 1816 hic
886 1791 922 1815 ut
946 1790 980 1814 et
1003 1783 1036 1814 in
1065 1781 1141 1814 aliis
1160 1788 1341 1825 poetarum
1371 1778 1622 1823 exemplaribus

111 1839 159 1879 (et
179 1835 239 1868 inf.
260 1835 341 1877 613)
368 1834 542 1873 scribere,
569 1838 688 1864 monet
710 1831 828 1863 Heius.
864 1831 906 1862 cs.
928 1830 1017 1861 Pier.
1068 1828 1178 1860 Etiam
1201 1827 1250 1860 ita
1273 1829 1463 1858 Romanus:
1501 1832 1534 1857 et
1558 1823 1621 1857 ol}-

110 1884 233 1916 sticuit
252 1880 431 1915 vetustiss,
453 1882 636 1923 fragment.
660 1879 816 1910 Vaticani.
839 1890 858 1909 a
891 1875 1049 1908 Bottario
1077 1875 1226 1913 editnm3
1261 1874 1351 1905 idem
1371 1885 1446 1905 cum
1469 1874 1621 1904 Romano

109 1928 255 1973 aliisque
288 1927 456 1960 Pierianis
487 1926 584 1970 (item
616 1925 706 1957 binis
738 1924 859 1966 Goth.)
898 1934 1097 1968 percussu-5
1128 1921 1254 1959 habet,
1296 1932 1371 1952 cum
1399 1919 1431 1951 in
1462 1918 1621 1950 Medic-eo

108 1974 256 2020 aliisque
284 1974 425 2019 optimis
446 1972 644 2006 Heinsiauis
676 1971 765 2004 miro
803 1982 974 2003 consensu
1004 1969 1140 2012 legatur
1164 1967 1377 2014 perculsus,
1412 1966 1504 2009 qnod
1534 1965 1620 1996 bene

109 2023 278 2055 reiectum
302 2022 345 2054 ab
364 2021 530 2061 Heinsio,
555 2032 650 2059 cum,
672 2029 873 2065 percussus
892 2017 1105 2060 laetitiaque
1125 2023 1310 2058 metuque,
1347 2011 1622 2055 coniungendnm

110 2069 163 2102 sit.
212 2068 330 2101 Malim
349 2067 437 2101 adeo
458 2067 624 2100 maiorem
641 2064 904 2098 distinctionem
926 2069 1007 2106 post
1029 2070 1195 2106 metuque
1216 2071 1360 2105 ponere.
1432 2060 1501 2093 514
1524 2060 1621 2089 Lae-

893 2110 1105 2153 laetitiaque
1135 2108 1304 2152 avidique
1328 2114 1425 2138 metu
1456 2104 1620 2137 Montalb.

110 2117 299 2160 titiumque
342 2123 544 2159 metumque
582 2113 673 2145 alter
709 2112 834 2143 Hamb.

1219 2153 1286 2188 515
1312 2154 1452 2186 animos
1469 2151 1533 2184 sed
1564 2163 1622 2182 res

110 2163 323 2207 concingere
342 2162 432 2194 alter
451 2160 575 2194 Hamb.
597 2167 633 2192 et
655 2158 789 2192 Zulich.
808 2170 848 2190 ac
871 2156 959 2189 Gud.
982 2169 1000 2188 a
1020 2168 1063 2188 m.
1084 2167 1136 2200 pr.

111 2215 252 2252 quartus
275 2209 402 2241 Moret.
497 2207 566 2242 516
592 2208 677 2251 quia
699 2203 793 2238 nube
818 2205 955 2246 Menag.
977 2215 1044 2235 sec.

895 2320 1100 2372 gnandum
1151 2331 1274 2369 opus,
1334 2323 1440 2353 sorte
1500 2314 1618 2351 dut-ta

897 2392 997 2430 opus
1023 2377 1230 2427 assignare.
1290 2374 1386 2411 Mox
1417 2372 1499 2413 509
1525 2386 1619 2407 eon-

896 2450 1033 2473 cumus
1052 2441 1121 2472 aut
1142 2447 1233 2471 cum
1256 2431 1430 2482 plurium
1448 2442 1620 2466 concur-

897 2494 1070 2541 satione,
1112 2497 1182 2529 aut
1211 2496 1271 2527 est
1304 2488 1432 2539 simpl.
1470 2499 1620 2533 cursus,

896 2565 1094 2589 accursus.
1126 2547 1254 2601 (prior
1276 2545 1487 2597 explicatio
1508 2556 1620 2591 vera,

897 2610 966 2647 cfr.
1000 2623 1077 2646 vss.
1111 2609 1192 2649 539
1224 2619 1306 2654 sqq.
1344 2601 1453 2654 llsr.)
1525 2602 1619 2642 510.

111 2334 251 2364 natum
275 2327 382 2377 cogi,
414 2325 463 2362 ad
489 2327 591 2362 sores
625 2322 837 2361 tribunalia

110 2385 227 2436 poni,
269 2391 387 2422 notus
429 2384 704 2420 Romanorum
740 2394 836 2428 mos‘,

111 2442 161 2479 ad
181 2455 298 2492 quem
319 2447 437 2493 poeta
458 2440 535 2478 hoc
555 2440 730 2477 refinxit.
771 2453 837 2474 so-

110 2501 164 2537 lio
195 2501 275 2537 alle
306 2499 478 2536 subnixa
508 2498 650 2535 resedit
685 2503 837 2533 ornate.

112 2558 237 2594 Erant
292 2563 427 2594 autem
482 2555 620 2593 throni
669 2553 836 2600 excelsi,

111 2615 280 2664 ideoque
326 2614 492 2666 pedibus
537 2613 712 2650 subiecta
747 2625 836 2647 sca-

110 2673 224 2710 bella.

169 2744 264 2783 507.
285 2741 380 2782 508.
413 2741 524 2790 Opus
552 2736 836 2774 aedificationis

105 2798 356 2848 J›‹u·lc'el)alm·
384 2799 489 2835 inter
524 2797 627 2833 cives
654 2808 744 2832 suos
772 2794 835 2831 vel

112 2858 160 2892 de
179 2856 375 2893 sententia
397 2856 457 2893 x‘el
482 2860 596 2890 sorio,
630 2861 729 2889 sorte
751 2860 835 2889 lra-

111 2913 228 2950 lzebat
264 2928 362 2962 opus
394 2913 571 2957 doctius,
603 2924 722 2960 quam
750 2916 835 2946 lra-

112 2970 206 3007 here
240 2976 408 3018 sortem,
448 2970 617 3014 ducere,
655 2967 705 3004 ad
738 2967 835 3004 assi—

896 2681 982 2718 sup.
1013 2669 1095 2707 220
1119 2679 1173 2714 sq.
1207 2665 1312 2700 inter
1344 2661 1505 2698 amissos
1536 2670 1618 2694 me-

895 2724 1053 2762 morati.

955 2794 1051 2835 516.
1091 2789 1382 2833 lnm‘malant,
1413 2799 1485 2836 pro
1529 2783 1617 2819 xnl-

895 2851 1000 2901 gari,
1042 2848 1269 2899 reprimunt
1304 2858 1365 2891 se,
1416 2841 1618 2878 continent

896 2922 948 2955 se,
971 2922 1049 2957 quo
1074 2906 1202 2943 minus
1224 2905 1503 2954 prorumpant:
1528 2909 1615 2946 qnia

896 2979 1030 3004 rerum
1083 2969 1248 3000 eventus
1287 2966 1326 2997 et
1377 2959 1615 3008 praesentem
