1811 3388
337 274 748 328 AENEmos
792 274 932 322 LIB.
976 272 1068 334 111,
1106 274 1399 322 506—518
1534 277 1634 323 519

110 404 360 470 Explorat
380 410 596 463 ventos,
636 409 795 466 atque
826 397 1038 446 auribus
1063 413 1183 446 aera
1212 405 1408 463 captat3

113 474 300 524 Sidera
324 481 510 521 cuncta
534 478 684 519 notat
704 470 862 518 tacito
886 467 1118 516 labentia
1142 466 1312 530 coelo,
1534 468 1636 516 515

110 549 413 606 Arcturum,
436 541 749 608 pluviasque
769 537 991 602 Hyadas,
1014 537 1370 604 geminosque
1391 536 1637 599 Triones,

110 619 501 678 Armatumque
524 627 653 660 auro
680 609 1036 674 circumspicit
1057 608 1275 657 Oriona.

109 686 402 748 Postquam
428 690 615 730 cuncta
638 679 786 729 videt
810 678 963 728 coelo
992 686 1236 727 constare
1258 691 1478 725 sereno:

204 821 275 859 514
301 822 453 856 urbibus
472 822 580 858 Goth,
603 833 657 866 pr.
729 821 797 856 515
826 827 960 854 notant
981 822 1100 863 Sprot.
1136 819 1253 851 tacita
1271 817 1363 850 Gud.
1434 816 1504 850 516
1530 815 1639 848 Plia-

111 871 252 916 dasque
269 872 318 903 Ii.
339 869 496 903 codicum
517 881 597 915 pars
620 868 714 913 apud
734 867 906 909 pierium,
934 865 1055 899 Heius.
1077 873 1110 898 et
1141 866 1256 897 Burm.
1284 876 1360 897 cum
1388 862 1481 895 binis
1516 862 1640 904 Goth.,

112 929 225 962 neque
245 917 346 950 aliter
364 917 566 950 Macrobius
589 916 727 959 legerat
748 916 781 947 V
808 917 880 947 Sat.
909 915 944 947 2.
993 913 1063 946 Sed
1094 917 1270 957 repugnat
1301 910 1338 943 id
1367 916 1494 942 metro.
1544 909 1640 942 Idem

109 976 230 997 versus
249 976 327 1008 sup.
346 963 408 997 lib.
429 965 456 1005 I,
476 964 545 998 744
567 975 643 996 cum
673 962 778 995 simili
802 961 985 993 varietate.
1037 960 1225 1004 (Reposuit
1250 965 1368 991 tamen
1393 957 1640 1002 Pleiadasque

109 1011 346 1051 Wakefield.‚
374 1012 469 1056 quod
490 1017 543 1043 est
564 1009 668 1042 etiam
688 1009 722 1041 in
741 1008 836 1053 Lips.
859 1014 932 1052 ntq.
981 1007 1052 1040 Sed
1068 1007 1224 1053 pluvias
1251 1012 1370 1038 tuetur
1398 1003 1527 1036 Medic.
1562 1015 1639 1036 cum

111 1058 189 1092 aliis
213 1057 368 1103 optimis.
416 1059 461 1091 Et
482 1057 511 1090 si
531 1057 575 1089 de
600 1055 810 1100 antiquitate
829 1055 971 1087 testium
993 1054 1119 1097 agitur,
1145 1052 1328 1086 Macrobio
1352 1050 1485 1095 opponi
1503 1050 1640 1095 poterit

110 1105 263 1139 Servius.
312 1106 488 1137 Provocat
506 1104 650 1139 Wakef.
669 1104 712 1137 ad
733 1106 822 1136 Stat.
839 1105 873 1135 S.
895 1103 922 1143 Ι,
941 1102 976 1143 3,
993 1102 1049 1136 95.
1071 1106 1107 1133 et
1123 1112 1143 1133 a
1167 1099 1376 1133 Marklando
1409 1097 1460 1130 ibi
1494 1103 1638 1137 notata,

111 1153 174 1185 sed
194 1152 223 1185 si
247 1152 341 1185 torte
368 1152 499 1184 Statius
530 1150 679 1196 primam
706 1150 875 1194 syllabam
902 1160 980 1181 voc.
1007 1148 1113 1180 Plias
1153 1146 1343 1190 corripuit,
1377 1145 1456 1177 leve
1489 1144 1559 1177 hoc
1588 1151 1641 1177 est

110 1205 352 1244 argumentum
373 1199 415 1231 ad
437 1198 583 1232 eandem
602 1198 778 1230 licentiam
797 1196 832 1228 in
850 1195 1050 1239 Virgiliano
1072 1193 1226 1227 carmine
1253 1191 1482 1238 probandam.
1532 1192 1637 1232 Nam,

111 1254 149 1279 ut
166 1254 320 1288 taceam,
345 1246 423 1290 plus
443 1245 478 1277 in
500 1245 568 1277 hoc
589 1257 718 1288 genere
738 1243 917 1276 inferioris
945 1241 1070 1275 aetatis
1101 1247 1208 1285 atque
1243 1239 1378 1272 ordinis
1405 1244 1531 1283 poetas
1568 1237 1639 1270 sibi

110 1293 318 1333 indulsisse,
344 1293 373 1325 si
393 1305 459 1337 qua
481 1292 547 1324 alia
571 1291 606 1323 in
627 1304 684 1332 re,
711 1298 807 1324 certe
828 1290 863 1322 in
884 1289 949 1322 hac
971 1301 1013 1322 ex
1031 1299 1092 1321 suo
1117 1288 1284 1332 cuiusque
1311 1293 1441 1332 poetae
1470 1296 1569 1317 more
1600 1297 1640 1318 30

112 1340 387 1381 consuetudine,
425 1339 519 1385 quod
550 1339 728 1383 sequaris,
775 1337 971 1382 petendum
1002 1342 1066 1368 est.
1108 1335 1207 1379 Wr.)
1258 1342 1465 1380 septemque
1498 1333 1641 1366 triones

112 1399 167 1433 pr.
198 1387 390 1431 Hamburg.

111 1503 224 1544 tore3
255 1501 295 1533 et
319 1492 483 1532 auribus
515 1507 654 1531 auram
685 1499 840 1541 captat,

112 1567 161 1592 ex
178 1553 257 1591 leni
285 1552 384 1590 aeris
405 1557 542 1599 1110111,
574 1551 614 1588 in
643 1550 845 1588 fluctuum

112 1625 160 1650 30
185 1612 370 1650 velorum
412 1608 596 1660 strepitu.
658 1608 712 1645 At
749 1609 844 1645 Ser—

111 1670 230 1709 vius:
267 1667 453 1713 naiarscle
504 1669 610 1704 enim
647 1674 728 1713 est,
782 1673 840 1713 ul,

112 1743 140 1765 a
156 1742 238 1779 qua
257 1734 374 1777 parte
391 1726 576 1776 flaturas
595 1732 651 1761 est
684 1731 839 1770 vemas,

112 1786 171 1824 ad
200 1799 290 1822 eam
323 1785 434 1821 auris
459 1783 625 1820 admola
644 1781 849 1832 frigidior

100 1844 201 1892 fiat.
218 1864 275 1871 —
291 1843 412 1879 {acilo
431 1842 555 1887 coelo,
591 1840 682 1891 quia
709 1845 845 1876 noctu.

114 1902 163 1939 cf.
183 1902 296 1939 Serv.
318 1899 369 1936 ad
388 1905 521 1937 totum
542 1898 582 1936 11.
603 1912 642 1936 v.
661 1904 699 1934 et
715 1904 842 1945 notat,

113 1959 245 2014 ἔςορᾷ.
282 1959 438 2008 gemini
473 1958 640 2004 triones,
675 1961 847 2005 utraque

113 2030 218 2055 ursa.
278 2015 357 2053 Sed
398 2014 446 2052 de
485 2013 564 2052 1100
599 2020 638 2051 et
677 2012 725 2050 de
757 2019 845 2050 toto

113 2087 235 2113 versu
254 2074 337 2115 516
358 2087 397 2111 v.
416 2086 501 2124 sup.
524 2072 574 2109 ad
594 2072 610 2109 Ι
630 2071 726 2109 Aen.
749 2070 846 2118 744,

114 2132 184 2170 ubi
238 2131 346 2168 idem
400 2143 552 2168 versus.
631 2130 848 2166 Armatam

115 2204 212 2227 auro
242 2189 450 2236 Orionem,
485 2182 714 2238 χρυσάορα,
740 2186 845 2236 quia,

116 2253 162 2285 ut
180 2245 280 2283 bene
302 2248 427 2293 Serv„
460 2253 494 2281 el
519 2245 672 2281 balteus
695 2245 779 2280 eius
812 2251 849 2280 et

113 2304 283 2356 gladius
303 2302 730 2352 clarissimisfingitur
749 2301 847 2337 stel-

115 2363 179 2399 lis.
243 2360 528 2398 commentarii
552 2360 640 2396 loco
665 2359 716 2396 sit
742 2358 848 2396 Ara-

114 2426 178 2458 tus
198 2433 220 2456 a
243 2418 481 2457 Germanico
501 2430 659 2455 versus:
686 2418 848 2453 Primus

115 2480 157 2516 in
195 2477 354 2529 obliquo
398 2477 555 2526 rapilar
590 2474 661 2512 suh
683 2482 845 2524 pec-lore

122 2538 248 2573 'l'azcri
281 2536 428 2573 Orion.-
478 2534 674 2570 nomzulla
710 2535 847 2582 magis

115 2596 251 2631 vicina
303 2591 454 2631 notabit
512 2591 639 2629 Stella
696 2591 841 2636 virum,

116 2665 280 2701 sparsae
299 2665 422 2703 qulam
455 2646 497 2700 (f.
523 2662 765 2699 sparsaeque
785 2646 843 2699 in)

117 2716 194 2745 tolo
241 2723 400 2759 corpore
443 2709 664 2757 flammae.
746 2707 846 2742 Tale

118 2774 241 2815 caput
258 2796 267 2814 ,
313 2767 554 2817 magnisque
586 2764 760 2801 humeris
788 2765 845 2800 sic

118 2822 271 2859 balaeus
301 2826 404 2871 exit,
446 2823 511 2859 Sic
541 2823 696 2872 vagina
724 2823 842 2867 ensis,

114 2882 271 2929 pernici
321 2883 377 2917 sic
422 2881 526 2930 pecle
564 2880 721 2931 fillget.
787 2880 846 2915 Ex

117 2937 228 2975 Arat.
248 2937 461 2974 Phaenom.
485 2937 569 2978 586
590 2950 646 2986 sq.
681 2959 730 2964 --
766 2938 847 2973 Lu—

117 3009 262 3033 canum
291 2995 320 3044 I,
349 2996 429 3036 675
460 2995 538 3031 iam
569 2995 732 3033 Servius
760 2996 848 3032 lau-

486 1386 554 1421 517
580 1388 714 1419 circum
737 1386 869 1431 aspicit
893 1383 1001 1417 Goth.
1026 1394 1097 1416 sec.

905 1489 1038 1527 davit:
1076 1488 1258 1539 Ensiferi
1295 1489 1467 1524 nimium
1495 1485 1641 1537 fulget

903 1548 1011 1584 latiis
1058 1546 1233 1583 Orioni-9.
1319 1545 1457 1583 Posuit
1503 1550 1639 1582 autem

901 1611 1019 1657 poeta
1042 1618 1123 1642 uno
1147 1605 1236 1642 loco
1259 1602 1412 1651 sidera,
1435 1616 1519 1640 non
1537 1614 1640 1652 quae

903 1676 985 1701 uno
1034 1668 1214 1714 tempore
1274 1661 1487 1712 conspicua
1547 1660 1639 1707 sint,

903 1721 1087 1759 oriantur
1107 1726 1145 1757 et
1166 1718 1373 1768 occidant3
1404 1718 1474 1755 sed
1503 1730 1522 1754 e
1550 1718 1642 1768 qui-

903 1779 978 1817 bus
1001 1778 1151 1830 partim
1175 1776 1422 1830 tempestatis
1444 1776 1641 1814 mutatio-

904 1850 974 1875 nes
996 1851 1159 1874 ommno
1179 1850 1225 1873 ac
1245 1836 1352 1873 vices
1382 1841 1538 1874 veteres
1562 1847 1638 1871 au-

905 1895 1176 1947 gurabantur,
1232 1894 1404 1945 partim,
1465 1905 1641 1944 quorum

907 1960 1143 2004 conspectus
1172 1952 1245 1989 nisi
1275 1965 1379 2003 puro
1421 1964 1467 1988 ac
1500 1963 1640 1988 sereno

907 2012 1016 2049 caelo
1057 2010 1191 2048 nullus
1235 2016 1306 2048 est.
1364 2009 1413 2048 cs.
1457 2022 1497 2046 v.
1536 2008 1641 2055 5183

907 2069 1107 2119 adeoque,
1139 2081 1230 2105 cum
1263 2080 1307 2103 ea
1340 2067 1471 2104 sidera
1505 2065 1639 2103 omnia

906 2141 1016 2165 nunc
1044 2126 1234 2164 Palinuro
1263 2125 1304 2162 in
1334 2124 1470 2162 oculos
1498 2123 1640 2161 incur-

904 2191 1019 2233 rant,
1069 2183 1325 2221 securitatem
1375 2182 1472 2219 caeli
1513 2181 1642 2218 sereni

904 2242 998 2280 inde
1021 2247 1167 2293 captat.
1199 2239 1282 2278 vid.
1303 2239 1479 2277 Macrob.
1496 2240 1578 2276 Sat.
1594 2238 1640 2287 V,

908 2303 973 2341 11.
995 2300 1044 2337 cs.
1063 2299 1079 2336 1
1099 2299 1241 2348 Georg.
1265 2296 1360 2338 394.
1383 2297 1466 2339 395
1485 2303 1526 2333 et
1544 2309 1642 2333 mox

906 2371 946 2395 v.
984 2358 1066 2399 518
1097 2357 1204 2393 coelo
1241 2369 1389 2392 sereno.
1454 2355 1641 2392 Ceterum

908 2416 950 2453 in
969 2414 1030 2452 his
1049 2428 1170 2452 verss
1187 2413 1408 2451 Homerum
1427 2418 1520 2450 ante
1540 2425 1640 2450 ocu-

906 2474 966 2511 los
994 2472 1166 2520 habuit,
1210 2470 1360 2522 egregie
1401 2477 1536 2508 tamen
1572 2484 1641 2508 or-

905 2531 1020 2569 navit
1073 2544 1119 2568 30
1172 2529 1373 2577 variavit,
1434 2528 1577 2580 Odyss.
1612 2543 1640 2574 ε,

905 2592 989 2630 270
1011 2601 1138 2639 seqq.:
1166 2587 1378 2638 Virgilium
1399 2600 1498 2625 vero
1521 2586 1640 2624 Ovid.

904 2647 996 2685 Met.
1019 2647 1083 2695 ΙΙΙ,
1106 2644 1189 2688 594
1215 2659 1271 2695 sq.

963 2705 1218 2747 518—520.
1245 2703 1394 2740 Omnia
1416 2702 1523 2740 videt
1546 2716 1641 2738 eon-

904 2772 1030 2811 slare,
1082 2761 1302 2813 composita
1342 2766 1381 2797 et
1422 2759 1641 2810 tranquilla

906 2834 1006 2869 esse3
1038 2820 1157 2867 nihil,
1190 2818 1300 2869 quod
1328 2817 1640 2855 inconstantiam

906 2885 947 2916 et
997 2878 1237 2916 varietatem
1279 2876 1376 2913 caeli
1427 2875 1639 2920 ominetur,

907 2948 1131 2974 occurrere.
1193 2934 1364 2972 Videtur
1387 2940 1480 2971 ante
1504 2932 1639 2970 oculos

909 2995 1028 3032 fuisse
1050 2995 1207 3032 Lucret.
1229 2992 1294 3040 IV,
1326 2991 1409 3033 462
1450 2993 1503 3028 Et
1532 2991 1640 3027 som·-
