1779 3420
32 230 134 281 374
362 227 416 275 Ρ.
456 225 824 276 VIRGILII
861 224 1234 274 MARONIS

33 357 159 418 Fas,
200 362 290 404 aut
314 352 405 403 ille
427 353 552 402 sinit
574 352 755 418 superi
778 359 1031 416 regnator
1060 351 1293 417 Olympi.

33 428 220 491 Longa
262 423 358 473 tihi
406 423 605 486 exsilia,
659 431 714 473 et
746 432 955 471 vastum
985 423 1147 471 maris
1181 436 1388 488 aequor
1419 435 1572 468 aran-

835 491 983 543 dum.
1469 496 1573 542 780

37 568 105 616 Et
125 575 326 615 terram
348 565 667 631 Hesperiam
689 563 897 623 venieS,
935 562 1027 611 ubi
1047 562 1244 627 Lydius
1268 578 1389 610 arva

35 639 186 686 Inter
208 636 389 703 opima
414 636 589 684 virum
609 634 719 684 leni
747 632 865 682 fluit
886 634 1099 697 agmine
1123 632 1379 696 Thybris:

105 724 224 772 779.
271 721 401 779 FAS;
556 723 672 770 780.
710 731 994 774 ARANDUM3
1149 720 1267 766 782.
1318 716 1573 764 Tannus,

37 838 123 871 dare
145 838 311 878 voluere3
336 848 414 869 nam
436 835 564 869 Medic.
590 848 667 869 cum
694 835 790 869 aliis:
829 846 895 867 nec
929 841 964 866 te
997 834 1160 866 comitem
1193 833 1279 865 hinc
1309 840 1467 878 portare
1501 832 1570 876 (pr.

36 886 168 918 Moret.
195 885 300 918 etium
323 883 527 930 portasse),
556 883 683 916 Hamb.
710 895 803 915 sec.:
838 894 905 914 ner:
930 888 966 912 ce
992 881 1077 913 ltine
1111 893 1140 912 e.
1170 888 1347 926 portare,
1383 879 1452 911 duo
1489 880 1572 912 Μο-

38 939 123 966 ret.:
167 945 234 966 nec
269 940 305 964 te
338 932 501 964 comitem
535 940 704 976 portare.
754 928 935 962 Parrhas.:
982 940 1049 960 nec
1091 936 1127 960 te
1165 928 1327 959 comitem
1366 934 1575 972 asportare.

39 980 143 1025 (Mire
168 980 227 1012 hio
251 979 335 1012 libri
361 978 508 1011 variant.
533 978 759 1020 LectiOnmn,
795 989 897 1022 quum
924 975 1080 1020 Heynius
1107 982 1245 1007 secutus
1283 981 1355 1014 est,
1392 985 1577 1018 quamque,

38 1034 182 1073 praeter
207 1027 317 1067 alios,
343 1026 421 1059 cod.
447 1025 558 1058 Palat.
585 1026 750 1066 exhibet,
786 1025 844 1056 vix
871 1022 1015 1055 dubium
1050 1029 1103 1054 est
1139 1021 1221 1067 quin
1254 1022 1394 1054 Servius
1430 1021 1577 1053 inxexe—

38 1075 106 1114 rit3
133 1074 201 1107 vid.
229 1076 273 1114 Q.
301 1075 344 1107 V.
370 1074 470 1113 XVI,
498 1075 531 1107 5.
582 1075 614 1106 ls
641 1085 746 1118 quum
771 1083 908 1105 versum
936 1083 1003 1102 una
1029 1070 1171 1114 syllaba
1211 1069 1448 1102 abundantem
1474 1069 1577 1101 iuve—

39 1122 173 1164 nisset,
215 1121 301 1154 lzinc
345 1120 481 1153 retrahi
516 1120 638 1162 iussit,
680 1120 772 1152 unde
807 1132 846 1152 ea
880 1118 1006 1159 lectio,
1042 1116 1278 1160 corruptelam
1312 1116 1427 1148 verius
1462 1116 1571 1157 (licus,

41 1177 134 1210 orta,
161 1181 250 1214 quae
267 1180 357 1201 nune
373 1168 486 1200 libros
511 1168 626 1201 editos
652 1167 793 1200 insidet.
843 1168 881 1198 In
907 1165 985 1198 aliis
1011 1164 1112 1197 libris
1138 1165 1215 1208 ipsa
1241 1164 1337 1196 varia
1362 1164 1464 1196 huius
1493 1177 1578 1208 par-

39 1217 167 1250 tieulae
192 1215 296 1249 sedes
320 1215 452 1248 indicio
479 1222 557 1256 est,
594 1216 680 1249 lzinc
705 1215 749 1248 ab
776 1213 915 1255 aliena,
954 1224 1024 1245 non
1056 1212 1223 1256 Virgilii,
1259 1224 1359 1244 manu
1395 1211 1463 1243 huo
1496 1212 1578 1244 illu—

38 1271 112 1297 tum
132 1276 220 1296 esse.
270 1263 340 1296 Sed
359 1262 447 1295 illud
466 1262 625 1303 mireris,
662 1262 759 1307 quod
785 1261 849 1294 viri
877 1260 1013 1305 poetici
1046 1259 1219 1292 sermonis
1256 1258 1579 1303 intelligentissimi,

39 1311 205 1344 Heinsius
229 1310 379 1343 maxime
405 1316 441 1342 et
465 1311 645 1355 Heynius,
668 1311 813 1343 verbum
838 1320 933 1342 mere
960 1307 1160 1352 prosarium
1187 1315 1383 1353 asportare
1407 1307 1580 1351 optimum

40 1371 176 1392 versum
205 1358 336 1391 diutius
361 1357 545 1402 inquinare
571 1357 666 1403 passi
703 1357 847 1391 fuerint.
898 1355 1042 1389 Scilicet
1077 1354 1262 1399 genuinum
1297 1366 1450 1398 vereque
1488 1367 1579 1399 poe-

39 1406 145 1440 ticam
180 1405 371 1439 lectionem
404 1412 634 1439 servaverunt
677 1405 746 1437 duo
782 1403 980 1437 Moretani:
1026 1415 1093 1435 nec
1126 1410 1162 1434 te
1209 1403 1373 1435 comitem
1413 1410 1580 1446 portare.

39 1455 111 1487 Iam
143 1454 290 1487 verbum
324 1453 473 1497 simplex
516 1453 577 1486 alii
619 1452 867 1498 explicuerunt
903 1463 969 1495 per
1003 1449 1237 1494 compositum
1271 1457 1487 1494 asportare,
1521 1449 1581 1481 alii

40 1502 128 1535 hinc
160 1501 394 1542 addiderunt,
430 1500 487 1534 vel
521 1500 636 1546 ipsum
669 1500 757 1533 illud
792 1507 990 1544 asportare
1023 1497 1091 1530 iam
1125 1497 1161 1528 in
1197 1496 1357 1529 ordinem
1399 1504 1581 1542 receptum

41 1548 269 1594 interpretari
293 1548 481 1581 voluerunt
505 1549 644 1581 adiecto
671 1549 777 1586 hinc,
804 1546 828 1579 i.
856 1558 886 1578 e.
913 1546 998 1578 hinc
1020 1553 1195 1590 portare3
1231 1544 1314 1576 inde
1351 1556 1471 1576 versus
1497 1557 1581 1576 ‹zor-

42 1603 167 1642 ruptus
193 1608 233 1629 ac
257 1595 512 1641 pessumdatus.
561 1595 683 1629 Simile
709 1594 793 1639 quid
819 1593 988 1627 accidisse
1015 1592 1173 1624 videmus
1199 1593 1289 1633 XII,
1314 1592 1416 1626 709.:
1452 1594 1583 1633 „Inter

43 1656 82 1677 se
106 1645 236 1676 coiisse
260 1645 360 1676 viros·
384 1652 420 1675 ec
445 1655 596 1676 cernere
612 1641 773 1688 ferro,“
810 1641 870 1673 ubi
897 1640 933 1672 in
960 1640 1122 1672 omnibus
1149 1639 1275 1681 codd.,
1314 1638 1381 1671 nisi
1416 1639 1511 1683 quod
1547 1640 1582 1671 in

44 1690 162 1736 paucis
187 1699 225 1723 et
249 1689 446 1730 omittitur,
479 1690 529 1723 sic
565 1690 712 1734 legitur:
746 1697 781 1722 et
815 1689 1085 1721 decernere
1117 1684 1238 1731 ferro.
1288 1686 1401 1719 Etiam
1427 1688 1471 1727 V,
1498 1688 1579 1721 786.

43 1738 81 1771 in
105 1737 286 1783 plerisque
309 1737 410 1771 libris
437 1737 569 1781 legitur
593 1749 713 1770 versus
738 1748 807 1768 una
832 1735 969 1779 syllaba
994 1733 1154 1777 longior:
1192 1734 1350 1773 „Urbem
1377 1733 1468 1766 odiis
1496 1734 1582 1766 satis

45 1792 123 1826 est,
154 1797 218 1818 nee
249 1796 403 1830 poenam
434 1785 648 1817 traxisse
681 1796 745 1828 per
775 1785 950 1816 omnem.“
994 1782 1089 1825 ufr.)
1196 1782 1265 1816 779
1292 1789 1359 1813 aut
1391 1780 1456 1813 ille
1481 1794 1509 1814 s.
1539 1794 1581 1813 ex

44 1831 174 1866 Medic.
202 1838 238 1865 et
265 1831 343 1865 aliis
369 1831 512 1876 optimis
545 1831 709 1877 reposuit
742 1830 877 1869 Heins.,
913 1836 952 1862 ut
987 1828 1056 1862 iam
1092 1828 1147 1860 ed.
1185 1828 1263 1860 Ald.
1298 1834 1332 1860 et
1367 1827 1458 1861 aliae
1494 1836 1581 1862 vett.

45 1879 163 1923 Vulgo
189 1879 292 1912 haud
325 1879 398 1912 ille.
433 1879 496 1912 sed
533 1892 575 1912 ex
608 1879 719 1912 Codd.
753 1890 825 1911 non
860 1877 965 1910 facile
999 1876 1071 1908 tale
1109 1875 1193 1920 quid
1228 1875 1414 1908 diiudicari
1450 1882 1581 1920 potest.

47 1928 156 1972 (Fasx
181 1938 252 1959 non
278 1929 354 1959 Fas
379 1935 474 1965 σείς
502 1927 586 1966 sed,
612 1927 707 1971 quod
729 1925 798 1958 iam
824 1924 989 1957 Heinsius
1016 1923 1132 1963 iubet,
1158 1923 1263 1967 iunge
1290 1925 1366 1955 Fas
1392 1924 1502 1963 sinit,
1540 1930 1578 1956 ut

46 1976 120 2015 VI,
146 1972 248 2009 438.:
274 1976 350 2006 Fas
376 1972 509 2007 obstac.
559 1975 700 2007 Comma
724 1972 833 2017 igitur
868 1971 971 2017 posui
1007 1982 1073 2015 pro
1111 1970 1291 2003 semicolo.
1337 1971 1431 2003 WrA
1474 1971 1583 2003 Witt.

48 2021 152 2054 haud
176 2021 241 2054 ille
266 2022 375 2054 sinet.
419 2022 530 2054 Porro
556 2023 687 2055 summi
703 2023 784 2054 Exc.
807 2022 922 2052 Burm.
963 2019 1053 2065 puri
1071 2018 1179 2050 Goth.
1199 2018 1300 2050 alter.
1399 2019 1467 2052 780
1495 2019 1582 2051 lon—

48 2081 138 2115 gam
162 2068 267 2110 Gud.,
293 2080 359 2112 pro
398 2081 469 2101 var.
504 2069 586 2102 lect.
623 2067 694 2102 τοῦ
730 2077 889 2101 vastam.
939 2066 1083 2099 auxilia
1119 2065 1229 2098 Goth.
1262 2072 1343 2098 tert.
1440 2067 1507 2100 78l
1536 2068 1585 2098 Et

49 2124 187 2149 terram
213 2117 261 2148 H.
286 2115 409 2148 Heius.
438 2128 514 2148 curn
541 2115 676 2160 optimo
703 2127 865 2160 quoque,
901 2114 1007 2146 etiam
1033 2112 1216 2153 Pieriano3
1251 2112 1449 2156 virgiliano
1484 2125 1584 2145 more

50 2175 92 2195 ex
118 2163 265 2196 Graecis
290 2163 417 2204 ducto,
443 2169 481 2195 ut
507 2163 556 2196 ad
582 2163 775 2196 omittatur.
826 2162 944 2205 Vulgo
976 2167 1093 2193 tamen
1130 2161 1190 2193 Ad
1219 2169 1257 2201 t„
1291 2168 1329 2193 ut
1364 2167 1399 2193 et
1426 2160 1584 2192 nonnulli

50 2209 152 2243 codd.
179 2211 335 2251 habent,
369 2217 405 2243 et
430 2211 565 2243 Probus
598 2211 634 2243 in
670 2214 766 2243 Arte.
803 2210 867 2254 (sie
903 2208 1006 2241 etiam
1041 2208 1151 2241 Palat.
1191 2216 1224 2240 et
1256 2210 1289 2242 4.
1324 2209 1356 2243 7.
1394 2210 1448 2243 12.
1487 2208 1583 2251 IVr.)

53 2258 176 2290 Heius.
204 2257 297 2292 coni.
330 2260 379 2291 Ut
404 2266 429 2290 t.
457 2259 561 2302 (bene
588 2262 654 2297 Εἰς
680 2258 751 2290 vid.
778 2260 820 2298 Q.
847 2258 891 2290 V.
918 2257 1078 2296 XXXV,
1103 2257 1137 2289 8.
1189 2256 1277 2288 Hinc
1303 2256 1407 2288 etiam
1432 2263 1585 2288 mutatae

54 2317 106 2337 vs.
131 2306 213 2340 780.
241 2312 275 2337 et
300 2307 381 2340 782.
406 2304 705 2350 interpunctionis
731 2317 868 2338 causam
895 2303 1086 2346 intelliges.
1118 2304 1215 2345 IVr.)
1249 2304 1413 2336 Parrhas.
1440 2306 1585 2348 Hespe-

52 2354 152 2388 riem.
175 2354 357 2397 (invenies
381 2353 461 2386 Alb.
491 2354 589 2397 lVr.)
692 2354 762 2388 782
789 2353 888 2386 laeto
906 2350 940 2398 s
966 2350 1115 2384 Dorvill.
1142 2363 1219 2384 cum
1243 2351 1420 2384 nonnullis
1448 2351 1539 2383 Pier.

53 2448 108 2485 tio
130 2453 191 2485 est
210 2447 373 2486 ass‘eetus
392 2449 521 2501 plena.
567 2451 665 2490 779.
689 2450 787 2497 Fas,

53 2506 206 2553 fatum,
257 2519 327 2544 seu
374 2508 562 2545 voluntas
603 2506 788 2547 deorum.

55 2564 103 2602 cs.
125 2563 260 2602 Heius.
293 2562 350 2616 (et
369 2565 415 2603 V.
446 2566 488 2603 L.
525 2563 643 2616 lVr.)
705 2567 789 2606 780

54 2621 218 2664 ——784.
250 2623 395 2660 exsilia
415 2637 488 2674 pro
511 2624 722 2670 emiliam,
751 2628 791 2659 et

55 2678 135 2718 hoc
156 2693 229 2732 pro
251 2680 370 2732 longo
390 2680 532 2719 itinere
556 2681 620 2719 vel
640 2693 790 2727 errore,

58 2737 250 2776 adiuncta
288 2738 471 2787 notione,
525 2739 635 2789 quod
675 2744 792 2776 exn-a

57 2796 231 2848 patriam
258 2795 317 2834 fit.
349 2797 397 2835 es.
417 2797 556 2835 Burin.
617 2798 792 2834 Duetum

58 2868 106 2892 ex
129 2852 256 2907 φυγή.
289 2852 468 2907 (vassum
487 2855 605 2892 essei.
620 2851 792 2907 ‹seirpu—

58 2929 204 2967 γἠτον,
234 2912 260 2951 i.
282 2925 314 2951 e.
344 2912 666 2961 infructuosum,
704 2913 792 2950 exi-

59 2971 197 3010 stimat
209 2970 364 3011 Wakes.
384 2972 435 3011 ad
448 2972 608 3010 Lueret.
628 2972 675 3022 V,
696 2974 791 3013 203.

854 2448 964 2495 JVr.)
998 2453 1037 2484 et
1069 2460 1118 2484 ex
1139 2447 1341 2484 arandum
1366 2446 1586 2484 adsumen-

849 2505 947 2543 dum
987 2505 1160 2543 verbum
1198 2505 1342 2543 latius:
1385 2504 1582 2552 obeunda,

848 2569 893 2601 ut
920 2563 998 2601 iam
1024 2565 1136 2601 Serv.
1200 2561 1390 2615 (—781.
1424 2562 1506 2600 vid.
1538 2562 1588 2599 de

848 2621 927 2659 hoc
966 2635 1024 2659 VS.
1068 2621 1115 2660 V.
1156 2621 1198 2657 L.
1247 2619 1358 2674 an)
1429 2622 1588 2672 Lydius

857 2679 1024 2730 Thybris
1046 2693 1118 2731 pro
1144 2680 1348 2726 Etruscus,
1376 2691 1426 2715 ex
1451 2686 1588 2717 vetere

852 2737 1039 2789 opinione
1072 2736 1234 2788 originis
1266 2738 1530 2775 Etruscorum
1566 2752 1588 2775 a

851 2795 970 2847 Lydis
989 2795 1144 2833 ductae.
1173 2809 1211 2833 v.
1234 2796 1331 2833 Exc.
1360 2796 1413 2833 Ill
1440 2797 1492 2834 ad
1521 2797 1587 2835 lib.

853 2854 951 2892 VIII.
983 2868 1083 2892 arra
1106 2856 1237 2891 νίνιιηι
1261 2854 1425 2906 signate,
1450 2869 1588 2893 exem—-

852 2913 919 2965 plo
952 2912 1093 2949 Graeci
1136 2907 1309 2966 ἅνδρών.
1370 2915 1451 2951 leni
1485 2916 1589 2965 Jlnil

853 2973 1028 3023 agmine.
1098 2972 1229 3023 Supra
1256 2972 1397 3023 Georg.
1437 2973 1465 3022 l,
1506 2975 1588 3014 322
