1779 3420
178 228 278 278 864
511 223 565 270 P.
602 219 961 271 VIRGILII
998 217 1377 267 MARONIS

176 348 455 400 Instituam
474 345 749 412 festosque
772 346 885 395 dies
911 345 978 394 de
1007 344 1230 393 nomine
1256 341 1477 393 Phoebi.
1629 348 1697 394 70

179 424 258 469 Te
279 434 497 486 quoque
516 432 706 480 magna
722 424 945 464 manent
962 415 1139 479 regnis
1162 411 1455 479 penetralia
1478 413 1698 463 nostris:

177 490 275 540 Hic
295 505 393 553 ego
417 503 651 552 namque
673 494 788 535 tuas
815 485 997 547 sortis,
1037 499 1329 548 arcanaque
1356 481 1477 544 fata,

178 560 329 610 Dicta
349 574 502 606 meae
522 555 695 620 genti,
737 571 963 620 ponam,
1001 553 1275 618 lectosque
1303 551 1537 611 sacrabo,

180 629 356 690 Alma,
386 627 539 676 viros.
610 623 770 672 Foliis
794 632 1002 672 tantum
1023 639 1093 671 ne
1117 622 1349 670 carmina
1371 620 1569 670 manda
1589 644 1601 682 ;

179 703 260 749 Ne
281 697 489 746 turbata
506 693 690 743 volent
709 693 907 759 rapidis
931 691 1159 741 ludibria
1180 692 1364 741 ventis.

181 772 299 835 Ipsa
323 781 474 816 canas
497 780 607 814 or0.
680 763 871 812 Finem
894 762 1041 812 dedit
1061 778 1155 810 ore
1175 759 1450 826 loquendi.

1631 692 1698 740 75

183 911 333 941 constat.
381 903 565 937 Enimvero
591 902 740 937 alienum
766 902 835 936 hoc
861 903 903 937 ab
929 903 965 935 h.
991 903 1036 935 l.:
1072 914 1150 935 nam
1176 902 1324 935 obscura
1360 900 1474 945 aliqua
1500 899 1605 933 aedes
1630 909 1702 931 non

182 960 324 999 poterat
346 965 365 985 a
389 958 498 996 poeta
522 950 805 993 commemorari3
840 951 902 983 sed
928 950 985 994 agi
1009 961 1159 984 necesse„
1179 956 1232 981 est
1257 949 1301 981 de
1326 949 1461 981 refecto
1488 947 1550 980 illo
1574 952 1611 979 et
1636 946 1703 978 de-

183 1001 299 1034 dicato
325 999 367 1032 ab
386 1003 540 1042 Augusto
567 998 615 1041 (v.
634 997 719 1031 Vita
744 998 842 1041 Virg.
871 999 955 1041 726)
983 1004 1018 1030 et
1042 996 1151 1029 toties
1177 996 1355 1028 celebrato
1382 1008 1401 1028 a
1426 994 1542 1038 poetis
1566 992 1700 1037 templo

185 1045 359 1092 Apollinis
382 1044 544 1078 Palatini.
594 1046 670 1077 Nec
695 1045 829 1087 refert,
866 1045 1002 1087 templa
1034 1055 1075 1076 an
1109 1044 1281 1089 templum
1314 1043 1432 1086 legas:
1471 1041 1574 1074 aliter
1601 1040 1703 1080 enim,

185 1106 286 1139 quam
312 1093 356 1126 de
382 1103 449 1125 uno
474 1091 536 1124 illo
562 1091 710 1135 templo,
735 1092 866 1124 dictum
890 1103 953 1124 nec
978 1090 1127 1123 alterum
1151 1090 1313 1134 accipies.
1350 1089 1430 1131 (Vix
1466 1089 1608 1121 dubium
1639 1093 1703 1128 est,

186 1141 271 1185 quin
296 1139 431 1185 templa
457 1146 569 1172 ortum
594 1138 641 1171 sit
667 1150 686 1170 e
711 1139 892 1185 templa*
909 1164 918 1181 ,
945 1145 984 1170 ut
1010 1144 1063 1170 est
1088 1138 1123 1169 in
1149 1137 1328 1176 Mediceo;
1354 1136 1421 1169 nisi
1440 1136 1533 1168 sorte
1552 1135 1703 1174 fuerunt,

186 1188 245 1233 qui
278 1187 324 1220 ob
357 1187 503 1219 duorum
536 1185 713 1218 numinum
752 1184 965 1218 mentionem
1007 1184 1176 1230 pluralem
1218 1183 1350 1228 requiri
1393 1189 1568 1226 putarent.
1607 1180 1702 1221 lVr.)

184 1236 295 1268 Erant
314 1233 348 1265 in
368 1234 436 1266 hoc
452 1233 586 1277 templo
608 1232 759 1276 pensiles
778 1232 968 1277 lychnuchi
987 1244 1027 1264 ex
1045 1243 1126 1263 aere
1144 1230 1322 1263 mirandae
1341 1230 1437 1271 artis,
1456 1241 1540 1274 quas
1552 1228 1704 1261 Alexan-

187 1282 251 1314 der
277 1280 390 1324 captis
415 1280 550 1312 Thebis
575 1279 732 1323 Apollini
764 1279 799 1311 in
823 1280 928 1323 Cyme
964 1275 1017 1323 (ἐν
1040 1275 1167 1323 Κύμῃ)
1192 1277 1349 1311 Aeolidis
1375 1277 1575 1316 dicaverat,
1612 1274 1704 1319 apud

186 1328 276 1362 Plin.
302 1327 478 1369 XXXIV,
501 1327 524 1362 3
550 1338 577 1359 s·
603 1328 636 1367 8,
670 1338 756 1370 quos
791 1338 976 1371 perperam
1001 1325 1188 1370 spanhem.
1214 1325 1238 1357 1.
1265 1337 1293 1357 c.
1329 1324 1365 1356 in
1390 1324 1512 1357 aedem
1538 1322 1705 1355 Noctilu-

189 1387 249 1408 cae
274 1373 467 1407 transtulit.
571 1374 617 1408 70
643 1374 868 1406 Constituam
896 1375 997 1406 Rom.
1026 1372 1143 1404 Ursin.
1172 1378 1208 1404 et
1232 1374 1328 1404 Serv.
1355 1372 1399 1404 ad
1424 1372 1482 1411 ΙΙΙ,
1508 1369 1587 1404 274.
1636 1367 1706 1402 Sed

188 1428 295 1467 poeta
321 1419 525 1466 exquisitius
550 1420 693 1452 verbum
718 1420 753 1452 h.
780 1420 805 1454 l.
829 1420 928 1464 sequi
952 1419 1093 1452 maluit:
1119 1418 1302 1463 siquidem,
1327 1425 1364 1451 ut
1384 1417 1488 1461 vulgo
1515 1417 1567 1458 fit,
1592 1415 1706 1448 inter-

188 1480 341 1514 pungas:
379 1468 549 1514 templum
572 1468 794 1509 Instituam,
821 1467 855 1513 s
904 1468 1005 1499 Nunc
1030 1466 1098 1499 alia
1121 1465 1260 1498 ratione
1285 1465 1494 1498 succurrisse
1518 1476 1573 1496 me
1598 1463 1706 1496 vides.

190 1516 275 1561 (Sed
300 1527 341 1548 ea
365 1515 456 1547 ratio
481 1513 567 1546 ferri
589 1525 659 1546 non
686 1520 825 1557 potest,
860 1513 929 1547 vid.
954 1515 998 1548 V.
1022 1514 1062 1545 L.
1097 1513 1140 1545 ad
1166 1514 1229 1546 Ge.
1256 1514 1282 1553 Ι,
1318 1513 1395 1547 142.
1444 1509 1575 1544 Sustuli
1599 1509 1707 1553 igitur

190 1574 324 1596 comma
350 1562 385 1594 in
410 1561 478 1593 fine
502 1560 701 1606 praegressi
733 1573 852 1594 versus
888 1562 930 1593 ab
964 1559 1103 1605 Heynio
1140 1559 1305 1603 positum.
1354 1561 1399 1591 Et
1422 1558 1490 1590 nisi
1514 1559 1708 1590 instituere

190 1610 284 1642 idem
306 1608 481 1642 interdum
505 1608 660 1649 valeret,
686 1609 779 1652 quod
794 1608 937 1653 fizcere,
962 1614 1001 1640 ut
1029 1618 1116 1640 aras
1141 1619 1196 1651 ap.
1221 1607 1340 1641 Valer.
1368 1606 1420 1638 Fl.
1447 1607 1505 1638 ΙΙΙ.
1529 1605 1623 1644 426.,
1650 1609 1708 1636 ta-

191 1668 282 1698 men,
310 1668 414 1700 quum
440 1655 575 1699 templa
601 1655 781 1700 ludosque
805 1655 862 1687 hic
887 1655 1093 1698 iungantur,
1126 1654 1215 1685 nihil
1241 1660 1313 1694 est,
1342 1654 1385 1686 ad
1413 1652 1507 1696 quod
1536 1650 1705 1684 offendas.

191 1705 263 1735 lam
289 1703 413 1735 eodem
436 1701 561 1744 plane,
588 1713 655 1745 quo
683 1702 739 1734 hic
764 1702 953 1746 Virgilius,
989 1701 1094 1734 modo
1120 1700 1257 1733 locutus
1285 1707 1338 1733 est
1372 1701 1466 1733 idem
1499 1698 1577 1731 Val.
1603 1697 1654 1730 Fl.
1681 1698 1706 1737 I,

194 1752 248 1784 15.
274 1762 371 1794 sqq.:
411 1748 496 1789 „Ille
530 1747 596 1779 tibi
630 1748 856 1792 cultusque
889 1749 991 1780 deum
1016 1747 1276 1791 delubraque
1311 1747 1408 1791 genti
1441 1746 1706 1777 Instituet.“

200 1797 294 1838 er.)
345 1796 417 1828 diis
450 1793 556 1827 Witt.
662 1796 706 1831 71
744 1797 883 1828 nostris
910 1808 949 1840 p.
977 1795 1103 1839 regni-5
1138 1794 1263 1827 Hamb.
1297 1807 1360 1838 pr.
1385 1792 1546 1826 Parthas.
1572 1791 1644 1824 Erf.
1672 1796 1708 1822 et

193 1842 384 1876 Diomedes
409 1841 471 1873 lib.
497 1842 523 1873 I.
619 1842 664 1876 72
690 1843 765 1874 tais
789 1841 876 1874 alter
901 1842 1092 1884 Hamburg.
1140 1841 1303 1873 Achaica
1320 1839 1410 1885 sata
1434 1839 1538 1871 idem.
1576 1840 1709 1882 <sortes

193 1890 322 1923 Medic.
363 1888 458 1930 lVr.)
570 1888 616 1922 73
653 1889 832 1933 imponam
865 1888 1027 1921 Parrhas.
1090 1899 1227 1933 ponam
1270 1889 1376 1932 genti
1418 1885 1563 1918 Mentel.
1607 1883 1707 1916 alter.

194 1938 242 1972 74
266 1944 409 1969 tantum
424 1934 534 1980 soliis
558 1934 716 1967 Parrhas.
766 1947 832 1967 nec
854 1948 883 1968 c.
909 1941 982 1967 tres
1008 1935 1101 1979 apud
1120 1935 1312 1973 Burmann„
1335 1944 1443 1977 porro
1463 1933 1610 1965 nomina
1628 1930 1706 1963 Ald.

194 1996 262 2028 pr„
287 1983 350 2015 sed
375 1981 574 2015 emendavit
598 1982 764 2025 Nauger„
799 1981 906 2014 Goth.
932 1994 985 2026 pr.
1021 1988 1055 2013 et
1079 1980 1214 2014 Nonius
1240 1980 1274 2012 in
1301 1980 1471 2012 ludibria.
1517 1979 1607 2011 conf.
1634 1990 1708 2021 sup.

195 2032 256 2072 111,
279 2030 359 2064 445.
456 2029 501 2062 76
517 2029 635 2071 finem
660 2029 761 2061 dedit
787 2041 848 2061 ore
872 2028 1055 2073 loquendi.
1105 2028 1226 2060 Fuisse
1247 2027 1409 2060 videntur
1429 2027 1496 2058 iam
1522 2032 1602 2058 ante
1623 2025 1709 2056 Cer—

196 2078 287 2119 dam,
312 2076 438 2121 quibus
464 2075 550 2108 haec
576 2075 619 2107 ab
645 2075 760 2108 aliena
784 2087 885 2109 manu
911 2081 1027 2108 assuta
1053 2087 1128 2108 esse
1153 2074 1375 2116 viderentur,
1408 2072 1533 2106 offensi
1557 2073 1649 2105 forte
1676 2077 1710 2103 et

197 2201 246 2235 ut
263 2195 305 2234 in
334 2194 439 2233 ludis
461 2194 731 2232 saecularibus
762 2194 927 2245 aliisque

197 2254 319 2292 sacris
350 2253 596 2291 consociatae
629 2253 741 2290 fuere
774 2253 928 2290 utrius—

199 2325 276 2362 que
312 2311 533 2362 religiones.
592 2310 713 2362 Apud
746 2311 927 2362 Propert.

198 2370 247 2417 ΙΙ,
265 2372 332 2417 31,
368 2370 417 2411 15
437 2369 612 2420 legimus,
627 2369 781 2419 signum
802 2369 928 2420 Apol—

200 2426 290 2464 linis
311 2426 352 2462 in
374 2439 419 2463 eo
440 2427 588 2477 templo
611 2426 717 2463 inter
735 2427 928 2464 Latonam

201 2490 242 2520 et
262 2483 428 2520 Dianam
446 2484 622 2522 medium
647 2484 821 2521 stetisse:
840 2486 931 2521 De—

205 2541 296 2577 inde
321 2542 421 2577 inler
441 2550 608 2579 matrem
637 2542 733 2578 (leus
759 2544 842 2592 ipse
864 2544 929 2578 ἰη-

203 2607 335 2649 terque
357 2613 526 2636 sororem
542 2602 588 2636 Pr
602 2600 719 2636 ‘Allius
740 2602 782 2636 in
805 2601 930 2648 longa

203 2657 385 2693 carmina
398 2664 500 2692 veste
522 2664 651 2693 sonat.
673 2657 807 2707 sse-slva
826 2658 924 2704 (lies,

204 2712 322 2750 ludos
355 2712 601 2764 Apollinares
631 2713 678 2750 ab
705 2713 845 2750 eodeni
865 2714 930 2750 in·-

206 2770 384 2808 stitutos.
444 2773 493 2810 71
512 2793 559 2798 -
576 2772 641 2812 73.
656 2770 778 2807 libros
799 2771 933 2820 Sibyl-

204 2828 308 2866 linos
347 2833 388 2865 et
418 2827 604 2866 XVviros
640 2827 685 2864 iis
716 2828 933 2878 inspicien-

206 2885 280 2924 dis.
341 2886 495 2923 Servati
512 2892 645 2922 autem
666 2885 720 2922 illi
738 2885 827 2922 libi-i
849 2885 935 2936 pri—

205 2957 315 2981 mum
342 2943 382 2981 in
415 2943 630 2994 Capitolio,
681 2943 729 2980 ab
758 2941 935 2994 Augusto

984 2207 1082 2232 vero
1102 2193 1281 2232 restituti
1302 2193 1375 2231 sub
1388 2191 1581 2245 Apollinis
1594 2190 1710 2228 Pala-

984 2253 1060 2290 tini
1080 2253 1165 2290 basi
1186 2251 1356 2300 conditi3
1387 2258 1434 2289 ut
1452 2264 1502 2288 ex
1520 2248 1711 2287 Suetonio

986 2317 1128 2348 notum
1161 2310 1301 2348 Oetav.
1336 2312 1386 2350 31
1421 2315 1459 2346 et
1485 2307 1642 2346 Tibullo
1664 2306 1711 2354 II,

986 2369 1025 2416 5,
1050 2372 1067 2408 1
1090 2367 1253 2406 Phoebe
1265 2367 1374 2416 fave
1389 2396 1398 2413 ,
1432 2381 1556 2404 nomes
1575 2367 1712 2415 ingre—
1751 2360 1760 2369 ’

985 2427 1174 2463 (ίίίιινῖιια
1193 2426 1345 2475 lempla
1363 2425 1561 2471 sacerdos,
1578 2423 1712 2470 Quin—

992 2483 1184 2521 decinwir
1231 2482 1421 2531 Messala3
1468 2481 1565 2519 haec
1593 2481 1712 2532 igitur

990 2547 1086 2579 sunt
1106 2542 1345 2602 [Jerzetg·alia.
1386 2540 1520 2590 Neque
1544 2538 1714 2576 Ovidius

987 2597 1272 2650 intelligendus
1293 2598 1429 2643 aliter,
1463 2597 1533 2634 etsi
1554 2609 1639 2633 rem
1658 2596 1713 2632 ita

988 2656 1118 2705 effert,
1151 2656 1259 2705 quasi
1287 2654 1435 2705 Sibylla
1462 2654 1654 2704 templum
1677 2658 1715 2689 et

989 2727 1099 2750 sacra
1131 2712 1335 2759 habuerit,
1377 2711 1467 2751 Met.
1498 2711 1601 2760 XlV,
1635 2713 1714 2752 128

998 2771 1165 2820 Templa
1190 2770 1263 2806 [ilai
1294 2778 1495 2818 slawata,
1542 2768 1716 2807 tribuam

992 2827 1065 2864 tibi
1083 2830 1179 2864 turis
1200 2828 1400 2864 honorem.

1052 2885 1106 2926 74
1120 2910 1169 2913 ——
1184 2887 1250 2926 76.
1295 2885 1538 2935 Exsequitur
1567 2883 1717 2921 Aeneas

994 2941 1134 2980 Heleni
1189 2950 1466 2994 praeceptum,
1527 2955 1613 2993 sup.
1652 2940 1717 2988 Ill,
