1827 3436
389 230 795 284 AENEIDOS
833 230 974 280 LIB.
1014 230 1078 291 ΙΙ,
1117 234 1334 281 78-86
1499 236 1595 282 279

99 361 299 414 Gloria:
331 374 497 426 quem
514 355 643 406 falsa
669 354 766 406 sub
788 354 1096 422 proditione
1125 353 1324 417 Pelasgi

96 436 399 490 Insontem,
437 426 661 476 infando
684 425 904 487 indicio,
944 424 1065 489 quia
1084 422 1225 472 bella
1245 422 1465 486 vetabat,

96 500 372 552 Demisere
391 497 538 555 neci3
575 513 720 545 nunc
742 511 944 544 cassum
969 493 1170 542 lumine
1195 492 1399 556 lugent3
1537 495 1599 542 85

96 570 179 621 11Ιί
217 585 307 618 me
348 568 603 617 comitem
647 575 699 615 et
746 563 1195 628 consanguinitate
1238 561 1599 628 propinquum

96 684 387 732 permutationem
417 684 569 718 duorum
603 682 836 727 Naupliorum
875 680 1060 725 epitheton
1082 678 1170 710 illud
1191 684 1315 722 arguat
1351 678 1396 722 (v.
1428 677 1508 708 Exc.
1533 676 1601 708 lv·

97 734 142 768 ad
162 733 198 766 h.
224 733 283 776 l.):
318 738 475 765 statuere
503 730 695 771 malebam,
729 728 852 762 vitium
886 726 1030 760 lectioni
1056 724 1224 763 insidere.
1267 732 1302 757 et
1333 724 1456 758 amissa
1489 722 1603 767 priore

96 780 234 826 syllaba
259 779 411 812 Belidae
445 789 629 823 superesse
668 788 710 809 ex
746 782 864 809 vetere
898 774 1051 807 lectione
1094 772 1346 825 Naupliadae5
1399 770 1467 802 hoc
1502 769 1603 800 etiam

97 827 245 860 Brunck.
272 824 442 870 reposuit.
497 826 594 856 Inter
627 823 713 856 haec
741 829 859 855 tamen
890 833 960 854 non
991 819 1099 853 ausim
1128 828 1309 863 quicquam
1343 827 1501 849 movere:
1528 826 1603 847 num

98 874 201 907 etiam
220 873 348 906 Statius
368 874 429 913 VI,
454 872 518 906 291
548 870 697 903 Belidae
716 868 886 914 fratres,
920 872 956 900 et
984 866 1085 899 Ovid.
1113 867 1176 910 Ep.
1205 866 1304 906 XIV,
1329 864 1374 899 73
1394 875 1504 907 surge
1525 874 1604 906 age,

97 919 235 954 Belide.
284 919 378 952 Nolo
396 928 669 952 commemorare
697 915 904 960 Tyrrhidae
926 914 987 946 inf.
1007 914 1085 954 Vll,
1110 912 1179 947 484
1200 923 1219 944 a
1244 911 1422 955 Tyrrhus,
1445 920 1520 940 nam
1539 909 1604 940 hoc

98 966 212 1001 verius
244 966 434 1011 Tyrrheus
451 964 522 1008 legi
541 964 705 997 arbitror.
751 965 797 995 At
819 961 918 994 ovid.
937 961 972 994 in
996 960 1049 992 lbi
1070 971 1102 992 v.
1124 959 1193 993 503
1215 959 1353 1002 Quique
1372 955 1603 1000 Lycurgiden

98 1015 248 1054 letania
278 1012 359 1045 huic
380 1011 462 1057 qnid
481 1010 672 1044 faciemus?
709 1009 753 1041 Et
778 1015 860 1041 sunt
888 1007 974 1049 alia,
999 1018 1087 1050 quae
1116 1006 1150 1037 in
1179 1004 1232 1037 his
1256 1003 1406 1036 variant:
1444 1008 1481 1033 ut
1502 1001 1604 1033 docte

97 1072 210 1105 nuper
236 1059 395 1105 pluribus
417 1057 610 1091 declaravit
625 1060 769 1089 Ouwens
783 1081 792 1097 ,
814 1054 970 1087 eruditus
993 1053 1065 1094 vir,
1098 1052 1133 1084 in
1154 1050 1295 1084 Noctib.
1316 1052 1449 1093 Ilagan.
1468 1049 1524 1088 111,
1549 1048 1604 1087 23,

98 1107 189 1140 utin
215 1106 334 1140 multis
362 1106 492 1149 duplex
520 1105 632 1137 forma
654 1102 802 1136 admissa
834 1113 909 1134 esse
934 1101 1104 1134 videatur.
1160 1099 1255 1130 Haeo
1284 1096 1391 1141 igitur
1420 1101 1456 1128 et
1482 1093 1603 1126 similia

98 1154 285 1187 dicendum
306 1159 360 1186 est.
387 1152 603 1186 observanda
626 1162 720 1192 esse,
744 1161 815 1181 uon
834 1148 1008 1180 mutanda.
1056 1148 1107 1178 Ita
1130 1152 1164 1177 et
1183 1144 1292 1183 illud,
1325 1143 1418 1187 quod
1443 1141 1530 1173 male
1551 1153 1604 1172 me

99 1200 244 1243 habuit,
268 1202 363 1233 Mars
386 1199 577 1232 Gradivus
601 1197 710 1241 prima
733 1196 837 1239 longa
865 1207 884 1227 a
905 1193 1128 1239 gradiendo:
1161 1194 1244 1224 Aen.
1265 1192 1309 1231 V,
1334 1191 1402 1224 208
1431 1188 1558 1220 trudes
1585 1199 1604 1219 a

102 1248 299 1288 trudendo,
326 1247 487 1278 disertus
504 1258 523 1277 a
543 1243 767 1277 disserendo.
809 1242 852 1274 cf.
871 1241 915 1273 ad
931 1242 994 1274 Ge.
1012 1241 1072 1280 IV,
1097 1239 1175 1274 355.
1211 1236 1372 1282 (Produci
1399 1240 1519 1268 contra
1545 1245 1605 1265 re-

100 1294 215 1338 gulam
233 1293 438 1339 penultimas
456 1291 594 1324 vocales
613 1289 825 1335 quorundam
845 1287 1165 1331 patronymicorum
1192 1284 1259 1316 iam
1276 1282 1468 1315 Priscianus
1488 1279 1605 1312 docuit

100 1342 123 1374 l.
148 1343 188 1375 11.
210 1354 238 1374 c.
260 1342 293 1375 7.
317 1341 345 1384 §-
364 1340 433 1379 37„
458 1339 518 1371 ubi
537 1337 640 1370 etiam
661 1336 695 1368 in
714 1334 901 1367 novissima
928 1333 1082 1366 editione
1103 1331 1269 1364 nonnulla
1293 1328 1416 1361 vitiose
1443 1338 1605 1370 expressa

100 1395 200 1429 sunt,
234 1394 270 1419 ut
292 1385 531 1431 Licoorgides
559 1395 624 1428 pro
651 1382 890 1428 Lycurgides.
936 1381 975 1413 In
1004 1378 1170 1423 exemplis
1205 1390 1223 1410 a
1249 1376 1425 1409 Prisciano
1456 1372 1604 1416 prolatis

101 1442 155 1468 est
178 1435 282 1467 etiam
307 1433 468 1471 Belides3
493 1431 584 1464 adde
600 1430 662 1463 Sil.
682 1431 724 1462 It.
747 1430 773 1469 I,
798 1429 853 1463 75.
878 1428 937 1469 ΙΙΙ,
961 1427 1042 1462 650.
1071 1424 1166 1466 Wr.)
1261 1423 1306 1457 84
1331 1423 1393 1467 qui
1411 1420 1531 1453 vitium
1553 1425 1605 1451 est

100 1482 185 1514 edit.
211 1480 370 1523 Gotting.
399 1490 491 1524 quos
518 1489 570 1522 pr.
594 1476 718 1509 Hamb.
758 1476 782 1508 f.
801 1475 909 1520 quod,
934 1479 973 1506 ut
991 1478 1046 1506 est
1076 1472 1111 1504 in
1143 1470 1249 1503 Goth.
1272 1475 1365 1510 tert„
1400 1466 1459 1511 qui
1478 1477 1603 1510 porro:

101 1527 196 1560 bella
230 1526 395 1560 vocabat.
491 1525 535 1559 85
560 1524 737 1556 Dimisere
763 1520 862 1554 multi
889 1520 923 1553 h.
954 1520 977 1553 l.
1006 1526 1043 1552 ut
1079 1516 1186 1557 alibi,
1231 1515 1331 1548 male.
1364 1527 1395 1547 v.
1421 1513 1538 1545 Heins.
1570 1518 1605 1543 et

100 1576 214 1607 Burm.
262 1585 331 1606 nee
349 1586 377 1605 c.
399 1570 507 1604 Goth.
527 1577 606 1603 tert.
632 1567 788 1615 (Rectius
807 1568 955 1600 sortasse
976 1565 1011 1598 in
1031 1566 1098 1597 fine
1117 1563 1217 1596 huius
1236 1575 1283 1595 vs.
1304 1562 1406 1605 plene
1423 1559 1606 1603 interpun-

101 1621 214 1666 gitur,
240 1628 276 1652 ut
297 1616 564 1656 ἄνακόλουθος
585 1616 630 1649 sit
651 1615 782 1655 orati03
808 1614 877 1646 vid.
898 1619 1020 1646 notata
1038 1612 1082 1645 ad
1104 1614 1189 1643 Aen.
1209 1611 1234 1649 1,
1259 1609 1316 1643 23.
1349 1608 1443 1650 Wr.)
1509 1607 1554 1639 86
1573 1613 1607 1636 et

100 1669 203 1702 deest
221 1679 289 1699 sec.
308 1666 452 1704 Hamb.;
477 1664 515 1696 id
538 1663 633 1707 quod
653 1662 728 1707 ipse
747 1661 874 1694 malim.
923 1668 958 1692 ec
986 1658 1238 1703 sanguinitate
1266 1654 1424 1688 Parrhas.
1450 1659 1486 1684 et
1518 1653 1605 1684 ven.

100 1717 169 1748 Pro
190 1713 402 1746 declarativa
425 1710 593 1757 particula
611 1719 645 1742 et
664 1710 698 1741 h.
718 1709 741 1740 l.
764 1715 816 1740 est
832 1707 1012 1748 habenda,
1036 1712 1075 1737 ut
1093 1703 1266 1737 coniicere
1291 1712 1431 1734 necesse
1455 1711 1523 1731 non
1542 1698 1604 1730 sit:

104 1771 145 1795 uc
165 1775 193 1794 c.
210 1773 271 1808 pr.
296 1759 379 1805 (vid.
399 1760 441 1800 Q.
460 1759 503 1793 V.
525 1756 713 1798 XXX1111‚
738 1756 771 1789 2.
801 1755 895 1798 Wr.)

105 1858 266 1907 Eripere
286 1855 418 1906 quivit
432 1883 443 1901 ‚
477 1860 521 1890 at
549 1853 732 1889 virtutem
750 1863 829 1887 non

102 1915 217 1967 quiit.

160 1969 358 2013 81—85.
406 1967 550 2006 Fando
578 1966 620 2004 h.
657 1978 689 2003 e.
730 1978 829 2002 nar-

103 2028 246 2078 rando,
262 2027 432 2066 aliorum
451 2025 696 2063 narratione.
726 2022 830 2059 For—

103 2087 213 2125 mula
243 2085 399 2124 exordii
431 2083 546 2121 etiam
589 2081 695 2133 apud
734 2080 831 2117 alios

103 2145 243 2184 obvia:
274 2157 321 2183 v.
360 2156 392 2181 e.
427 2140 611 2193 Apollon.
633 2139 680 2187 ΙΙ,
707 2137 828 2185 1141,

102 2203 171 2241 ubi
199 2201 376 2240 Brunck.
402 2198 563 2237 notavit
590 2196 707 2235 Ovid.
737 2195 829 2232 Met.

103 2261 192 2309 XV,
224 2260 320 2301 497.
347 2258 482 2309 gloria
505 2256 645 2293 inclita
673 2253 829 2290 adiecto

92 2318 248 2370 fama,
282 2329 355 2367 per
371 2316 539 2362 famam,
572 2312 829 2358 auditionem,

104 2375 395 2422 narrationem,
428 2377 617 2410 ornatum
637 2375 707 2406 est.
748 2369 788 2405 Ρ
810 2390 830 2395 -

104 2435 215 2484 lasgi
252 2432 292 2470 h.
337 2431 362 2469 l.
406 2429 575 2476 Achivi,
636 2426 829 2465 seriorum

104 2492 351 2529 Graecorum
378 2500 501 2525 more.
560 2486 659 2523 Nam
679 2484 831 2522 Home-

103 2562 173 2587 rus
201 2560 409 2598 nunquam
440 2545 517 2582 ita:
558 2542 734 2592 agnoscit
765 2540 830 2577 ille

105 2612 265 2644 tantum
286 2605 465 2655 Pelasgos
486 2603 525 2640 in
549 2599 832 2639 ThessaliaLa-

104 2664 243 2702 rissam
278 2662 517 2700 incolentes:
570 2659 613 2697 ll.
642 2659 689 2710 β,
731 2655 832 2697 84οῑ

106 2735 226 2773 porro
272 2721 451 2770 Pelasgos
492 2717 598 2754 inter
635 2715 833 2752 Troiano-

106 2793 197 2817 rum
218 2779 345 2816 socios
368 2790 458 2814 eum
484 2773 696 2824 Lelegibus,
727 2773 832 2808 Cau-

107 2837 273 2874 conibus
304 2841 344 2872 et
378 2834 481 2871 aliis:
523 2831 631 2869 iliad.
661 2845 703 2878 κ,
735 2828 832 2868 429.

105 2893 210 2931 bella
241 2893 424 2939 vetabat,
460 2888 718 2928 dissuadebat
745 2885 832 2922 bel—

105 2951 189 2990 lum
226 2957 265 2988 et
303 2947 639 3002 oppugnationem
675 2945 829 2982 Troiae.

887 1848 1083 1887 demittere
1104 1846 1205 1891 neci,
1240 1841 1448 1893 exquisite,
1480 1839 1528 1876 ad
1551 1837 1605 1875 si-

886 1903 1149 1943 militudinem
1164 1900 1325 1938 alterius
1345 1900 1512 1936 formae:
1535 1896 1605 1931 (le-

887 1964 1036 2000 mittere
1069 1961 1168 1998 Orco
1183 1988 1193 2007 ‚
1230 1956 1398 2004 umbris,
1432 1954 1471 1992 h.
1504 1967 1535 1991 e.
1556 1952 1606 1989 ad

890 2021 977 2058 loca
1003 2018 1151 2066 infera,
1178 2029 1227 2053 ex
1249 2013 1480 2052 Homerico:
1528 2019 1605 2060 ψυ-

888 2076 960 2130 χοῖς
980 2074 1064 2116 ἄϊδι.
1090 2075 1306 2127 προΐαψεν,
1329 2071 1395 2108 ubi
1416 2084 1452 2107 v.
1474 2068 1603 2104 Clark.

874 2136 998 2188 salsa
1030 2132 1101 2170 sub
1123 2131 1370 2182 proclilione;
1414 2127 1450 2163 h.
1472 2139 1502 2162 e.
1533 2124 1604 2161 sub

888 2193 984 2230 salso
1006 2190 1168 2228 crimine
1186 2185 1436 2239 proditionis:
1468 2188 1512 2219 ut
1535 2182 1603 2217 be—

889 2264 937 2288 ne
978 2251 1089 2286 Serv.
1126 2260 1215 2284 naul
1247 2244 1399 2281 litteras
1436 2240 1516 2277 cius
1556 2238 1602 2274 ad

889 2307 1088 2345 Priamum
1112 2303 1248 2350 datas,
1282 2300 1349 2338 sed
1378 2314 1397 2335 a
1421 2311 1459 2335 se
1482 2297 1604 2338 licias,

889 2363 1111 2417 protulerat
1134 2361 1301 2412 Ulysses.
1348 2369 1506 2394 cassum
1541 2355 1604 2389 lu-

888 2424 1016 2470 mine,
1065 2419 1268 2471 privatum
1296 2415 1397 2461 vita,
1448 2411 1605 2459 antique

890 2485 929 2518 et
957 2479 1085 2517 docte.
1147 2472 1372 2513 Palamedes
1399 2470 1464 2507 hic
1498 2469 1604 2505 Nan--

890 2538 958 2590 plii
978 2538 1002 2574 f.
1018 2534 1179 2572 Belides
1199 2532 1239 2570 h.
1261 2531 1299 2578 l.‚
1320 2527 1505 2580 quoniam
1526 2525 1604 2561 eiu>

891 2596 975 2633 avia
995 2593 1226 2643 Amymone,
1258 2586 1378 2624 Danai
1402 2585 1494 2630 lilia,
1526 2582 1603 2618 Beli

893 2652 1031 2704 neptis.
1050 2665 1087 2688 v.
1110 2649 1272 2686 Excurs.
1294 2644 1340 2681 ad
1364 2643 1402 2679 h.
1425 2656 1462 2679 v.
1495 2642 1604 2686 anw

893 2711 944 2748 ad
982 2709 1022 2746 h.
1062 2708 1084 2744 l.
1132 2702 1411 2743 illustrandum
1449 2698 1603 2739 saciant,

892 2772 1060 2820 possunt
1092 2765 1171 2801 lere
1193 2776 1239 2798 ex
1260 2758 1376 2797 Ovid.
1396 2756 1487 2794 Mei.
1504 2753 1603 2799 Xlll,

892 2823 1077 2866 56-60
1098 2821 1197 2872 peti,
1238 2817 1308 2855 nisi
1329 2814 1435 2865 quod
1458 2812 1508 2849 ibi
1532 2810 1601 2846 alia

893 2882 972 2921 odii
991 2892 1138 2918 caussa.

951 2942 1016 2980 86.
1060 2937 1116 2974 Ita
1156 2934 1286 2986 plures
1325 2927 1430 2980 apud
1459 2925 1602 2962 ΙΙυιιιομ
