1779 3420
88 206 192 257 352
420 200 474 248 P.
521 194 882 247 VIRGILII
920 189 1294 240 MARONIS

88 326 332 383 Mortalis
351 325 574 375 hebetat
595 324 734 372 visus
756 321 875 383 tihi,
910 327 962 367 ct
982 316 1207 367 humida
1231 317 1432 366 circum
1525 320 1626 370 605

93 400 317 465 Caligat‚
354 396 561 445 nubem
589 394 830 460 eripiam:
868 398 925 438 tu
951 405 1022 437 ne
1047 406 1151 456 qua
1176 388 1413 454 parentis

92 475 237 523 Iussa
256 469 413 530 time,
451 483 561 516 neu
586 461 883 531 praeceptis
905 475 1095 526 parere
1122 475 1322 510 recusa.

91 543 216 606 Hie,
253 539 347 589 ubi
374 537 615 587 disiectas
634 533 806 583 moles
828 530 1114 597 avolsaque
1145 530 1274 578 saxis

98 616 227 663 Saxa
254 608 433 672 videS‚
470 607 749 672 mixtoque
770 601 1073 652 undantem
1104 599 1331 667 pulvere
1358 597 1590 662 sumum,

95 687 381 749 Neptunus
401 694 588 727 muros
610 690 920 740 magnoque
947 680 1127 721 emota
1149 670 1369 719 tridenti
1529 677 1630 723 610

95 751 470 804 Fundamenta
494 748 685 814 quatit,
723 753 1003 809 totamque
1032 759 1058 790 a
1084 740 1303 792 sedibus
1328 740 1524 791 urbem

171 840 286 887 606.
326 844 563 881 ERIPIAM.
640 832 723 878 Tu
867 832 983 878 611.
1022 840 1090 874 ΑΒ

194 964 263 1002 605
289 961 478 997 Mortales
503 962 606 994 visus
633 959 667 992 h.
695 957 819 1000 wall„
844 955 1086 1001 superscripto
1114 968 1194 1002 que.
1240 954 1384 988 hebetet
1408 956 1533 988 Franc.
1570 952 1636 987 tibi

101 1014 228 1048 limina
253 1013 387 1044 circum
412 1009 512 1041 Leid.
542 1019 639 1040 unus.
689 1007 831 1039 lumina
857 1005 969 1037 Goth.
994 1011 1079 1036 tert.
1105 1017 1124 1036 a
1150 1015 1219 1037 sec.
1244 1016 1290 1037 m.
1327 1006 1467 1047 (euetat
1492 1001 1635 1043 Medic.,

101 1063 126 1095 Ιι
153 1067 188 1093 et
213 1059 232 1091 b
258 1058 365 1091 minio
391 1055 639 1101 superscripta.
682 1054 777 1098 ΝΤ.)
876 1053 946 1087 606
993 1054 1048 1085 Ta
1085 1064 1133 1085 ne
1168 1064 1252 1096 qua.
1301 1050 1435 1087 Dubito
1459 1062 1503 1084 an
1533 1051 1634 1082 Maro

101 1106 263 1142 secundis
283 1105 375 1139 euris
398 1105 504 1144 haec,
531 1114 651 1147 parum
674 1101 856 1134 commode
878 1099 1102 1144 interposita,
1127 1099 1314 1131 relicturus
1334 1098 1467 1131 suisset.
1519 1096 1635 1141 (Nihil

104 1155 193 1196 erit,
219 1153 314 1199 quod
335 1151 513 1191 offendat,
539 1150 568 1182 si
590 1161 748 1189 causam,
776 1161 882 1193 quare
905 1159 1042 1179 omnem
1071 1146 1258 1190 caliginem
1280 1147 1324 1179 ab
1353 1149 1493 1179 Aeneae
1524 1144 1635 1178 oculis

102 1202 302 1246 dispulsura
321 1199 387 1240 sit,
414 1198 469 1230 his
492 1197 609 1230 verbis
634 1209 653 1229 a
673 1198 803 1228 Iunone
826 1195 973 1228 indicari
1004 1194 1224 1238 putabiinus3
1261 1194 1356 1239 quod
1384 1193 1525 1239 paulum
1557 1204 1636 1224 mu·-

102 1256 178 1283 tata
199 1247 372 1281 orationis
393 1252 570 1278 structura
598 1244 646 1276 ita
667 1243 744 1277 fieri
766 1244 940 1276 debebat:
966 1245 1014 1275 Ac
1034 1254 1078 1274 ne
1106 1242 1200 1275 forte
1231 1240 1352 1274 matris
1378 1241 1473 1274 iussa
1499 1241 1637 1280 timeas,

104 1308 241 1330 omnem
281 1295 409 1327 nubem
453 1292 619 1337 eripiam,
664 1300 731 1324 cet.
790 1291 881 1323 Ilinc
920 1290 1025 1323 colon
1062 1289 1166 1334 posui
1208 1295 1291 1334 post
1325 1289 1488 1334 eripiam.
1537 1288 1636 1330 lVr.)

102 1345 172 1380 607
197 1356 244 1377 ne
267 1341 369 1375 Leid.
394 1341 475 1373 duo.
572 1340 642 1374 608
667 1341 739 1371 llic
764 1337 830 1371 tibi
847 1350 916 1371 sec.
937 1339 1077 1380 Mcuag.
1123 1337 1285 1370 deiectas
1308 1336 1425 1380 Bigot.
1458 1337 1639 1369 discretas

103 1393 244 1434 Menag.
270 1402 326 1434 pr.
375 1388 601 1432 disiectaque
626 1388 728 1419 suxis
751 1387 890 1429 Hugen.
987 1384 1056 1419 609
1083 1385 1268 1428 sanguine
1294 1396 1359 1427 pro
1381 1383 1540 1430 pulvere
1567 1385 1638 1415 Zu-

104 1438 245 1472 lichem.
270 1450 289 1470 a
314 1448 359 1469 m.
384 1447 438 1480 pr.
483 1447 514 1467 v.
541 1447 617 1479 sup.
642 1435 723 1469 582.
774 1433 908 1466 Pulvis
933 1439 987 1465 est
1014 1444 1055 1464 ex
1081 1431 1202 1464 ruinis.
1301 1433 1371 1467 610
1394 1433 1544 1464 immota
1558 1431 1638 1462 Me-

104 1498 184 1530 nag.
213 1485 318 1518 alter.
370 1491 510 1516 remota
533 1480 680 1515 Vratisl.
703 1481 747 1513 cs.
772 1493 848 1525 sup.
864 1480 945 1515 493.
1043 1480 1109 1515 611
1139 1477 1184 1511 ab
1211 1491 1240 1511 s.
1263 1479 1384 1512 Heius.
1414 1490 1433 1511 e
1461 1479 1577 1519 Gud.,
1608 1489 1638 1510 v.

106 1545 184 1567 eum
202 1532 247 1565 ad
266 1532 312 1564 111
335 1533 421 1563 Aen.
444 1531 526 1564 687.
555 1530 607 1572 (et
626 1529 721 1561 Cort.
742 1528 788 1560 ad
805 1529 934 1561 Lucan.
964 1528 990 1567 Ι,
1018 1525 1100 1561 482.
1132 1527 1227 1569 Wr.)
1277 1527 1395 1571 Vulgo
1429 1539 1451 1558 a
1482 1525 1641 1559 sedibus.

106 1580 190 1626 (vid.
215 1581 257 1620 Q.
281 1579 374 1618 V.1‚
402 1579 433 1612 1.
459 1578 513 1616 2.;
547 1583 583 1609 et
612 1588 715 1620 quum
750 1587 856 1619 supra
882 1575 962 1608 loco
991 1573 1170 1607 simillimo
1199 1575 1225 1615 I,
1257 1576 1336 1610 84:
1374 1580 1591 1618 „totumque
1622 1584 1642 1605 a

107 1642 123 1662 s
137 1627 188 1660 ed
201 1626 243 1659 ib
256 1638 302 1658 us
328 1623 406 1658 imis
430 1626 507 1656 Una
525 1625 707 1667 Eurusque
725 1624 909 1666 Notusque
929 1629 1034 1655 ruunt
1044 1626 1077 1663 ‚⁴⁴
1106 1633 1125 1653 e
1154 1621 1314 1653 codicum
1333 1633 1506 1655 consensu
1523 1634 1547 1654 α
1565 1620 1642 1653 sed.

108 1675 241 1709 editum
263 1672 331 1714 sit,
357 1677 395 1704 ut
417 1677 513 1704 certa
534 1678 672 1704 constet
693 1669 809 1712 ratio,
836 1670 894 1703 hic
915 1681 1055 1716 quoque
1083 1681 1106 1701 a
1138 1669 1348 1702 exarandum
1378 1668 1508 1702 curavi.
1545 1667 1641 1710 lVr.)

169 1782 252 1823 604
274 1793 358 1832 sqq.
389 1778 671 1826 pulcerrimum,
695 1777 763 1828 qui
783 1789 847 1814 se-

111 1839 274 1892 quitur,
318 1844 358 1876 et
389 1837 441 1874 ad
475 1849 609 1874 meum
640 1836 847 1885 iudicium,

111 1898 307 1937 sublimus
343 1896 477 1944 locus,
539 1895 637 1933 dum
687 1907 849 1932 caussae

113 1956 295 1995 occultae
307 1954 438 2005 magni
453 1959 619 1991 eventus
643 1966 665 1989 a
688 1953 763 1990 diis
780 1965 849 1990 re-

112 2015 259 2068 petitae
289 2013 414 2051 oculis
445 2011 718 2049 subiiciuntur
752 2017 850 2049 tan-

113 2087 235 2125 quam
252 2071 485 2110 manifestae
500 2100 510 2119 ,
543 2067 602 2123 (v.
623 2072 718 2112 622.
736 2067 851 2123 623.)

113 2131 264 2184 partim
284 2129 450 2168 Homeri
478 2127 663 2180 auspiciis
694 2127 791 2165 Iliad
820 2142 852 2177 ε,

118 2192 212 2239 127,
238 2190 332 2237 128,
358 2188 428 2226 ubi
448 2187 631 2225 Minerva
651 2185 854 2224 Diomedis

113 2247 248 2286 visum
278 2246 404 2295 acuit,
436 2251 476 2283 et
502 2245 543 2283 in
572 2259 649 2283 vss.
683 2247 765 2286 608
795 2257 853 2295 sq.

115 2305 228 2344 Iliad.
254 2322 294 2357 μ,
326 2306 377 2345 13
412 2317 518 2355 sqq.‚
547 2306 603 2344 27
635 2317 742 2354 sqq.‚
783 2302 854 2341 ubi

116 2364 325 2416 Neptunus
346 2368 387 2400 et
405 2361 549 2414 Apollo
562 2361 713 2399 vallum
725 2360 853 2399 Achi-

117 2435 262 2461 vorum
296 2420 468 2458 diruunt
501 2418 568 2472 (cf.
589 2420 854 2458 imitationem

119 2478 263 2528 Quinti
289 2478 370 2516 Cal.
403 2478 510 2527 XIV,
557 2481 635 2519 631
662 2501 715 2506 —-
738 2476 854 2531 651),

117 2537 265 2591 partim
289 2536 461 2574 aliorum
486 2541 697 2587 poetarum
726 2535 856 2574 ductu

119 2595 361 2634 elaboratus.
420 2593 520 2631 Nam
544 2593 585 2630 iu
611 2594 754 2631 Troiae
780 2606 856 2631 ex-

119 2653 225 2692 cidio
250 2652 325 2691 diis
348 2651 557 2690 manifesta
581 2651 714 2702 aliqua
735 2664 857 2703 opeia

120 2712 170 2751 ab
202 2709 500 2762 antiquioribus
531 2709 659 2760 poetis
696 2716 755 2747 est
782 2709 861 2747 tri-

118 2770 239 2818 buta,
271 2775 318 2807 ut
349 2780 401 2805 ex
434 2767 706 2805 imitatoribus
738 2773 860 2819 patet.

120 2842 159 2869 v.
189 2827 368 2876 Quintus
398 2825 479 2863 Cal.
512 2825 616 2873 XIII,
652 2823 736 2867 415
775 2839 859 2876 sqq.

121 2886 214 2925 add.
236 2882 459 2938 Tryphiod.
482 2882 741 2925 550—560.
779 2898 859 2920 ηα-

120 2945 209 2984 hem
249 2943 321 2982 int.
361 2941 591 2993 caliginem,
652 2946 699 2979 ut
739 2940 858 2980 Hom.

906 1775 1034 1828 νέφος
1058 1776 1082 1813 l.
1102 1776 1126 1815 l.
1150 1782 1188 1814 et
1208 1776 1322 1816 Iliad.
1336 1779 1478 1826 ο,668,
1493 1792 1530 1825 υ,
1546 1775 1643 1825 341,

908 1834 1004 1876 342.
1065 1835 1313 1873 Imitationes
1330 1835 1477 1888 passim
1502 1834 1543 1872 in
1576 1847 1645 1872 re-

908 1893 1154 1931 centioribus
1179 1894 1380 1932 observes.
1428 1893 1645 1932 Miltonum

907 1951 975 1990 lib.
1016 1952 1085 2001 XI,
1122 1952 1203 1994 411
1253 1960 1292 1991 et
1332 1954 1501 1990 Tassum
1534 1952 1646 1990 Cant.

909 2010 1040 2048 XVIlI
1060 2013 1207 2048 Stanza
1237 2014 1289 2053 93
1315 2012 1534 2051 Wartonus
1556 2010 1649 2048 lau-

912 2068 1038 2107 davit.
1105 2068 1245 2108 Altera
1280 2082 1331 2107 ex
1372 2075 1486 2122 parte
1515 2068 1648 2119 exigas

912 2127 1021 2180 apud
1061 2128 1263 2178 animum,
1318 2142 1370 2166 an
1408 2127 1649 2180 phantasma

910 2184 991 2224 hoc
1008 2187 1236 2238 poeticum,
1257 2193 1342 2225 tam
1363 2186 1532 2225 sublime
1551 2199 1649 2224 nar-

911 2251 1029 2294 ratu,
1076 2245 1177 2283 bene
1216 2258 1377 2297 quoque
1405 2245 1454 2283 ab
1495 2244 1650 2283 artifice

912 2302 965 2340 ad
987 2304 1198 2342 oculorum
1218 2317 1379 2342 sensum
1397 2303 1514 2343 reddi
1535 2313 1650 2354 posse

911 2367 1051 2413 putes,
1104 2368 1153 2400 ut
1203 2376 1278 2401 nec
1318 2362 1451 2402 minus
1482 2361 1650 2400 sublime

911 2420 1063 2458 censeri
1083 2420 1221 2473 possit.

973 2481 1072 2520 606.
1110 2482 1205 2520 607.
1270 2480 1332 2517 Tu,
1366 2492 1415 2516 ne
1448 2492 1532 2529 qua
1567 2489 1651 2528 pa-

912 2538 1033 2573 rentis
1061 2537 1183 2574 Iussa
1211 2538 1333 2575 time:
1374 2541 1543 2588 propter
1571 2534 1651 2583 illa,

915 2607 1017 2644 quae
1035 2607 1074 2631 v.
1101 2596 1184 2635 619
1213 2608 1297 2645 sqq.
1328 2594 1555 2646 subiunget.
1595 2592 1652 2645 (et

919 2652 1002 2692 vid.
1027 2651 1074 2689 V.
1090 2651 1132 2689 L,
1155 2651 1205 2689 ad
1224 2651 1264 2690 h.
1289 2665 1347 2691 vs,
1385 2650 1497 2704 IVr.)
1556 2650 1654 2689 Mox

919 2710 1139 2747 undantem
1160 2710 1319 2761 pulcre,
1357 2723 1396 2748 v.
1424 2708 1525 2758 VIII,
1557 2709 1653 2752 257.

979 2769 1073 2809 610.
1106 2768 1167 2805 Ex
1189 2768 1278 2805 loco
1294 2766 1408 2806 Iliad.
1428 2784 1468 2819 μ,
1488 2769 1545 2809 27
1556 2781 1654 2818 sqq.‚

918 2825 989 2863 ubi
1013 2825 1225 2877 Neptunus
1238 2826 1391 2865 vallum
1405 2825 1656 2865 Achivorum

920 2883 1085 2921 diruens
1108 2883 1372 2923 describitur:
1402 2884 1443 2924 h.
1465 2883 1491 2923 l.
1511 2888 1657 2935 aequat

919 2941 1062 2981 urbem
1081 2942 1177 2982 solo.
1238 2944 1344 2982 Sunt
1380 2941 1574 2983 autemhj
1606 2954 1656 2980 ex
