1779 3420
68 171 170 230 614

394 169 449 218 P.
487 164 840 218 VIRGILII
875 162 1247 217 MARONIS

65 291 362 357 Diffugient
385 291 631 352 comite5‚
672 298 724 340 et
748 297 907 338 nocte
931 297 1180 353 tegentur
1201 304 1390 354 opaca3

71 363 398 431 Speluncam
420 361 561 412 Dido
585 359 689 408 dux
714 369 767 410 et
790 358 1053 410 Troianus
1089 358 1340 408 eamdem

66 432 379 486 Devenient.

451 430 657 493 AderO,
705 439 783 493 et,
838 437 929 478 tua
965 429 1007 477 si
1043 428 1177 479 mihi
1216 437 1357 478 certa
1395 427 1585 480 volun—

846 507 938 561 tas,

1488 504 1585 553 125

71 571 360 629 Connubio
381 570 594 634 iungam
618 566 813 631 stabili,
851 567 1235 634 propriamque
1268 567 1470 620 dicabo,

68 643 166 692 Hic
187 643 528 705 Hymenaeus
552 638 663 688 erit.

734 641 858 688 Non
881 637 1152 687 adversata
1171 638 1377 702 petenti

70 711 292 772 Adnuit,
327 719 485 775 atque
509 707 644 760 dolis
665 708 778 765 risit
803 707 1064 771 Cytherea
1087 707 1328 772 repertis.

141 783 421 832 Oceanum
442 779 645 828 interea
665 793 884 842 surgens
908 781 1113 827 Aurora
1133 776 1363 842 reliquit.

144 881 253 927 129.
290 887 577 930 RELINQmT

165 1014 232 1049 123
257 1011 459 1059 Defugienc
476 1014 595 1057 Sprot.
645 1016 741 1046 Dum
751 1009 911 1058 fugient
933 1012 1068 1054 Hugen.
1105 1009 1298 1055 (teguntur
1320 1021 1340 1042 a
1368 1021 1413 1042 m.
1432 1021 1486 1054 pr.
1508 1010 1590 1042 Me-

71 1060 139 1094 dic.
167 1061 264 1104 Wr.)

72 1119 204 1141 errore.

74 1161 188 1197 ctum,
214 1160 368 1187 testante
389 1153 531 1195 Servio,
559 1160 594 1186 et
616 1153 665 1186 sic
685 1155 870 1186 Romanus.

363 1059 429 1095 125
469 1061 681 1093 Deveniunt
710 1062 829 1103 Sprot.
875 1060 923 1091 sit
951 1058 1039 1091 milii
1065 1058 1255 1100 Hamburg.
1287 1057 1395 1096 altem
1439 1056 1590 1089 sollenni

302 1108 368 1143 126
396 1106 597 1149 Connubjo.
633 1107 729 1138 Idem
758 1117 876 1138 versus
902 1107 927 1148 1,
957 1105 1013 1140 73.

1123 1105 1188 1140 127
1215 1112 1392 1136 aversata
1420 1103 1504 1136 olim
1528 1104 1588 1136 le-

945 1153 1012 1187 129
1039 1154 1212 1184 Oce-asum
1234 1152 1257 1183 i.
1279 1151 1400 1183 Hamb.
1419 1163 1471 1194 pr.
1501 1149 1590 1195 sul-

73 1214 166 1247 gens
184 1204 335 1235 Aurora
358 1201 502 1233 Oudart.
533 1200 681 1233 similem
710 1199 952 1232 diversitatem
980 1198 1073 1243 apud
1101 1198 1199 1230 Ovid.
1231 1198 1260 1229 II
1283 1199 1377 1230 Fast.
1395 1198 1466 1231 500
1490 1204 1591 1230 notat

71 1250 185 1281 Burm.
234 1248 409 1293 relinquit
434 1247 553 1280 Heins.
575 1246 742 1292 praetulit
760 1259 778 1279 e
800 1246 927 1279 Medic.
952 1252 987 1278 et
1007 1248 1129 1289 Sprot.
1152 1252 1185 1277 et
1214 1243 1381 1277 Pierianis
1404 1244 1590 1286 nonnullis,

73 1295 196 1340 quibus
222 1295 312 1327 adde
341 1296 543 1328 Romanum.
570 1294 647 1338 (sed
670 1294 714 1327 de
736 1295 892 1326 Romano
914 1305 970 1325 res
989 1304 1109 1337 parum
1132 1297 1245 1331 certa;
1280 1292 1456 1335 relinquit
1475 1298 1591 1324 tamen

71 1342 181 1375 Palat.
212 1342 310 1385 lVr.>
373 1341 499 1386 Vulgg.
524 1342 685 1387 reliquit.
725 1342 772 1384 (et
800 1341 849 1374 ita
878 1339 1007 1373 Medic.
1039 1352 1057 1372 a
1077 1351 1120 1371 m.
1144 1350 1232 1377 sec.;
1267 1350 1355 1382 quae
1383 1337 1491 1371 lectio
1515 1346 1550 1371 et
1571 1351 1591 1373 a

73 1389 230 1434 plurimis
254 1387 465 1434 optimisque
486 1388 589 1422 codd.
608 1387 805 1428 stabilitur,
832 1393 867 1420 et
888 1387 1044 1419 firmatur
1064 1397 1105 1418 eo
1121 1411 1129 1427 ,
1164 1385 1259 1429 quod
1279 1385 1335 1417 die
1358 1391 1436 1417 orto
1457 1388 1593 1419 Aurora

72 1447 144 1469 non
169 1435 454 1480 relinquere
480 1438 665 1476 Oceanum,
690 1435 753 1467 sed
779 1434 1043 1479 reliquisse
1069 1432 1212 1470 dicitur3
1239 1431 1289 1465 sic
1308 1432 1387 1464 loco
1414 1432 1590 1465 simillimo

74 1482 165 1516 infra
184 1484 247 1523 XI,
278 1485 330 1517 1.;
370 1485 567 1522 „Oceanum
595 1483 730 1514 interea
756 1493 902 1525 surgens
927 1484 1062 1514 Aurora
1085 1478 1301 1523 reliquit.
1343 1482 1592 1511 Aeneas——

75 1531 170 1563 Vota
195 1530 298 1562 deum
325 1529 438 1574 primo
465 1529 576 1562 victor
604 1529 761 1561 solvebat
787 1529 895 1562 Eoo.“
929 1527 987 1560 ubi
1019 1539 1037 1560 e
1073 1526 1170 1559 nullo
1200 1526 1277 1558 cod.
1305 1526 1478 1571 relinquit
1503 1538 1593 1559 eno-

74 1582 178 1609 tatur·
226 1577 295 1609 Csl'·
324 1576 428 1608 etiam
454 1577 510 1617 X,
534 1578 615 1612 256.
651 1576 725 1616 ΧΙ,
754 1576 829 1610 182.
879 1576 954 1608 Nec
979 1580 1065 1616 erat,
1093 1585 1198 1618 quare
1224 1572 1337 1617 ipsum
1364 1573 1529 1616 surgendi
1557 1580 1592 1606 et

76 1623 297 1668 relinquendi
318 1622 455 1657 initium
481 1623 539 1656 hic
564 1629 760 1656 notaretur.
790 1624 845 1657 W
843 1621 886 1666 r.)

78 1742 199 1778 mur,
251 1728 663 1767 accommodatissima
707 1727 805 1766 mihi

78 1799 233 1838 semper
274 1787 359 1825 visa
397 1793 456 1824 est
485 1787 552 1827 illa
589 1786 719 1836 ratio,
759 1791 808 1824 ut

81 1846 175 1883 alae
202 1844 250 1882 de
273 1844 404 1896 pinnis
425 1844 467 1882 in
496 1844 710 1883 formidine
739 1858 807 1881 ac-

79 1903 330 1954 ciperentur,
359 1902 436 1940 liae
455 1903 665 1953 trepidant,
694 1908 809 1939 motu

86 1960 282 2008 tremulo,
313 1960 518 2011 saltusque
549 1961 743 2010 indagine
771 1965 810 1996 et

80 2018 202 2071 plagis
233 2019 411 2068 cingunt.
472 2017 558 2055 Silii
585 2017 807 2055 auctorita—

81 2083 163 2116 tem
191 2074 286 2113 huic
309 2075 631 2127 interpretationi
651 2075 809 2113 laudari

81 2146 195 2186 posse
218 2139 318 2184 puto
337 2133 404 2172 lib.
426 2133 474 2182 II,
506 2132 602 2183 419,
633 2134 702 2171 ubi
722 2133 762 2172 h.
781 2133 806 2171 l.

82 2191 263 2243 respicit:
320 2192 358 2228 lt.
404 2192 556 2229 clamor
593 2192 652 2229 acl
683 2206 807 2229 auras

83 2251 355 2300 Latratu-sque
405 2263 553 2286 canum
603 2248 808 2300 subitoque

84 2308 267 2343 exterrita
305 2305 438 2344 nimbo
479 2307 691 2344 Oceullanc
725 2307 809 2344 alae

86 2372 299 2402 venantum
347 2378 515 2414 corpora
552 2365 666 2401 silvis
697 2364 737 2402 h.
782 2377 814 2402 e.

86 2426 276 2459 venantes
307 2420 488 2460 latebant
514 2428 605 2472 post
636 2422 715 2459 alas
749 2422 814 2459 in·-

88 2478 287 2529 daginum.
364 2478 490 2516 Possis
539 2480 656 2516 etiam
697 2481 813 2517 Dum

87 2536 287 2586 trepidant
307 2535 487 2574 absolute
500 2536 690 2587 accipere,
715 2537 812 2574 dum

88 2593 328 2644 trepidatur,
361 2593 457 2631 dum
483 2594 617 2631 studio
637 2594 813 2631 venandi

90 2663 225 2688 omnes
261 2656 473 2700 tenentur,
513 2651 688 2701 dumque
719 2652 812 2688 alae

89 2709 216 2745 sallus
246 2709 438 2758 indagine
479 2711 671 2759 cingunt,
705 2708 745 2747 h.
780 2721 811 2747 e.

90 2766 214 2803 saltus
250 2765 402 2803 retibus
439 2765 592 2803 cinctus
631 2772 709 2804 est:
752 2766 813 2804 Ita

90 2823 375 2875 interpunges:
435 2825 552 2861 Dum
596 2824 810 2874 trepidant,

92 2882 184 2920 alae
205 2881 408 2933 saltusque
427 2882 619 2932 indagine
636 2883 813 2932 cingunt.

863 1727 987 1765 Forte
1025 1725 1124 1764 haec
1151 1725 1256 1763 ratio
1288 1724 1466 1763 omnium
1492 1732 1594 1764 esset

864 1784 1037 1822 maxime
1067 1783 1275 1835 expedita,
1323 1783 1425 1821 dura
1458 1789 1594 1821 tamen

865 1842 1030 1894 copulae
1057 1842 1269 1890 iunctura,
1310 1855 1403 1880 cum
1432 1841 1594 1879 deberet

867 1913 948 1938 esse
968 1902 1136 1951 alaeque
1154 1900 1280 1937 sallas
1300 1901 1493 1950 indagine
1505 1902 1594 1936 cin-

864 1966 979 2009 gunt.
1010 1956 1108 2011 (vid.
1133 1957 1178 1996 V.
1204 1958 1244 1995 L.
1277 1957 1328 1994 ad
1355 1958 1424 1995 Ge.
1445 1957 1471 2005 l,
1499 1956 1589 1998 142.

869 2017 939 2055 IV
932 2031 965 2053 r.
981 2016 1180 2055 -clewem
1203 2016 1450 2065 speluncam.
1487 2015 1595 2052 Con-

866 2075 1129 2112 structionem
1171 2074 1293 2111 refert
1344 2073 1427 2111 val.
1468 2072 1526 2110 Fl.
1565 2072 1594 2121 I,

867 2134 986 2173 843:
1017 2132 1144 2169 silvas
1165 2145 1407 2183 camposque
1431 2131 1595 2168 deveni—

865 2204 917 2228 re.
953 2190 1081 2229 PVclz.
1133 2189 1267 2240 virgil.
1308 2189 1389 2227 Ecl.
1430 2188 1466 2237 I,
1507 2190 1596 2229 66.:

869 2247 1081 2300 „rapidum
1100 2248 1304 2285 veniemus
1316 2247 1496 2284 Oaxen.“
1520 2245 1596 2283 ad-

872 2305 921 2343 de
950 2306 1044 2343 Aen.
1064 2305 1110 2354 ΙΙ,
1141 2304 1236 2346 743.
1263 2303 1373 2358 IVJ.)

932 2365 1010 2405 128
1061 2363 1192 2401 Venus
1233 2362 1321 2400 risit
1369 2360 1597 2399 insidiosam

871 2421 1033 2459 lunonis
1059 2421 1300 2468 orationem,
1340 2432 1465 2469 quum
1490 2417 1597 2455 scili-

871 2485 935 2517 cet
969 2478 1052 2515 eius
1091 2478 1257 2515 consilia
1288 2483 1476 2515 eventum
1515 2489 1597 2513 non

869 2535 1058 2574 habitura
1086 2549 1166 2572 esse
1190 2536 1289 2573 bene
1311 2540 1455 2572 nosset.
1484 2547 1522 2571 v.
1547 2532 1599 2571 ad

869 2607 909 2632 V.
949 2596 1016 2634 90.
1082 2593 1184 2630 dolis
1226 2594 1385 2643 repertis
1436 2591 1598 2629 Servius

872 2650 1084 2701 compertis
1111 2651 1175 2689 vel
1196 2649 1450 2702 deprehensis
1471 2649 1598 2686 inter—

872 2714 1070 2759 pretatur,
1101 2708 1222 2758 idque
1247 2709 1382 2746 Burm.
1406 2707 1598 2757 sequitur,

872 2766 942 2804 vix
962 2765 1055 2803 satis
1080 2778 1129 2803 ex
1165 2780 1240 2804 usu
1263 2765 1476 2815 sermonis,
1508 2779 1598 2802 ma·-

873 2823 941 2862 lim
969 2824 1080 2861 dolos
1109 2833 1302 2875 repertos,
1352 2824 1600 2875 excogitatos

873 2896 895 2919 a
930 2882 1102 2931 lunone,
1133 2881 1341 2933 inventos,
1367 2881 1599 2933 intelligere,
