1827 3436
400 192 815 244 AENEIDOS
853 193 995 242 LIB.
1035 194 1107 256 Π,
1147 196 1442 250 575--586
1595 205 1696 253 349

173 321 398 371 Iliadum
424 318 579 368 turba
608 326 660 367 et
679 316 917 382 Phrygiis
941 318 1190 368 comitata
1210 320 1497 374 ministris?
1595 330 1695 380 580

173 389 444 442 Occiderit
465 387 612 437 ferro
637 388 913 439 Priamus?
987 389 1147 438 Troia
1173 391 1357 440 arserit
1379 392 1522 456 igni?

173 460 503 510 Dardanium
525 458 681 507 toties
700 458 901 507 sudarit
929 459 1186 523 sanguine
1205 459 1361 510 litus?

170 535 291 580 Non
312 530 392 580 ita.
464 532 734 594 Namque,
764 529 858 578 etsi
878 528 1088 578 nullum
1109 530 1467 581 memorabile
1488 549 1694 585 nomen

171 600 424 648 Feminea
451 599 503 646 in
524 615 702 664 poena
724 608 802 647 est
822 616 922 648 nec
948 599 1111 649 habet
1135 600 1353 650 victoria
1378 601 1612 668 laudem,

167 669 453 718 Extinxisse
478 666 627 717 nefas
649 677 829 718 tamen
845 710 857 729 ,
898 679 950 719 et
969 669 1217 719 sumsisse
1241 673 1500 722 merentis
1589 678 1693 728 585

168 739 453 788 Laudabor
474 755 704 805 poenas;
744 740 1093 806 animumque
1119 740 1356 806 explesse
1380 743 1580 792 iuvabit

259 868 328 903 580
352 876 389 901 et
409 868 510 901 deest
534 868 723 901 nonnullis.
818 870 885 904 581
905 867 1015 915 ferro
1033 872 1207 904 Priamus
1225 872 1331 905 Goth.
1353 884 1422 905 sec.
1454 872 1563 919 ferro
1586 883 1626 907 at
1646 877 1689 908 P.

166 916 305 959 Menag.
346 914 456 961 ferro
475 917 623 948 Priamo
644 925 685 948 ut
717 922 789 948 tres
819 917 955 957 Burni.,
992 917 1079 950 alius
1101 917 1137 963 f.
1163 920 1336 952 Priamus
1364 928 1416 952 ut.
1465 923 1553 964 Reg.
1579 921 1689 967 ferro

160 975 232 1008 pro
251 964 398 995 Priamo
421 970 462 995 ut
489 964 630 995 Troico.
680 963 814 996 Iuntina
836 976 870 996 a.
888 965 997 1009 ignis.
1095 967 1164 1001 582
1190 966 1344 999 sudaret
1361 966 1416 999 vel
1445 968 1578 1001 sudati
1600 971 1688 1013 Reg.

166 1010 316 1042 sudavit
336 1009 380 1042 al.
403 1009 437 1041 in
457 1012 552 1042 Serv.
574 1010 661 1042 Dan.
710 1011 821 1042 Porro
838 1011 1001 1044 Heinsius
1020 1018 1103 1056 post
1121 1012 1239 1045 Vales.
1268 1012 1359 1046 coni.
1385 1015 1557 1055 undarit,
1592 1017 1687 1061 quod

164 1056 265 1089 valde
294 1056 439 1088 arridet.
473 1057 537 1088 sed
571 1069 602 1089 v.
639 1062 712 1088 not.
747 1063 782 1089 et
809 1058 985 1091 Drakenb.
1016 1059 1059 1091 ad
1090 1059 1151 1092 Sil.
1185 1061 1225 1098 ΙΙ,
1249 1060 1329 1094 455.
1380 1062 1573 1095 Dardanio
1600 1075 1686 1096 unus

164 1103 317 1147 Guelph.
347 1103 381 1135 in
409 1104 490 1136 Exc.
526 1106 605 1136 Sax.
663 1104 922 1137 Dardanidum
961 1105 1060 1138 alius.
1165 1106 1234 1141 584
1267 1105 1377 1139 habet
1411 1108 1501 1141 haec
1537 1116 1686 1153 quatuor

166 1150 280 1182 Burm.
316 1156 350 1182 et
379 1153 475 1183 Serv.
505 1151 593 1183 Dan.
630 1162 706 1182 cum
737 1151 846 1184 Goth.
876 1164 966 1193 sec.,
1004 1152 1125 1196 (ctiam
1158 1156 1254 1186 Serv.
1286 1154 1411 1187 Dresd.
1449 1155 1546 1199 Wr.)
1583 1157 1684 1191 male.

162 1197 231 1231 585
256 1198 354 1229 tanti
371 1205 406 1229 ec
428 1209 456 1229 S.
479 1197 533 1230 ed.
551 1198 639 1230 Ven.
688 1206 869 1231 merentes
889 1199 980 1232 alter
999 1201 1137 1243 Menag.
1174 1213 1249 1234 cum
1269 1201 1341 1233 Ms.
1360 1201 1396 1233 in
1424 1204 1520 1235 Serv.
1542 1203 1627 1237 Dan.
1649 1211 1684 1237 et

164 1243 213 1276 sic
234 1243 383 1288 explicat
403 1245 576 1276 merentis
600 1242 777 1277 Heinsius.
826 1245 1012 1279 Enimvero
1037 1247 1117 1279 vide
1139 1259 1256 1280 annon
1280 1247 1380 1280 malis
1409 1261 1554 1294 poenas·
1582 1263 1683 1284 sum—

162 1291 254 1323 sisse
290 1292 464 1324 merentis
496 1290 668 1335 exquisite
698 1303 764 1335 pro
792 1304 816 1324 a
844 1302 1015 1326 merente.
1065 1293 1207 1337 (retinui
1232 1296 1425 1334 merentis,
1459 1297 1552 1340 quod
1578 1298 1683 1331 etiam

162 1337 255 1381 apud
278 1337 444 1380 Ambrog.
466 1343 502 1369 et
524 1337 560 1369 in
584 1341 680 1371 Serv.
698 1339 757 1371 Dr.
780 1345 912 1377 exstat3
939 1340 988 1373 ita
1007 1346 1144 1382 tamen,
1171 1347 1209 1374 ut
1235 1342 1468 1375 accusativum
1498 1356 1575 1377 esse
1605 1352 1683 1378 sta-

161 1390 274 1424 tuam3
302 1384 441 1417 diversa
462 1383 551 1416 enim
570 1384 658 1417 haec
678 1392 779 1417 suut:
806 1398 949 1419 sumere
966 1386 1010 1419 ab
1030 1388 1153 1432 aliquo
1166 1414 1174 1430 ,
1197 1395 1232 1421 et
1250 1401 1391 1421 sumere
1413 1401 1488 1421 rem
1513 1391 1680 1425 alicuius.

161 1430 206 1464 Et
224 1443 386 1472 merens,
413 1430 549 1475 passive
571 1430 747 1475 positum,
773 1432 915 1477 antique
945 1434 1015 1466 dici
1038 1435 1194 1475 videtur;
1227 1435 1388 1468 similiter
1407 1435 1570 1470 Laevium
1591 1440 1680 1473 Gell.

161 1477 265 1519 XIX,
286 1479 318 1513 7.
344 1477 498 1510 locutum
520 1478 629 1510 refert
647 1480 747 1511 caris
763 1480 1052 1513 intolerantibus
1068 1493 1132 1526 pro
1150 1483 1414 1521 intolerandi-33
1443 1491 1475 1516 et
1496 1483 1544 1518 ita
1565 1486 1680 1520 Tacit.

158 1525 283 1557 Anual.
302 1524 359 1565 III,
379 1522 437 1559 45.
454 1536 461 1556 :
487 1550 507 1566 „
521 1524 531 1556 i
544 1537 565 1557 n
579 1531 593 1557 t
606 1537 625 1558 o
638 1525 649 1557 l
663 1526 847 1559 erantio
861 1538 878 1558 r
897 1527 1045 1560 servitus
1065 1528 1188 1561 iterum
1211 1529 1345 1562 victis.“
1372 1529 1440 1562 vid.
1457 1530 1562 1564 etiam
1579 1533 1678 1566 Gro-

160 1582 241 1604 nov.
259 1572 340 1604 Obs.
360 1573 384 1612 I,
407 1568 461 1606 14.
510 1573 560 1604 Ex
581 1572 651 1605 alio
673 1584 803 1616 genere
823 1580 904 1606 sunt
923 1583 1089 1617 vertens,
1115 1576 1268 1609 volvens
1282 1603 1289 1617 ‚
1312 1578 1585 1623 praecipitans,
1611 1587 1678 1613 cet.

160 1619 344 1651 Illerentis
372 1618 561 1651 secundum
586 1631 663 1651 esse
689 1632 803 1652 casum
834 1620 955 1653 volunt
986 1622 1091 1655 etiam
1117 1623 1284 1656 Garaton.
1314 1623 1358 1656 ad
1385 1623 1453 1656 Cio.
1488 1627 1583 1659 Orat.
1611 1638 1677 1670 pro

160 1664 235 1698 Mil.
273 1678 307 1710 p.
346 1663 428 1699 248.
469 1665 524 1698 ed.
551 1666 658 1699 Orell.
692 1673 725 1698 et
754 1667 870 1700 Iacob.
888 1667 922 1701 in
940 1670 1131 1716 Disqaisit.
1163 1671 1266 1716 Virg.
1293 1671 1330 1704 P.
1361 1672 1385 1704 Ι.
1416 1683 1450 1716 p.
1482 1672 1537 1707 14.
1574 1675 1674 1718 lVr.)

155 1713 225 1748 586
250 1713 410 1745 animum
432 1714 656 1758 expressisse
675 1713 730 1747 ed.
751 1715 840 1748 Ven.

155 1821 315 1871 iugium
339 1848 350 1868 ‚
405 1819 610 1870 coniugem
652 1820 883 1872 pristinum.
941 1837 993 1863 re.
1057 1821 1331 1875 (Indignantes
1371 1837 1456 1863 rem
1493 1826 1676 1866 futuram

150 1886 314 1928 patres,
365 1884 563 1929 parentes.
616 1878 689 1927 (ut
732 1893 883 1917 soceros

153 1948 274 1987 supra
305 1948 363 1973 vs.
391 1934 507 1984 457.;
550 1935 632 1974 vid.
661 1937 797 1975 Burin.
831 1937 882 1975 ad

154 1992 274 2031 Ovid.
307 1992 400 2031 Met.
432 1993 498 2043 IV,
527 1996 594 2034 61.
632 1994 688 2032 sic
717 1993 883 2049 πατέρες

154 2049 181 2090 i.
206 2064 243 2100 q.
274 2056 477 2101 parentes3
519 2051 601 2089 vid.
633 2052 802 2091 Meinek.
832 2053 884 2091 ad

153 2106 401 2158 Euphorion.
427 2110 607 2159 fragnnn.
631 2124 717 2161 pag.
743 2114 808 2153 10.
830 2134 884 2140 -

153 2173 372 2215 nalo-sqlce;
390 2179 512 2203 unam
529 2167 774 2206 Hermionen
796 2168 884 2206 Me-

153 2222 266 2260 nelao
287 2235 336 2259 ex
355 2223 504 2260 Helena
527 2230 663 2261 natam
683 2239 786 2274 esse,
819 2228 882 2263 as-

152 2280 288 2318 firmat
325 2280 442 2318 Hom.
477 2281 553 2319 Od.
583 2282 648 2330 IV,
681 2286 745 2325 12.
777 2298 880 2334 sqq.3

151 2338 221 2375 sed
249 2338 369 2375 etiam
404 2338 552 2387 filium,
593 2339 879 2391 Nicostratum,

149 2395 328 2433 Menelao
351 2396 486 2445 fuisse,
520 2409 569 2434 ex
586 2397 721 2435 eadem
744 2413 880 2437 susce-

149 2460 278 2504 ptum,
300 2454 498 2492 Hesiodus
518 2461 659 2493 auctor
679 2463 750 2506 est,
772 2457 878 2495 laud.

151 2524 171 2547 a
197 2511 416 2550 Scholiasta
451 2512 573 2565 Sopli.
608 2513 752 2553 Electr.
782 2518 877 2558 532.

151 2568 212 2606 ed.
234 2570 316 2608 Erf.
352 2568 469 2622 IVr.)
534 2571 730 2622 Phrygiis·
754 2575 878 2610 mini-

151 2628 259 2676 stris,
310 2628 491 2665 Troianis
533 2629 703 2681 captivis
738 2631 794 2668 illi
836 2632 877 2669 in

150 2684 355 2722 servitium
383 2685 564 2724 addictis.
595 2687 698 2738 (vid.
727 2688 775 2725 de
799 2688 879 2726 hoc

150 2752 268 2778 versu
290 2742 335 2779 V.
358 2743 398 2780 L.
435 2745 504 2782 JV*
499 2742 552 2796 r.)
595 2746 750 2783 sudarit
777 2761 873 2784 ,ςαη-
925 2749 1145 2798 flanmzae.

941 1880 1081 1919 futuro
1104 1888 1279 1920 utuntur
1301 1888 1341 1920 et
1359 1883 1498 1922 futuro
1519 1893 1674 1934 exacto,

942 1939 997 1975 ita
1028 1946 1075 1977 ut
1104 1939 1405 1991 indignationis,
1448 1942 1588 1981 futuro
1621 1945 1674 1982 si-

940 1996 1169 2047 gnificatae,
1211 2012 1370 2037 causam
1394 2000 1533 2038 afferat
1558 2002 1674 2040 sutu-

941 2068 1034 2092 rum
1073 2062 1282 2106 exactum3
1325 2057 1408 2095 vid.
1450 2058 1512 2107 IV,
1556 2060 1674 2102 590:

944 2115 1029 2151 I’ro
1048 2114 1258 2164 lltppzsslerl
1291 2114 1364 2152 ibit
1390 2116 1491 2164 Hic,
1527 2119 1601 2165 ait,
1637 2126 1673 2155 et

941 2175 1083 2208 nostris
1113 2173 1293 2209 inluserit
1322 2173 1481 2210 advena
1504 2176 1673 2224 regnis?

945 2226 1090 2281 IVelz.)
1135 2228 1223 2266 Alia
1242 2236 1337 2268 sunt
1357 2237 1542 2282 congesta
1562 2232 1670 2284 apud

941 2285 1122 2324 Cei-dam.

999 2345 1255 2386 583—-587.
1280 2346 1378 2382 lVon
1391 2348 1461 2395 ila,
1485 2342 1536 2386 ου’
1557 2347 1669 2399 δῆτα.

938 2400 1066 2451 Vulgo
1085 2401 1190 2439 absit
1206 2401 1281 2439 lzoc·
1293 2404 1308 2439 !
1371 2404 1665 2456 Nequaquam.

937 2459 1095 2496 nullum
1121 2474 1172 2497 m.
1194 2474 1359 2509 nomen,
1395 2462 1504 2498 nulla
1531 2463 1669 2513 gloria.

937 2524 1072 2553 tamen
1108 2517 1328 2567 laudabor,
1380 2519 1490 2569 quod
1531 2521 1669 2558 extin-

935 2574 1063 2612 xerim
1082 2575 1199 2626 tusas
1222 2574 1261 2613 h.
1284 2589 1315 2614 e.
1338 2577 1528 2615 nefariam
1552 2579 1668 2616 femi—

936 2645 1029 2670 nam
1058 2632 1263 2672 Helenam.
1323 2635 1419 2676 586.
1460 2638 1668 2674 animum-

936 2705 1012 2742 que
1063 2692 1240 2742 explesse
1295 2692 1450 2729 iuuabit
1505 2694 1667 2731 Ulen‘eis

1221 2749 1385 2787 Duriter
1417 2750 1570 2788 dictum
1600 2751 1667 2789 vi-

146 2799 292 2847 guirw,
333 2800 622 2850 madefactum,
659 2801 875 2842 humecta-
934 2805 1057 2843 detur
1079 2806 1128 2844 de
1150 2807 1365 2844 ulciscendi
1385 2808 1552 2857 ardore,
1584 2809 1668 2847 sive

148 2858 248 2891 tum.
306 2856 366 2892 Ex
384 2858 585 2896 Enniano:
616 2861 735 2898 Ten-a
756 2862 875 2899 sudat
932 2862 1070 2914 iungas
1091 2866 1276 2902 cenitnam
1293 2866 1446 2902 ultricis
1458 2867 1665 2916 flamxnae

149 2913 345 2961 sanguine
363 2914 468 2965 apud
490 2916 665 2954 Nonium
696 2918 737 2956 in
756 2932 870 2957 Sone-
930 2934 1028 2972 pro,
1059 2922 1260 2960 flammam
1280 2922 1421 2973 animi,
1448 2922 1663 2961 ulciscendi
