1811 3388
342 163 748 215 AENEIDOS
786 165 924 213 LIB.
954 166 1015 225 V,
1053 168 1340 216 767—773
1497 175 1593 222 823

93 295 178 341 Ire
202 290 402 350 volunt,
442 304 774 354 omnemque
797 286 952 350 fugae
976 286 1216 352 perferre
1242 287 1495 341 laborem.

94 364 243 422 Quos
263 359 437 407 bonus
462 362 667 408 Aeneas
692 357 841 406 dictis
863 357 1060 405 solatur
1082 357 1273 419 amicis,
1494 366 1595 412 770

90 431 157 479 Et
178 428 571 491 consanguineo
596 427 873 476 lacrimans
899 426 1223 474 commendat
1241 430 1470 477 Acestae.

94 498 209 546 Tris
230 497 381 560 Eryci
406 496 623 560 vitulos,
663 505 715 545 et
737 496 1164 561 Tempestatibus
1185 510 1386 558 agnam,

92 566 331 617 Caedere
362 565 558 616 deinde
590 566 759 629 iubet,
797 565 1039 631 solvique
1080 581 1140 614 ex
1171 564 1362 613 ordine
1392 563 1593 616 sunem.

90 704 216 738 ctionis
238 717 368 739 nomen
390 717 515 749 magna
532 705 638 745 fides3
663 718 742 739 nam
760 719 781 740 ο
804 706 996 738 transfossa
1025 710 1078 737 est
1108 704 1143 736 in
1172 703 1330 737 Mediceo
1357 709 1392 736 et
1420 716 1443 736 ιι
1469 715 1595 748 super-

89 751 237 795 scripta3
264 764 392 785 nomen
414 752 552 796 quidem
569 752 684 785 editur
700 753 792 797 apud
811 752 962 784 Nonium
981 763 1017 795 p.
1035 752 1116 786 307.
1137 751 1191 783 ed.
1209 752 1315 783 Mero.
1329 776 1338 791 ‚
1363 751 1424 782 sed
1443 762 1484 783 eo
1504 752 1594 792 loco,

90 810 160 843 quo
180 798 315 831 Nonius
343 798 386 831 de
412 799 547 844 sicgae,
581 810 651 831 non
677 799 721 832 de
750 800 926 840 nominis,
956 797 1125 830 vocabulo
1154 797 1246 841 agit;
1278 797 1395 841 itaque
1421 808 1463 829 ne
1494 797 1594 831 huius

89 844 230 889 quidem
251 844 439 877 testimonii
461 845 587 877 idonea
620 845 821 878 auctoritas.
877 848 922 878 At
951 857 1083 877 numen
1116 850 1247 876 tantum
1274 854 1344 875 non
1375 842 1524 876 omnium
1546 844 1593 876 li-

87 891 231 924 brorum
255 902 424 924 consensu
445 891 617 931 firmatum
644 903 706 924 nec
725 892 848 933 video,
875 891 958 936 quid
981 890 1168 935 displicere
1184 889 1249 922 hac
1268 891 1303 922 in
1329 890 1478 922 lectione
1508 902 1593 935 pos-

88 937 145 971 sit.
192 937 342 970 Primum
360 938 473 983 ipsum
495 950 588 971 mare
604 964 612 980 ,
640 936 859 982 Θοὲλασσαν,
885 934 1059 980 Πόντον,
1086 937 1121 969 in
1141 937 1285 969 deorum
1308 947 1450 968 numero
1479 949 1499 969 a
1531 949 1593 969 ve-

88 983 222 1017 teribus
248 984 406 1017 habitum
431 997 527 1026 esse,
562 984 643 1018 satis
673 991 827 1026 constat3
861 997 899 1018 ac
923 984 1051 1016 libatur
1080 983 1166 1016 mari
1190 989 1335 1026 extaque
1361 982 1595 1026 porriciuntur

88 1043 108 1064 a
129 1030 392 1074 navigantibus,
417 1031 486 1064 vid.
508 1031 597 1064 infra
618 1044 667 1065 vs.
694 1033 762 1067 775
779 1043 830 1076 sq.
855 1031 1018 1075 Apollon.
1038 1030 1153 1062 Rhod.
1182 1031 1207 1070 Ι,
1237 1028 1336 1069 534.;
1370 1037 1439 1061 tum
1463 1042 1593 1062 numen

87 1077 157 1110 vim
182 1077 447 1122 potentiamque
477 1078 627 1119 indicat,
661 1079 754 1122 quod
782 1078 911 1123 optime
943 1076 1104 1110 convenit
1138 1088 1328 1120 asperae
1360 1075 1461 1107 maris
1492 1076 1593 1109 faciei

87 1124 260 1168 fugaeque
286 1124 443 1157 labori
473 1137 521 1157 vs.
542 1136 661 1169 prox.;
695 1125 844 1169 denique
881 1124 909 1157 si
940 1123 998 1156 alii
1031 1122 1213 1166 Virgilium
1242 1134 1311 1154 non
1337 1121 1594 1164 intellexerunt,

88 1177 124 1202 at
143 1170 317 1203 intellexit
337 1171 525 1203 Schillerus
547 1178 705 1211 nostras,
731 1178 836 1214 poeta
854 1177 1015 1215 poetam,
1050 1170 1142 1213 apud
1165 1180 1266 1213 quem
1284 1169 1320 1200 in
1350 1168 1490 1212 egregio
1514 1181 1593 1201 car-

87 1216 192 1258 mine,
217 1217 270 1249 cui
293 1217 494 1261 inscriptum
513 1220 613 1250 Hero
628 1218 703 1249 und
713 1219 892 1258 Leander,
916 1217 1004 1249 haec
1022 1215 1182 1259 leguntur
1201 1216 1244 1248 de
1263 1214 1363 1248 mari:
1391 1217 1594 1256 „Sclzoener

90 1264 226 1305 Goth,
262 1264 312 1296 du
353 1265 497 1297 sollcest
533 1264 741 1309 truegen‘?“
791 1264 918 1296 Omitto
950 1259 1023 1296 ἅλα
1051 1263 1149 1296 δῖαν.
1198 1263 1241 1294 Et
1266 1273 1389 1293 numen
1425 1261 1453 1293 si
1479 1261 1594 1294 levio-

88 1309 185 1341 ribus
209 1311 312 1343 rebus
331 1310 495 1342 tribuitur
517 1323 534 1342 a
556 1310 692 1354 poetis,
724 1317 761 1342 ut
781 1317 876 1343 cesto
896 1309 1043 1342 Veneris
1060 1321 1078 1341 a
1097 1308 1286 1341 Claudiano
1306 1308 1350 1340 de
1370 1309 1478 1351 Nupt.
1500 1309 1591 1340 IIon.

88 1362 124 1388 et
143 1357 228 1389 Mar.
250 1369 297 1388 vs,
320 1357 411 1398 124„
437 1369 496 1389 cur
514 1356 606 1389 idem
625 1357 773 1389 alienum
791 1370 809 1389 a
830 1356 915 1389 mari
945 1355 1170 1400 putabimus?
1221 1355 1281 1386 His
1310 1355 1353 1386 de
1384 1354 1491 1387 causis
1519 1367 1592 1386 nu—

88 1415 168 1435 men
202 1403 434 1436 revocandum
473 1403 676 1436 existimavi.
734 1404 881 1448 Recepit
917 1404 984 1435 hoc
1019 1402 1121 1434 etiam
1155 1400 1382 1439 VVakefield.3
1415 1401 1476 1432 sed
1506 1412 1592 1444 quae

86 1448 178 1481 idem
199 1449 242 1481 de
267 1450 333 1482 hoc
360 1449 439 1482 loco
471 1450 627 1493 disputat
652 1449 688 1482 in
723 1450 1038 1495 Correspondence
1069 1447 1116 1493 of
1138 1447 1229 1480 Gilb.
1264 1447 1481 1490 JValcefield.
1507 1447 1593 1479 witlz

88 1497 176 1528 Iam.
198 1499 285 1532 Fox.
306 1497 417 1528 Lond.
441 1498 542 1532 1813.
566 1509 598 1540 p.
625 1498 701 1530 191.
716 1523 724 1537 ‚

88 1589 179 1621 Ven.
224 1588 396 1634 proferre
413 1592 530 1634 Sprot.

88 1636 211 1667 crimis
241 1637 380 1679 Menag.
412 1647 465 1679 pr.
513 1637 639 1669 Acesti
669 1647 738 1668 sec.
769 1635 934 1667 Rottend.

660 1683 730 1717 772
754 1694 872 1727 agnos
890 1680 1015 1712 Medic.
1065 1680 1212 1724 (agnam
1232 1679 1337 1711 Palat.
1358 1690 1432 1710 cum
1456 1677 1591 1713 ceteris.

278 1729 347 1763 773
374 1729 483 1761 Caedi
502 1728 681 1769 Parrhas.,
707 1728 768 1760 sed
787 1728 856 1760 vid.
876 1729 989 1759 Burm.
1018 1726 1067 1770 (et
1087 1737 1175 1769 quae
1195 1725 1318 1767 scripsi
1342 1724 1377 1756 in
1403 1726 1445 1756 V.
1476 1725 1516 1756 L.
1548 1724 1591 1756 ad

85 1774 160 1807 Ecl.
193 1775 252 1815 VI,
283 1775 339 1809 85.
381 1776 473 1819 Wr.)
523 1776 702 1820 solvitque
727 1774 841 1818 Bigot.
870 1786 943 1807 cum
976 1772 1083 1805 Goth.
1120 1778 1201 1804 tert.

86 1681 217 1761 llilueola
233 1689 439 1714 transversa.
470 1681 565 1723 Wr.)

135 1730 184 1761 ΤΛ

758 1496 882 1540 quibus
904 1495 993 1527 adde
1018 1507 1096 1539 pag.
1119 1496 1215 1534 196„
1249 1494 1395 1526 obscura
1423 1499 1500 1525 sunt
1528 1504 1593 1525 nec

87 1542 274 1586 quidquam
302 1543 345 1574 ad
374 1555 447 1574 rem
480 1543 730 1586 expediendam
758 1544 881 1575 all‘erre
909 1542 1079 1573 videntur.
1116 1540 1209 1583 ΠΤ.)

601 1590 670 1624 770
695 1589 834 1632 affatus
853 1602 886 1621 α.
905 1595 985 1620 tert.
1005 1587 1171 1619 Rottend.
1195 1599 1212 1619 a
1232 1599 1276 1618 m.
1295 1598 1362 1618 sec.

1304 1541 1372 1575 769
1406 1551 1593 1583 omnesque

1436 1587 1501 1620 771
1533 1586 1592 1617 la-

986 1634 1130 1677 (Aceste
1159 1633 1282 1665 Medic.
1316 1632 1432 1664 addita
1459 1632 1495 1663 in
1525 1631 1591 1664 fine

1242 1771 1373 1816 funem
1401 1771 1490 1803 bene
1517 1782 1591 1803 cum

84 1821 175 1854 Pier.
194 1821 329 1866 recepit
350 1822 470 1856 Heins.
492 1833 533 1854 ex
553 1822 655 1855 codd.
674 1822 846 1854 omuibus.
895 1819 1012 1864 Vulgo
1029 1817 1165 1864 sanes,
1190 1818 1301 1851 minus
1322 1818 1438 1850 docte.

90 1948 201 2001 Wr.)
233 1949 315 1986 vid.
334 1949 426 1987 Var.
453 1950 558 1986 Lect.
608 1956 647 1986 et
673 1949 806 2000 fizga,

86 2011 134 2043 ut
175 2007 254 2043 iam
301 2019 414 2057 saepe
469 2020 542 2056 pro
594 2007 809 2043 erroribus,

88 2061 221 2115 (faga
257 2061 322 2100 hic
359 2069 416 2100 est
465 2063 568 2100 iter
618 2064 809 2114 profu-

86 2119 355 2170 gientium3
377 2121 423 2157 cs.
449 2133 568 2171 supra
589 2120 615 2167 Ι,
636 2123 676 2160 2.
696 2118 809 2172 lVr.)

87 2177 183 2214 Mox
199 2179 415 2215 lacrimans
436 2178 534 2214 bene
561 2190 613 2213 ex
641 2190 810 2228 persona

86 2235 142 2285 pii
158 2235 320 2272 Aeneae.
385 2236 712 2283 Conscmguineus
735 2248 809 2270 au-

86 2298 164 2328 tem
205 2298 264 2328 est
303 2292 477 2329 eiusdem
525 2292 663 2342 gentis.
706 2292 807 2329 cous.

86 2350 303 2387 Burmann.

143 2410 238 2448 772.
265 2408 386 2457 [Argei
410 2413 613 2455 tamquam
633 2404 745 2442 heroi
769 2419 807 2442 v.

85 2477 173 2514 sup.
193 2466 287 2505 392.
309 2464 405 2504 402.
436 2463 518 2504 412
544 2477 626 2513 sqq.
657 2469 696 2500 et
724 2464 808 2499 Ex-

86 2535 189 2559 eurs.
221 2521 268 2558 ΙΙ.
328 2521 654 2571 Ἰὲνηρεθιαίίύιιε.
704 2520 806 2557 Nota

85 2591 148 2616 res
168 2579 233 2616 vel
258 2591 307 2615 ex
327 2578 464 2616 Horat.
486 2578 610 2629 Epod.
635 2581 686 2618 10
704 2584 807 2615 extr.

87 2636 190 2672 conf.
210 2636 336 2673 Cerda
362 2636 401 2673 h.
424 2636 447 2673 l.
465 2641 505 2672 et
523 2650 607 2687 sup.
628 2635 693 2683 ΙΙΙ,
728 2638 807 2675 120

89 2693 271 2742 Nigrum
301 2694 441 2730 Hiemi
463 2693 657 2743 pecudem
674 2721 684 2739 ,
727 2694 806 2729 Ze—

81 2749 221 2798 phyris
247 2748 438 2799 felicibus
476 2750 613 2787 albam
644 2754 805 2786 mactat.

87 2808 183 2845 773.
224 2802 425 2845 λύσασθαι
460 2804 508 2844 τοὶ
542 2807 739 2857 πείσματα
767 2820 804 2843 v.

86 2875 118 2898 c.
142 2861 306 2912 Orphic.
342 2865 449 2903 1239
477 2869 517 2900 et.
546 2863 593 2899 al.
623 2876 710 2913 sup.
740 2862 806 2910 111,

869 1951 950 1989 639
968 1948 1112 1998 sugite
1130 1956 1250 1998 atque
1281 1945 1332 1983 ab
1362 1947 1488 1983 ll‘llore
1507 1945 1590 1996 sa-

867 2019 957 2041 nem
976 2006 1188 2054 Rumpite‚
1222 2009 1259 2040 et
1280 2002 1375 2040 ibid.
1399 2005 1492 2043 667.
1521 2016 1590 2038 nos

871 2063 1123 2112 —lacitz'qzce
1154 2062 1322 2098 incidere
1340 2060 1501 2110 fitnem.
1542 2072 1589 2095 ex

868 2119 1000 2156 ordine
1015 2148 1025 2166 ‚
1049 2118 1279 2168 simpliciter
1298 2130 1370 2167 pro
1394 2116 1588 2166 deinceps,

866 2178 1057 2226 καθεξῆς,
1080 2175 1235 2224 ἐφεξῆς.
1255 2174 1396 2224 Georg.
1419 2173 1483 2221 ΙΙΙ,
1507 2172 1584 2213 341

869 2235 997 2283 Saepe
1016 2233 1122 2269 aliem
1141 2240 1368 2282 noctemque
1397 2238 1433 2266 et
1463 2237 1585 2266 lotum

869 2304 916 2326 ex
965 2290 1097 2326 ordine
1142 2302 1313 2325 mensem
1375 2288 1580 2324 Pascitur.

870 2347 932 2384 Sic
960 2359 1117 2396 quoque
1145 2346 1284 2395 Georg.
1325 2344 1387 2392 IV,
1425 2344 1519 2391 507,
1549 2348 1586 2380 et

869 2405 936 2441 ins.
959 2404 1040 2452 vn,
1068 2406 1160 2450 139,
1183 2409 1227 2441 ut
1248 2402 1378 2453 priore
1402 2413 1445 2438 re
1464 2412 1585 2451 expe-

869 2461 952 2498 dita
978 2460 1168 2498 continuo
1213 2459 1263 2497 ad
1294 2459 1459 2495 alteram
1487 2471 1585 2507 pro-

863 2519 982 2569 gressi
1004 2518 1095 2555 sint.
1127 2517 1240 2567 (Mihi
1259 2516 1420 2554 videtur
1440 2514 1584 2552 horum

864 2576 1080 2614 verborum
1113 2574 1212 2612 haec
1255 2586 1335 2611 esse
1374 2572 1581 2610 sententia:

864 2634 973 2671 iubet
1033 2645 1174 2670 navem
1244 2630 1394 2668 aliam
1469 2633 1581 2680 post

863 2691 1009 2728 aliam
1041 2690 1213 2738 solvere3
1243 2689 1314 2726 csr.
1341 2687 1392 2724 ad
1423 2687 1489 2723 Ge.
1517 2685 1579 2731 lv,

863 2749 901 2790 4.
937 2745 1050 2800 Wr.)
1109 2747 1223 2784 Certe
1243 2745 1319 2783 viri
1351 2744 1457 2781 docti
1483 2741 1578 2778 sub-

862 2805 1006 2842 tilitate
1024 2805 1064 2842 in
1091 2800 1280 2854 ἐπισχεραὶ
1310 2802 1578 2851 interpretan-

864 2862 915 2900 do
951 2861 1018 2898 hic
1054 2861 1111 2899 nil
1160 2858 1380 2912 profeceris.
1451 2854 1578 2892 Etiam
