1827 3436
382 223 798 285 AENEIDOS
836 219 981 269 LIB.
1018 217 1083 277 ΙΙ,
1122 215 1417 265 293-307
1562 212 1659 259 311

144 370 211 419 Et
234 360 399 425 magis
428 366 586 421 atque
614 348 808 413 magis,
851 355 1179 412 quamquam
1208 342 1412 384 secreta
1433 330 1664 397 parentis

147 432 404 487 Anchisae
427 426 622 475 domus
647 416 1036 480 arboribusque
1062 409 1275 458 obtecta
1297 401 1529 461 recessit,
1565 406 1666 452 300

149 505 458 557 Clarescunt
476 493 707 553 sonituS‚
748 496 1135 546 armorumque
1159 474 1356 539 ingruit
1378 471 1588 520 horror.

147 571 394 626 Excutior
414 579 633 624 somn0‚
673 568 726 610 et
751 554 948 607 summi
968 549 1169 613 fastigia
1193 545 1318 595 tecti

149 643 424 695 Adscensu
443 648 643 700 supero
660 671 674 693 ‚
711 637 871 693 atque
895 620 1122 674 adrectis
1150 614 1363 666 auribus
1386 609 1552 660 adsto:

150 717 211 764 In
239 717 478 774 segetem
507 700 674 752 veluti
706 713 877 766 quum
903 691 1120 742 flamma
1151 681 1454 735 furentibus
1485 676 1671 727 austris

151 780 369 842 Incidit,
407 783 495 826 aut
518 770 734 838 rapidus
753 773 1014 815 montano
1036 757 1262 808 flumine
1288 762 1499 802 torrens
1572 749 1674 799 305

156 850 354 902 Sternit
389 860 569 910 agros,
614 837 801 889 sternit
823 843 928 884 sata
962 832 1097 883 laeta
1125 828 1407 889 boumque
1447 817 1674 878 labores,

154 918 584 984 Praecipitesque
603 908 763 959 trahit
785 905 963 964 silvas3
1005 906 1185 965 stupet
1208 895 1401 944 inscius
1425 887 1528 938 alto

251 1037 320 1072 299
343 1042 383 1068 at
401 1033 519 1078 magis
535 1027 663 1063 Medic.
683 1040 702 1060 a
727 1037 773 1058 m.
792 1035 847 1068 pr.

157 1090 254 1126 Sax.‚
289 1093 360 1115 non
388 1080 490 1113 male.

158 1133 281 1167 Heius.
300 1129 406 1162 etiam
424 1124 658 1159 crebrescunt
677 1117 864 1152 invenisse.
889 1127 908 1149 c

161 1179 249 1214 Coll.
267 1179 332 1210 les.
343 1202 353 1217 ‚
378 1172 519 1218 scripsit
534 1166 748 1204 Wakefield.
780 1161 875 1206 lVr.)

161 1226 263 1261 male.
310 1224 493 1268 ingruunt

162 1275 298 1308 horror
317 1281 370 1314 pr.
390 1268 530 1305 Monet„
556 1268 728 1308 perpetua
751 1255 987 1291 aberratione.

941 1021 1013 1056 300
1039 1015 1185 1051 obtexta
1207 1010 1357 1056 Guelph.
1383 1019 1439 1040 un.
1465 1005 1500 1038 in
1532 1003 1678 1036 collect.

586 1077 654 1111 301
690 1077 930 1106 concrescunt
962 1065 1040 1100 cod.
1071 1059 1332 1106 antiquissimus
1364 1053 1481 1088 Pierii.
1529 1050 1681 1084 Videtur

909 1116 933 1148 f.
952 1115 1067 1146 Burm.
1094 1107 1298 1153 (clarescit,
1332 1101 1427 1148 quod
1455 1106 1507 1132 est
1537 1098 1573 1130 in
1602 1096 1680 1130 cod.

925 1173 994 1207 que
1027 1158 1130 1192 abest
1150 1157 1272 1188 Franc.
1320 1150 1431 1184 irruit
1452 1145 1561 1180 Goth.
1582 1148 1678 1182 tert„

532 1218 621 1250 bene
652 1215 696 1247 de
729 1212 771 1245 iis
813 1221 900 1254 quae
931 1206 1122 1244 accedunt,
1162 1199 1305 1246 propria
1334 1197 1430 1229 fiunt.
1480 1203 1586 1225 error
1616 1200 1680 1235 pro

1188 1248 1269 1280 saxi
1299 1245 1344 1277 de
1376 1241 1510 1275 vertice
1538 1246 1684 1270 torrens

1083 1250 1151 1286 305

163 1319 285 1355 Schol.
303 1318 427 1348 Horat.
448 1313 496 1346 IV
523 1310 587 1343 Od.
619 1310 662 1343 14
693 1318 733 1339 ex
761 1317 792 1337 v.
823 1304 892 1338 308
919 1301 1002 1334 saxi
1030 1299 1075 1331 de
1102 1295 1238 1329 vertice
1267 1299 1408 1338 pastor.
1455 1293 1629 1319 montano
1662 1294 1686 1314 α

165 1367 302 1400 vertice
319 1362 433 1405 Bigot.
457 1370 498 1391 ex
515 1358 592 1397 vll,
614 1356 681 1390 567
707 1361 742 1386 et
761 1358 858 1384 torto
881 1349 1015 1381 vertice
1042 1354 1199 1377 torrens.
1249 1337 1401 1416 rabpidos
1421 1345 1473 1378 pr.
1493 1333 1619 1364 Moret.
1650 1335 1686 1361 et

166 1415 289 1447 Franc.
338 1407 531 1453 aflumine
548 1404 678 1436 Moret.
695 1405 778 1432 tert.

167 1461 237 1494 div.
257 1459 337 1491 lect.
359 1467 401 1487 ex
421 1455 433 1485 1
455 1454 585 1495 Georg.
607 1449 674 1484 118

872 1395 942 1431 306
967 1393 1222 1433 hominumque
1240 1387 1276 1419 la

721 1446 812 1479 haec
834 1454 943 1488 quum
974 1441 1049 1473 sint
1074 1437 1329 1477 hominumque
1348 1429 1522 1472 boumque
1543 1423 1688 1457 labores

1303 1395 1384 1418 ores
1402 1393 1455 1426 pr.
1474 1378 1600 1411 Hamb.
1620 1386 1685 1420 pro

173 1503 365 1542 Versando
387 1510 522 1534 terram
544 1495 688 1542 experti
707 1513 750 1517 —
771 1489 941 1524 laborem.
990 1487 1095 1519 Voss.
1120 1490 1154 1515 et
1182 1482 1307 1524 fragm.
1331 1477 1461 1509 Mox-et.
1491 1472 1688 1514 bovumque

169 1552 307 1587 laboris
332 1550 454 1591 fragm.
484 1543 599 1578 Vatic.
637 1540 717 1586 (vid.

748 1540 791 1571 V.
819 1537 860 1568 L.
887 1535 930 1568 ad
961 1534 1026 1566 Ge.

1058 1532 1126 1571 111,
1152 1530 1232 1563 211.
1270 1525 1350 1560 419.
1384 1523 1444 1562 Ν,
1474 1519 1552 1554 555.
1592 1515 1687 1558 μὴ.)

169 1599 237 1636 307
263 1597 365 1631 sedet
382 1605 446 1639 pro
469 1598 593 1643 stupe-t
613 1585 759 1629 Quintil.
779 1585 859 1617 VIII
882 1583 968 1615 Inst.
989 1581 1023 1622 6,
1071 1575 1260 1610 memoriae
1272 1571 1370 1605 vitio.
1397 1567 1534 1613 (trahet
1552 1563 1690 1603 Medic„

171 1646 234 1680 sed
253 1646 266 1678 i
284 1641 392 1676 minio
411 1642 661 1684 superscripta.
693 1632 786 1675 Wr.)

172 1747 301 1779 θυείαν
319 1738 454 1783 lucta,
486 1733 528 1771 h.
561 1745 593 1769 e.
618 1730 661 1768 in
693 1727 794 1766 urbe
826 1724 904 1762 mi—

173 1803 308 1836 scetur
345 1792 414 1846 (cf.
444 1792 492 1838 11,
523 1789 621 1831 486.
649 1793 690 1824 et
716 1785 779 1834 lv,
815 1785 906 1824 160-

172 1862 215 1894 et
238 1854 293 1892 ibi
320 1851 411 1890 Not.
448 1850 517 1888 W
513 1847 589 1897 elz.)
621 1846 776 1891 luctus,
819 1840 907 1878 eiu-

173 1914 304 1960 latus,
336 1910 507 1956 clamor,
540 1903 654 1957 (mox
671 1916 710 1940 v.
734 1901 812 1941 301
841 1912 908 1934 80-

175 1967 299 2021 nitus)
323 1968 501 2005 diversus
515 1992 526 2011 ‚
561 1976 583 1999 a
609 1958 778 1999 diversis
797 1954 909 1993 urbis

178 2027 371 2081 partibus.
430 2022 571 2060 domus
605 2026 753 2056 secreta
779 2027 908 2053 reces-

178 2088 230 2124 sit
258 2088 400 2123 ornate
423 2093 520 2132 pro,
551 2083 611 2115 est
637 2079 810 2120 secreta,
841 2083 909 2108 re-

180 2142 326 2182 motior
347 2154 368 2177 a
386 2138 524 2176 littore
558 2140 596 2172 et
627 2138 746 2185 porta
773 2132 908 2176 Scaea,

178 2212 305 2251 eaque
328 2202 443 2250 parte
457 2225 467 2244 ,
504 2206 582 2245 qua
606 2189 749 2228 Achivi
767 2186 909 2225 urbem

183 2256 349 2310 ingressi
375 2258 504 2291 erant.
573 2248 690 2288 Statii
716 2244 907 2284 imitatio-

183 2329 273 2355 nem
314 2317 431 2352 notat
460 2310 680 2347 Burmann.
712 2303 837 2342 Theb.
864 2300 913 2348 V,

184 2373 269 2415 242
289 2379 324 2409 et
344 2372 379 2407 si
400 2369 488 2406 lata
511 2366 666 2404 recessit
704 2360 808 2399 Urbe
838 2358 914 2395 ‹Io-

185 2445 286 2468 mas.
328 2428 565 2477 (clarescunt
602 2436 632 2459 3.
652 2451 662 2469 ,
713 2418 819 2457 infra
857 2429 916 2452 vs.

187 2487 303 2529 705.:
346 2482 583 2534 „clarior
624 2477 722 2530 ignis
755 2472 917 2513 Audi-

188 2552 284 2582 tur.
296 2545 319 2565 “
355 2542 422 2581 W
418 2539 466 2593 r.)

247 2603 329 2642 302
344 2621 394 2627 —-
411 2598 505 2640 308.
536 2595 745 2633 Aclscenszt
759 2601 916 2639 supero,

192 2672 265 2710 pro
285 2654 505 2702 adscendo,
537 2657 694 2698 ornate,
723 2649 765 2687 in
790 2659 833 2685 re
856 2650 921 2682 te-

195 2715 277 2754 nui.
336 2711 612 2763 Comparantis
636 2714 675 2746 et
699 2701 921 2756 comparati

194 2772 298 2809 ratio
337 2771 463 2823 primo
501 2768 655 2806 intuitu
699 2777 780 2801 non
827 2759 921 2798 satis

199 2834 334 2879 aperte
380 2827 583 2864 declarata
624 2836 704 2861 esse
746 2819 923 2858 videtur.

198 2886 311 2922 Latet
327 2890 458 2921 autem
476 2883 516 2921 ii:
537 2882 632 2921 illis:
662 2878 822 2917 arrectis
845 2889 924 2912 au—

200 2941 306 2979 ribus
327 2941 466 2988 adsto,
498 2946 540 2980 et
569 2945 697 2989 stupet
722 2933 925 2985 accipiens

962 1722 1160 1759 sonitum.-
1193 1722 1241 1754 ut
1267 1713 1323 1750 sie
1351 1720 1584 1761 componas:
1614 1705 1693 1741 ad-

964 1787 1022 1817 sto
1041 1777 1203 1815 arrectis
1231 1769 1393 1810 auribus
1409 1798 1418 1816 ‚
1452 1778 1568 1803 aures
1590 1761 1694 1800 arri-

964 1850 1036 1888 go,
1061 1832 1185 1873 veluti
1208 1835 1346 1883 pastor
1366 1824 1514 1874 accipit
1536 1830 1696 1871 stupens

968 1895 1140 1932 sonitum
1156 1920 1166 1938 ,
1209 1900 1332 1941 qaum
1352 1884 1536 1935 stamma
1563 1880 1604 1915 in
1633 1891 1696 1913 se—

965 1959 1098 2003 getem
1133 1947 1285 1985 incidit.
1353 1941 1466 1989 Quae
1503 1935 1696 1987 sequitur,

967 2005 1212 2059 comparatio
1260 1999 1498 2039 adumbrata
1546 1999 1604 2031 es†
1648 2005 1699 2028 ex

967 2065 1080 2105 Iliad.
1101 2065 1139 2117 β,
1158 2060 1254 2104 455.
1274 2059 1369 2100 456.
1389 2059 1424 2105 λ,
1443 2054 1523 2095 155
1549 2064 1635 2101 sqq.
1658 2055 1697 2086 et

967 2122 1080 2163 Iliad.
1101 2123 1137 2170 δ,
1161 2115 1415 2160 452—455.
1447 2110 1550 2148 adde
1580 2123 1609 2156 ε,
1644 2109 1699 2147 87

967 2195 1024 2232 Sq—
1051 2184 1086 2228 λ,
1104 2178 1188 2219 492
1210 2188 1292 2226 sqq.
1320 2173 1478 2209 Lucret.
1501 2168 1528 2216 I,
1550 2167 1700 2206 282-

969 2241 1066 2280 290.
1101 2234 1215 2273 Conf.
1254 2230 1324 2270 inf.
1359 2228 1442 2269 496
1473 2239 1529 2275 sq.
1559 2224 1700 2271 Georg.

970 2297 1017 2345 II,
1048 2292 1132 2336 304
1166 2304 1248 2341 sqq.
1279 2288 1376 2327 Aen.
1402 2283 1491 2332 XII,
1513 2280 1596 2323 523
1618 2291 1701 2328 sqq.

972 2360 1013 2392 et
1034 2353 1086 2400 X,
1117 2349 1200 2391 405
1233 2360 1317 2397 sqq.
1376 2342 1629 2393 Argutantur
1661 2335 1703 2372 in

974 2405 1254 2462 comparandis
1281 2402 1377 2441 locis
1400 2397 1574 2439 Macrob.
1605 2396 1703 2431 Sca-

976 2469 1039 2520 lig.
1077 2464 1220 2504 cerda.
1295 2457 1515 2498 Dicendum
1549 2451 1703 2504 simpli-

978 2527 1099 2573 citer,
1146 2527 1306 2574 poetam
1334 2514 1500 2555 Homeri
1541 2512 1704 2549 inventa

978 2582 1124 2635 egregie
1150 2579 1230 2618 suis
1258 2576 1393 2616 verbis
1418 2569 1638 2611 reddidisse
1669 2571 1707 2602 et

980 2651 1151 2680 ornasse.
1211 2635 1292 2673 Nisi
1321 2635 1422 2671 forte
1454 2631 1495 2667 in
1532 2627 1610 2664 hoc
1642 2637 1705 2661 re-

976 2694 1285 2752 prehendendus
1297 2689 1427 2730 videri
1437 2691 1582 2739 potest,
1599 2680 1707 2733 quod

980 2772 1027 2794 ex
1050 2757 1209 2793 Aeneae
1232 2750 1433 2788 narrantis
1444 2755 1620 2796 persona
1646 2745 1707 2776 ta—

979 2815 1026 2852 lis
1050 2809 1294 2862 comparatio
1313 2819 1394 2844 non
1415 2802 1506 2840 satis
1528 2811 1707 2837 comino-

983 2872 1032 2910 de
1062 2870 1216 2908 intexta
1247 2866 1308 2903 sit.
1367 2859 1491 2910 Quod
1521 2863 1559 2894 et
1589 2854 1707 2891 War—

983 2935 1084 2968 tono
1116 2927 1173 2964 ita
1202 2924 1333 2964 visum
1362 2919 1494 2959 video.
1554 2910 1633 2950 Sed
1659 2909 1709 2946 il-
