1811 3388
422 232 834 281 AENEIDOS
874 237 1014 286 LIB.
1045 238 1134 299 111,
1174 245 1400 294 86—98

1574 252 1673 299 457

221 358 315 408 Vix
339 374 398 406 ea
418 354 555 406 fatus
577 374 746 409 eram:
767 368 1002 410 tremere
1022 363 1320 413 omniavisa
1341 378 1583 435 repente,
1609 379 1674 425 90

149 427 490 491 Liminaque,
535 426 824 495 laurusque
849 430 965 491 dei3
1004 441 1259 499 totusque
1282 439 1488 487 moveri

149 500 306 545 Mons
332 495 557 557 circum,
598 507 652 547 et
672 501 881 564 mugire
907 501 1072 565 adytis
1095 505 1297 554 cortina
1319 507 1547 560 reclusis.

151 563 409 614 Submissi
433 567 667 631 petimus
692 578 918 633 terram,
960 581 1012 621 et
1031 590 1130 621 vox
1155 572 1327 624 fertur
1346 577 1409 625 ad
1437 580 1596 631 auris:

147 634 484 685 Dardanidae
512 636 660 701 duri,
701 657 835 705 quae
860 658 954 690 vos
982 659 1007 690 a
1032 644 1195 709 stirpe
1219 656 1505 710 parentum

148 704 324 754 Prima
344 705 466 754 tulit
492 706 676 772 tellus,
715 710 908 760 eadem
932 729 1026 761 vos
1054 713 1223 763 ubere
1251 715 1392 765 laeto

731 781 1023 847 Antiquam
1049 785 1306 850 exquirite
1329 797 1572 843 matrem.

147 773 392 839 Adcipiet
416 775 658 829 reduces

1608 726 1676 775 95

146 845 242 892 Hic
265 843 461 894 domus
486 849 702 898 Aeneae
727 852 927 900 cunctis
960 852 1330 904 dominabitur
1351 859 1473 922 oris,

146 916 212 963 Et
235 916 344 964 nati
366 924 642 979 natorum,
686 928 739 969 et
764 922 854 987 qui
876 933 1166 973 nascentur
1189 925 1252 974 ab
1278 926 1389 978 illis.

237 1032 286 1067 90
311 1042 395 1066 erat
428 1034 591 1069 Parthas.
625 1035 662 1069 in
695 1049 805 1082 marg.

902 1041 945 1074 91
980 1042 1198 1086 Liminaque
1231 1051 1266 1076 ec
1295 1043 1319 1076 l.
1357 1044 1427 1078 duo
1464 1059 1521 1091 ap.
1556 1050 1672 1084 Burm.

146 1079 274 1112 limina
297 1088 386 1113 sunt
410 1081 545 1115 Zulich.
594 1096 664 1128 que
688 1092 771 1129 post
804 1086 931 1119 limina
967 1087 1072 1132 plane
1108 1090 1210 1122 abest
1247 1103 1267 1123 a
1299 1092 1423 1126 Franc.
1472 1095 1673 1142 laurosque

145 1126 315 1159 Rottend.
340 1134 424 1161 tert.
449 1141 468 1161 a
494 1142 537 1162 m.
573 1143 625 1174 pr.

144 1173 284 1205 Lucret.
310 1176 368 1216 VI,
394 1174 474 1210 594.
507 1178 604 1220 lVr.)

145 1227 231 1263 quot
258 1221 347 1255 Pier.
373 1234 442 1255 sec.
468 1224 591 1256 Hamb.
619 1231 655 1256 et
684 1226 789 1259 Witt.
840 1240 870 1260 v.
896 1240 1000 1272 supra
1027 1243 1057 1263 v.
1083 1230 1142 1265 40.

144 1266 308 1300 Pieriani.
357 1269 535 1312 (Ceterum
560 1271 630 1304 vid.
658 1274 700 1314 Q.
727 1274 769 1305 V.
796 1274 822 1314 I,
847 1276 880 1309 2.
911 1277 1008 1319 117.)

144 1325 216 1346 var.
242 1313 324 1347 lect.
349 1316 405 1348 vel
431 1325 508 1350 toto
534 1321 653 1362 Sprot.

144 1362 234 1407 ipsis
259 1363 349 1396 Ven.

144 1455 193 1494 de
211 1457 332 1496 Batto
357 1458 490 1496 locum
524 1473 586 1511 ap.
613 1460 808 1502 Herodot.
838 1471 878 1503 et

144 1515 294 1553 Gallim.
314 1517 354 1553 in
374 1517 503 1568 Apoll.
528 1519 581 1560 65
603 1534 686 1570 sqq.

201 1576 255 1614 90
267 1597 319 1601 -
333 1577 399 1615 93.
413 1575 598 1614 sollenne
619 1578 767 1617 scilicet
785 1579 873 1629 hoc,

142 1637 344 1682 tamquam
381 1633 555 1671 numinis
594 1642 744 1674 sortem
785 1638 874 1675 edi-

142 1689 225 1726 turi
251 1691 496 1741 praesentia,
536 1699 584 1730 ut
611 1700 697 1732 tota
728 1702 873 1734 natura

141 1760 292 1785 numen
323 1749 494 1787 sentiat:
541 1765 753 1790 commune
790 1754 873 1794 ἐπι-

142 1807 333 1856 φανείαις
360 1807 553 1857 deorum,
586 1810 706 1848 etiam
742 1811 782 1849 in
814 1814 873 1850 se-

140 1863 210 1900 stis
230 1869 268 1900 et
287 1865 431 1914 sacris,
452 1879 553 1916 quae
574 1867 615 1904 in
635 1882 776 1907 eorum
797 1870 875 1908 ho-

140 1934 280 1959 norem
322 1923 643 1965 celebrabantur.
724 1927 875 1966 Notum

139 1979 205 2017 vel
234 1992 285 2017 ex
322 1981 552 2020 Callimachi
588 1984 638 2023 H.
669 1984 710 2022 in
745 1985 875 2038 Apoll.

139 2051 201 2088 pr,
232 2044 273 2074 et
301 2039 450 2090 Spanh.
484 2041 536 2078 ad
573 2055 604 2080 e.
646 2043 670 2080 l.
736 2047 873 2082 onmia

141 2095 285 2132 deinde
323 2110 394 2148 per
433 2098 582 2149 species
622 2100 875 2140 redduntur:

139 2154 363 2205 liminaque
388 2156 619 2208 laurusque.
667 2172 705 2196 v.
734 2160 872 2198 Burm.

141 2212 440 2250 Mon.s·01?rcmn
456 2243 465 2261 ‚
518 2215 711 2266 Cynthus.
772 2218 873 2256 Nam

140 2268 333 2319 templum
381 2272 421 2308 in
460 2285 601 2323 campo
639 2275 788 2323 situm3
833 2290 872 2314 v.

141 2326 280 2365 Exere.
322 2327 371 2365 de
411 2328 507 2367 Delo
539 2331 581 2367 in
616 2331 726 2370 Misc.
758 2334 871 2374 Obss.

137 2387 315 2434 cortina,
350 2382 493 2438 ὅλμος,
534 2390 769 2439 operculum
798 2392 873 2429 tri—

138 2441 275 2493 podis,
306 2446 464 2495 mugc'l,
505 2452 630 2485 vento
663 2449 873 2487 subterra—

139 2513 214 2538 neo
242 2514 262 2537 e
296 2515 440 2552 specu,
491 2505 555 2542 cui
581 2504 768 2557 imposita
802 2514 872 2557 est,

98 2551 100 2553 ’
138 2565 345 2609 surgente,
371 2560 567 2611 siquidem
585 2564 749 2603 credere
768 2566 872 2616 lieet,

139 2615 190 2653 ad
211 2616 389 2668 Delphici
414 2619 588 2671 tripodis
618 2622 747 2661 instar
772 2623 873 2662 haec

139 2673 257 2711 fuisse
279 2675 533 2717 adumbrata.
584 2680 632 2718 cf.
655 2682 869 2732 Spauhem.

140 2730 191 2768 ad
216 2731 265 2770 H.
284 2733 325 2770 in
350 2734 393 2772 D.
413 2749 453 2775 v.
476 2739 542 2778 90.
581 2738 713 2789 achiis
739 2742 868 2779 reclu-

138 2790 216 2835 sis,
258 2789 343 2842 ipso
385 2795 525 2846 templi
564 2798 759 2847 penetrali
798 2813 870 2850 per

138 2852 293 2884 motum
338 2855 469 2888 terrae
505 2855 714 2904 patefacto.

137 2963 253 2998 missi
282 2966 460 3012 petimus
502 2978 644 3007 terram
663 3001 673 3018 ‚
723 2974 868 3023 exqui—

748 1321 794 1356 96
820 1333 896 1366 exq.
919 1331 1056 1356 terram
1081 1324 1217 1357 Zulich.
1245 1338 1285 1358 ex
1309 1326 1457 1374 interpr.

677 1132 838 1175 (movere
870 1135 1054 1178 scripsisse
1090 1136 1277 1180 Virgilium
1313 1146 1412 1183 putat
1449 1142 1592 1176 Wakes.
1627 1145 1671 1177 ad

701 1180 747 1214 93
773 1189 808 1211 ει
835 1180 937 1213 deest
961 1182 1062 1219 Leid,
1099 1190 1135 1215 et
1173 1185 1316 1218 Oudart.
1368 1188 1417 1219 ad
1448 1201 1565 1222 auras
1600 1192 1669 1223 ali—

1237 1233 1283 1266 94
1309 1234 1354 1265 de
1388 1236 1503 1281 stirpe
1535 1236 1671 1282 aliquot

1102 1278 1148 1312 95
1180 1279 1280 1311 laeta
1314 1292 1368 1324 pr.
1399 1282 1568 1317 Rottend.
1604 1298 1669 1330 pro

1553 1333 1599 1367 98
1625 1332 1671 1366 ab

934 1466 1027 1517 site,
1074 1469 1376 1522 provolvimur3
1429 1473 1668 1514 Lucretiano

934 1524 1126 1575 loquendi
1145 1541 1269 1566 more.

991 1582 1046 1624 94
1065 1606 1121 1614 -
1141 1588 1208 1626 98.
1240 1587 1484 1637 Graculum,
1526 1604 1667 1641 magna

934 1655 1026 1678 cum
1076 1649 1162 1680 arte
1202 1645 1336 1683 verbis
1382 1648 1667 1699 sententiisque

933 1699 1127 1750 ambiguis
1149 1708 1188 1739 et
1211 1703 1390 1741 obscuris
1413 1712 1666 1758 conceptum,

935 1757 1111 1807 ltaliam,
1162 1760 1269 1798 unde
1300 1762 1512 1801 Dardanus
1547 1765 1667 1816 origi—

936 1829 1025 1853 nem
1061 1815 1209 1855 habere
1238 1820 1462 1869 serebatur,
1494 1823 1667 1874 respicit,

934 1873 1017 1912 vid.
1046 1875 1117 1913 inf.
1144 1879 1241 1918 163:
1275 1884 1394 1929 atque
1424 1879 1519 1917 hinc
1550 1882 1666 1919 Dar-

933 1931 1134 1982 danidas,
1168 1948 1250 1973 non
1288 1938 1456 1975 Teucros
1486 1945 1557 1977 aut
1589 1939 1666 1977 alio

933 1990 1116 2039 nomine,
1167 2007 1276 2031 nunc
1314 1997 1533 2046 appellatos
1575 1998 1667 2036 vult.

932 2047 1109 2087 Macrob.
1132 2050 1147 2087 Ι
1171 2050 1211 2088 in
1235 2053 1299 2090 So.
1320 2054 1423 2105 Scip.
1444 2058 1469 2095 7
1492 2061 1531 2092 et
1552 2057 1664 2094 Serv.

933 2105 982 2143 ad
1003 2105 1043 2144 h.
1066 2107 1091 2144 l.
1129 2108 1235 2158 dmi,
1256 2110 1412 2149 labores
1434 2118 1494 2150 tot
1517 2126 1664 2165 exper—

931 2166 982 2211 ti,
1014 2162 1331 2219 πολυτλήμονες.
1400 2170 1507 2207 Uber
1540 2180 1664 2209 (errae

934 2222 1101 2272 antiqua
1123 2223 1315 2274 loquendi
1333 2227 1460 2265 forma
1479 2228 1519 2265 in
1539 2243 1664 2267 orna-

932 2285 1019 2316 tum
1033 2294 1162 2331 versa⁷
1182 2295 1221 2320 v.
1244 2283 1294 2320 ad
1316 2284 1344 2332 Ι,
1369 2286 1465 2334 531,
1487 2285 1527 2324 h.
1549 2287 1570 2324 l.
1588 2301 1663 2338 pro

931 2337 1017 2387 ipso
1042 2338 1139 2376 solo.
1200 2340 1346 2379 Versus
1373 2346 1440 2385 97.
1459 2346 1513 2385 98
1544 2346 1663 2383 nobi-

932 2394 1069 2433 lissimi
1098 2396 1155 2433 illi
1186 2398 1388 2438 Homerici
1426 2408 1521 2439 sunt
1550 2403 1662 2442 Iliad.

932 2468 969 2500 v,
988 2455 1084 2495 307.
1104 2457 1187 2496 308
1221 2459 1315 2497 Νῦν
1344 2456 1388 2498 ὁὲ
1417 2457 1466 2511 δὴ
1494 2461 1663 2503 Αἰνείαο

932 2511 1002 2563 βίη
1035 2509 1236 2566 Τρώεσσιν
1259 2511 1423 2566 οἷνάξει,
1460 2518 1543 2559 Καὶ
1570 2524 1657 2560 παῖ-

932 2571 997 2616 δες
1025 2571 1207 2620 παίδων,
1247 2574 1310 2613 τοί
1343 2590 1413 2614 κεν
1444 2573 1662 2626 μετόπισθε

928 2626 1143 2680 γένωνται,
1196 2643 1245 2667 ex
1281 2632 1456 2683 Neptuni
1492 2649 1661 2687 persona

930 2685 1050 2733 diem
1088 2701 1196 2726 nunc
1234 2690 1401 2728 feliciter
1434 2693 1475 2729 in
1511 2702 1660 2732 sortem

928 2742 1125 2795 Apollinis
1146 2747 1262 2785 versi.
1314 2748 1568 2790 Memorabile
1589 2759 1659 2801 est,

930 2802 1038 2852 quod
1069 2803 1107 2842 h.
1142 2804 1166 2842 l.
1199 2805 1363 2844 Servius
1394 2806 1536 2847 habet:
1583 2812 1660 2849 Or—

770 2855 869 2908 (vid.
922 2860 1167 2909 plze011une
1200 2863 1461 2904 Homericum
1500 2881 1658 2907 versum

138 2901 229 2941 Not.
250 2904 301 2942 ad
322 2904 384 2954 Vl,
405 2909 471 2950 81.
496 2911 645 2964 IsVelz.)
680 2916 747 2956 93.
764 2915 869 2952 Sab-
931 2918 1103 2957 alterum
1146 2934 1227 2958 esse
1265 2922 1481 2962 sublatum.

937 2974 1121 3027 Orpheus
1163 2980 1209 3015 (le
1249 2983 1411 3018 oraculo
1454 2928 1660 3033 Apollliiiyg
