1811 3388
524 189 650 236 AD
723 189 1155 240 LIBRUM
1223 195 1304 244 VI
1528 206 1657 254 1017

153 314 260 353 uncle
279 315 400 353 etiam
419 316 583 354 Servius
604 315 657 354 ad
676 329 715 354 v.
739 314 823 358 426
842 331 934 355 suos
951 331 1096 357 novem
1113 320 1282 358 circulos
1311 322 1468 363 duxisse
1486 327 1647 368 videtur

153 373 227 411 etsi
253 372 380 411 alieno
409 387 433 410 a
457 371 613 425 Virgilii
640 379 774 411 mente
803 381 1042 415 commento.
1111 378 1224 415 Certe
1251 392 1395 418 novem
1423 382 1556 423 Dantis
1586 361 1660 424 an-'

153 432 306 470 fractus
341 430 394 468 ad
422 431 597 469 Platonis
638 431 871 483 Virgiliique
912 433 1079 472 ductum
1104 435 1273 474 iunctim
1303 436 1526 478 adumbrati
1558 450 1661 482 sunt„

153 489 253 528 Nam
272 488 413 526 Silium
436 489 484 526 ab
505 502 550 527 eo
569 490 719 528 lectum
735 503 817 528 esse
840 490 994 530 dubito.

269 546 343 585 Via
365 546 527 597 quidem
546 547 677 599 prima
696 561 767 600 per
785 549 1036 600 speluncam,
1082 564 1178 588 mox
1202 550 1413 590 immensas
1444 566 1515 605 per
1537 556 1664 606 silvas,

157 604 369 657 caliginoso
395 605 525 653 caelo,
558 605 734 643 ducebat
757 606 809 643 ad
826 620 994 645 amnem.

271 662 317 700 In
328 664 463 713 primo
493 663 588 700 Oroi
614 663 731 701 aditu
770 660 1030 718 (προάστειον
1058 665 1228 716 dixeris,
1263 672 1406 717 poetae
1435 668 1669 707 vestibulum

157 720 248 773 est),
290 720 471 771 citraque
505 720 796 771 Acherontem,
838 723 992 760 Luctus
1009 752 1018 769 ‚
1068 724 1194 760 Curae
1210 753 1220 771 ,
1263 724 1426 774 splorhi,
1469 727 1667 776 Senectus,

158 781 322 827 flffelzcs,
357 779 531 827 Fames,
565 780 756 829 Egestas,
793 780 956 829 Letum,
990 780 1149 828 Labor,
1185 782 1323 831 Sopor,
1353 784 1468 821 mala
1491 784 1671 833 Gaudia,

159 837 346 884 Bellum,
379 837 645 885 Eumenides,
679 838 920 875 Discorcliae
940 837 1072 875 sedem
1090 837 1236 876 habere
1255 838 1447 879 djcuntur
1471 854 1507 880 v.
1532 844 1673 885 273—-

162 896 243 935 281
268 894 446 944 elegante
466 893 633 945 mytho3
663 895 751 945 quis
770 895 874 932 enim
898 909 980 934 non
1000 896 1194 946 intelligat
1211 909 1292 934 esse
1307 896 1406 936 haec
1431 899 1547 947 mala,
1579 899 1672 950 qui-

160 952 235 990 bus
286 951 397 990 Mors
438 952 678 1002 arcessitur,
726 965 906 1004 quaeque
952 953 1060 991 illam
1101 954 1165 993 vel
1211 956 1454 994 antecedunt
1491 956 1556 995 vel
1603 971 1671 994 co—

161 1009 379 1048 mitantur!

278 1068 324 1106 In
352 1067 483 1106 medio
513 1068 680 1106 Somnia
708 1068 751 1106 in
784 1068 893 1106 ulmo
925 1069 1169 1119 nidulantia,
1223 1070 1275 1108 ad
1302 1070 1466 1109 Homeri
1493 1070 1671 1109 ductum.

163 1139 204 1164 v.
227 1125 321 1164 Not.
343 1125 394 1163 ad
409 1125 666 1168 282—234.
728 1126 841 1174 Quae
872 1141 963 1165 cum
988 1134 1107 1166 nocte
1140 1128 1351 1166 coniuncta
1380 1134 1493 1177 sunt,
1536 1128 1674 1166 eadem

165 1198 257 1222 cum
277 1183 375 1221 locis
404 1184 562 1232 inferis,
600 1183 662 1221 uti
682 1198 774 1222 cum
793 1184 878 1236 ipsa
894 1191 1045 1234 morte,
1077 1186 1292 1224 coniuncta
1316 1192 1419 1224 sunt.
1479 1186 1577 1224 Cum
1599 1199 1673 1223 au-

164 1248 247 1279 tem
275 1241 410 1280 Hades
443 1238 598 1292 Ἀῖδης,
638 1242 824 1293 proprie,
863 1245 935 1295 qui
970 1246 1076 1281 cerm·
1112 1246 1272 1295 nequit,
1314 1244 1446 1281 locum
1469 1244 1588 1281 saciat
1614 1243 1673 1291 iis,

166 1312 268 1352 quae
297 1299 443 1338 mentis
474 1313 577 1337 vana
604 1299 779 1351 fingendi
808 1299 849 1338 vi
880 1301 1097 1352 excogitari
1125 1307 1315 1352 possunt,
1353 1307 1535 1339 monstra
1567 1301 1676 1339 anti-

165 1357 449 1409 quissimorum
468 1363 610 1396 vatum
630 1357 696 1396 hie
725 1358 986 1397 collocantur.
1045 1359 1184 1410 [taque
1211 1358 1306 1397 hinc
1333 1359 1427 1397 inde
1458 1358 1557 1396 haec
1587 1359 1676 1397 loca

166 1422 308 1455 tenent
335 1417 546 1465 Centauri,
584 1416 768 1466 Scyllae,
803 1418 997 1454 Briareus
1007 1447 1018 1466 ,
1046 1418 1214 1468 Hydra,
1250 1417 1478 1465 Chimaera,
1515 1418 1677 1465 Gorgo-

167 1489 260 1523 nes,
316 1476 555 1524 Harpyiae,
613 1475 792 1525 Geryon,
844 1488 884 1512 v.
914 1477 1182 1524 282—289,
1224 1475 1294 1512 ubi
1323 1489 1362 1513 v.
1383 1475 1474 1513 Not.
1501 1474 1552 1512 ad
1579 1473 1676 1515 285.

169 1532 343 1571 Omnino
364 1531 444 1569 hoc
462 1530 640 1582 proclive
661 1531 740 1570 fuit
754 1562 765 1580 ,
798 1537 1009 1583 poetarum
1041 1545 1110 1570 seu
1129 1534 1352 1584 sapientum
1369 1532 1520 1570 animos
1541 1532 1583 1569 in
1600 1531 1679 1568 hoc

168 1590 407 1643 phantasma
425 1589 632 1627 incurrere
647 1619 658 1638 ,
689 1596 738 1628 ut
758 1589 800 1627 in
818 1590 933 1628 aditu
950 1589 1003 1628 ad
1020 1590 1262 1629 Umbrarum
1292 1591 1380 1628 loca
1397 1589 1678 1643 phantasmata

169 1649 244 1687 ista
263 1654 304 1686 et
322 1652 503 1685 monstra
521 1647 774 1686 collocarent.

285 1706 530 1744 Perventum
559 1712 619 1743 est
634 1705 687 1743 ad
710 1719 897 1744 amnem:
925 1718 1043 1756 quem
1063 1704 1147 1747 384
1167 1705 1345 1757 Slygem,
1378 1705 1462 1746 295
1473 1704 1681 1742 Acheron-

171 1773 250 1802 tem
276 1770 410 1803 vocat.
470 1764 525 1800 De
544 1762 624 1801 hoc
639 1777 736 1802 mox
759 1763 957 1815 sigillatim
978 1763 1250 1815 dispiciemuS,
1291 1763 1457 1800 Excurs.
1478 1762 1548 1799 IX.
1604 1761 1682 1798 Pe-

171 1823 295 1861 titum
316 1827 376 1859 est
395 1821 636 1874 phantasma
654 1821 733 1860 hoc
752 1835 774 1859 a
797 1821 926 1873 regnis
954 1834 999 1858 ac
1019 1820 1258 1872 provinciis,
1290 1833 1460 1871 quarum
1488 1819 1586 1857 fines
1612 1831 1683 1870 per

171 1894 317 1932 magna
334 1879 503 1918 flumina
528 1885 736 1930 reguntur.
796 1879 858 1917 Ex
877 1878 1103 1931 priscorum
1120 1884 1331 1930 poetarum
1349 1878 1534 1929 opinione
1555 1877 1683 1914 Ocea-

173 1952 250 1977 nus
271 1944 474 1976 terrarum
492 1937 630 1975 orbem
660 1951 772 1975 more
791 1937 917 1974 amnis
935 1937 1110 1974 ambiens
1129 1937 1171 1973 in
1188 1935 1421 1973 occidentali
1443 1941 1573 1986 parte,
1608 1935 1684 1971 So-

173 1997 221 2035 lis
246 1995 483 2043 occidentis,
514 1995 670 2043 Noctis,
702 1995 862 2042 Somni,
898 1994 1028 2042 aedes,
1060 2000 1148 2030 tum
1175 1992 1372 2043 Elysium,
1415 1991 1578 2029 tandem
1608 1990 1684 2028 ad-

173 2055 278 2093 itum
299 2053 351 2091 ad
372 2053 459 2090 loca
475 2052 601 2090 infera
621 2052 854 2090 continebat
880 2050 948 2103 (cf.
972 2052 1118 2102 Opusc.
1138 2051 1181 2088 T.
1211 2050 1241 2098 I,
1273 2064 1310 2101 p.
1327 2052 1410 2091 397
1432 2047 1553 2101 sqq.):
1585 2047 1685 2085 Flu-

175 2112 282 2151 mine
311 2117 445 2149 autem
477 2110 583 2147 circa
612 2110 763 2147 Orcum
794 2110 938 2158 ducto,
983 2108 1116 2146 aditus
1149 2122 1232 2145 non
1261 2112 1345 2144 erat
1374 2107 1448 2144 nisi
1477 2106 1569 2144 navi
1595 2111 1684 2142 tra-

175 2171 334 2219 iiceres3
366 2168 415 2206 ad
437 2167 543 2206 hanc
561 2168 774 2219 regendam
799 2168 989 2205 inventus
1006 2166 1193 2218 portitor.
1251 2163 1611 2202 Praetemnittimus
1636 2162 1686 2199 de

177 2227 381 2266 Charonte
419 2239 581 2264 monere
615 2226 797 2263 nondum
841 2225 890 2262 ab
935 2224 1111 2262 Homero
1149 2229 1386 2270 memorato,
1436 2222 1484 2258 cs.
1519 2234 1604 2271 sup.
1633 2218 1686 2257 ad

176 2300 218 2326 v.
248 2287 346 2334 417,
379 2290 418 2322 et
447 2284 496 2321 de
525 2283 821 2335 insepultorum
848 2283 1002 2321 umbris
1031 2282 1079 2319 ab
1109 2280 1235 2318 amnis
1264 2280 1435 2318 traiectu
1465 2277 1685 2330 prohibitis.

178 2345 283 2383 conf.
301 2343 352 2380 ad
372 2356 412 2381 v.
436 2342 532 2384 325.

297 2402 425 2438 Trans
443 2412 622 2447 amnem,
655 2398 824 2436 adverso
854 2397 991 2436 littore
1032 2396 1184 2434 Cerberi
1206 2402 1364 2432 antrum
1392 2399 1452 2431 est
1476 2391 1558 2433 415
1589 2404 1687 2442 sqq„

179 2458 290 2510 quod
328 2463 642 2510 praetergressus
682 2457 833 2494 Aeneas
864 2456 915 2493 ad
936 2456 1076 2505 prima
1111 2455 1201 2491 loca
1233 2452 1406 2490 devenit.
1456 2449 1689 2487 Inhabitant

180 2517 279 2556 haec
297 2516 385 2554 loca
404 2516 580 2564 infizntes
605 2527 643 2552 v.
662 2514 745 2554 426
757 2539 808 2543 —
821 2514 903 2554 429
924 2519 963 2550 et
981 2512 1048 2562 qui
1067 2514 1238 2548 insontes
1259 2516 1330 2548 aut
1350 2516 1512 2546 mortem,
1528 2507 1689 2545 illatam

181 2588 366 2625 accepere
396 2579 467 2610 aut
497 2572 574 2609 siba·
603 2574 684 2622 ipsi
715 2572 878 2608 intulere
898 2568 1136 2613 430—439.
1195 2567 1306 2616 Quid
1335 2567 1377 2605 in
1412 2565 1474 2603 his
1498 2570 1689 2616 sequutus

182 2634 233 2671 sit
250 2637 392 2685 poeta,
423 2644 464 2670 v.
486 2630 578 2668 Not.
597 2629 649 2666 ad
668 2642 705 2667 v.
725 2630 822 2670 430.

298 2690 387 2728 Non
405 2688 548 2740 procul
568 2687 664 2725 hinc
684 2686 829 2736 Campi
847 2687 1072 2735 Lugentes,
1104 2696 1174 2721 seu
1195 2682 1415 2733 lugentium
1433 2680 1561 2719 sedes:
1593 2691 1690 2728 quas

183 2753 324 2786 tenent
352 2747 430 2795 illi,
469 2748 540 2797 qui
566 2746 747 2782 luctuosa
779 2752 902 2780 morte
924 2743 1126 2779 interiere.-
1170 2739 1408 2781 439—476.
1469 2739 1529 2775 Ex
1549 2735 1610 2773 his
1626 2735 1690 2773 in·-

182 2805 321 2857 primis
340 2809 617 2842 memorantur
638 2803 824 2840 lzeroinae
850 2809 886 2838 et
891 2801 1080 2851 seminece
1105 2799 1241 2836 clarae
1267 2799 1405 2835 veteris
1423 2797 1527 2842 aevi,
1561 2793 1690 2830 inter-

182 2875 260 2913 que
286 2875 349 2899 eas
379 2861 499 2898 etiam
527 2863 664 2898 misere
689 2867 886 2897 amantes.
959 2856 1084 2906 Vulgo
1125 2855 1286 2906 quidem
1318 2855 1366 2892 ab
1395 2853 1525 2903 Inlpp.
1555 2852 1691 2887 misere

183 2921 411 2958 amantium
441 2918 552 2957 sedes
581 2930 663 2956 esse
698 2917 922 2956 traduntur
959 2915 1153 2966 Lugentes
1186 2912 1333 2964 Campi.
1392 2911 1606 2949 Enimvero
1637 2907 1692 2945 sic
