1779 3420
103 246 204 293 290
432 241 486 287 Ρ.
525 239 879 288 VIRGILII
915 237 1292 288 MARONIS

102 367 325 417 Dixerat.
397 364 491 415 Ille
517 364 652 414 dolis
676 365 960 413 instructus
983 372 1034 412 et
1056 372 1166 412 arte
1187 362 1417 427 Pelasga,

107 436 327 486 Sustulit
350 444 526 485 exutas
548 434 730 483 vinclis
751 434 817 483 ad
835 433 1007 482 sidera
1030 433 1257 498 palmas:

103 510 238 567 Vos,
279 506 480 555 aeterni
509 506 681 569 ignes,
714 513 766 553 et
787 520 898 552 non
923 502 1170 551 violabile
1192 512 1428 551 vestrum

106 580 300 626 Testor
321 591 542 635 numen,
567 576 659 633 ait;
689 590 783 622 vos
806 590 941 636 arae,
963 589 1225 638 ensesque
1246 571 1483 634 nefandi,
1525 575 1623 622 155

107 649 255 709 Quos
274 644 410 708 fugi,
448 646 715 709 vittaeque
739 643 928 704 deum,
963 658 1092 708 quas
1118 641 1291 690 hostia
1314 643 1471 707 gessi:

104 719 201 765 Fas
221 715 354 764 mihi
376 716 659 764 Graiorum
682 721 877 761 sacrata
896 711 1170 760 resolvere
1198 712 1325 772 iura,

200 844 268 880 153
292 844 494 877 exhaustas
512 842 611 875 Leid.
633 854 728 874 unus.
758 848 909 874 exustas
928 840 1037 874 Goth.
1066 840 1166 873 alter.
1194 839 1397 884 (sollemnes
1424 838 1623 872 aberratio-

105 903 189 931 nes3
224 891 293 923 vid.
313 891 426 922 Hand.
447 890 491 922 ad
513 893 600 923 Stat.
620 892 653 922 S.
680 890 705 929 Ι,
730 891 759 928 1,
792 889 844 924 18.
875 888 971 930 lVr.)
1072 888 1138 922 154
1160 895 1324 920 vestrum
1351 887 1398 919 JV.
1425 885 1623 931 Speciosis-

106 937 192 971 sima
220 945 272 970 est
290 937 489 969 Marklandi
518 935 715 969 emendatio
747 935 791 967 ad
808 938 892 967 Stat.
915 948 948 979 p.
976 936 1010 969 7.
1039 936 1172 967 Vestae
1193 934 1263 975 N.‚
1298 933 1356 978 qui
1389 933 1492 966 etiam
1517 945 1623 978 prae-

106 985 199 1018 clare
219 985 366 1017 advocat
398 995 517 1015 versus
543 983 604 1015 inf.
632 983 712 1017 296.
742 983 822 1016 297.
854 982 898 1014 cf.
930 981 1039 1013 lortin
1074 983 1226 1024 (Tmo-ts
1257 981 1357 1012 Tom.
1390 981 1431 1013 lI.
1460 993 1494 1025 p.
1527 979 1622 1022 465).

105 1031 238 1065 Firmat
256 1043 331 1063 eam
351 1030 461 1063 codex
479 1032 541 1063 Ge.
562 1028 735 1069 Fabricii,
759 1029 853 1060 forte
869 1028 1006 1070 etheo,
1032 1028 1127 1072 quod
1151 1027 1277 1067 Sinon,
1304 1026 1362 1071 qui
1391 1026 1458 1059 iam
1491 1026 1624 1059 Troia-

106 1091 168 1110 nus
200 1077 282 1110 civis
312 1076 425 1109 videri
451 1077 612 1115 volebat,
656 1087 780 1108 numen
809 1075 939 1107 Troiae
967 1075 1118 1107 tutelare
1146 1074 1296 1107 invocat.
1344 1074 1467 1106 Obstat
1494 1080 1623 1114 tamen,

106 1125 201 1169 quod
222 1125 289 1156 iam
311 1136 330 1157 a
350 1123 434 1156 viris
455 1123 569 1157 doctis
588 1122 774 1163 monitum,
800 1133 870 1154 non
893 1122 942 1154 ad
961 1120 1083 1154 urbem
1102 1129 1137 1153 et
1166 1133 1285 1153 arcem
1300 1146 1308 1161 ,
1340 1120 1375 1152 in
1405 1133 1471 1165 qua
1502 1133 1624 1153 serva-

105 1172 208 1204 batur
225 1183 321 1203 sacer
339 1170 430 1214 ignis
443 1196 452 1212 ,
477 1182 712 1209 conversum,
741 1169 804 1201 sed
827 1167 994 1201 manibus
1012 1169 1061 1201 ad
1082 1168 1206 1201 sidera
1225 1166 1382 1200 sublatis
1399 1167 1487 1200 haec
1506 1167 1623 1200 dicere

105 1218 279 1250 Sinonem.
305 1217 348 1250 cf,
375 1218 489 1250 Burm.
516 1217 641 1261 (Hand.
663 1216 707 1249 ad
728 1219 816 1248 Stat.
841 1219 874 1248 S.
898 1216 922 1253 Ι,
942 1216 999 1250 36.
1022 1227 1100 1259 pag.
1123 1214 1199 1249 84:
1237 1216 1338 1255 „Quo
1359 1213 1473 1246 minus
1502 1214 1624 1247 Mark-

104 1264 201 1298 landi
221 1263 499 1297 emendationem
524 1263 688 1308 probem,
727 1274 781 1294 me
804 1261 971 1306 impedit,
1007 1274 1076 1294 non
1105 1261 1211 1293 modo
1243 1261 1337 1305 quod
1362 1261 1470 1293 Sinon
1497 1261 1624 1294 dicitur

105 1312 151 1344 ad
181 1310 297 1344 sidera
314 1311 496 1343 sustulisse
518 1322 658 1349 manus,
697 1309 759 1342 sed
780 1308 926 1341 maxime
946 1308 1040 1353 quod
1066 1309 1198 1342 Vestae
1229 1307 1511 1340 commemoratio
1545 1314 1580 1340 et
1604 1320 1624 1341 a

106 1369 257 1403 persona
279 1364 314 1390 et
338 1371 357 1390 a
388 1357 594 1390 conditione
615 1356 708 1389 illius
735 1355 850 1388 aliena
884 1355 1068 1387 videtnr.“
1117 1355 1199 1387 Vid.
1226 1354 1330 1386 etiam
1362 1354 1458 1388 lahn.
1486 1354 1530 1387 ad
1557 1355 1622 1387 Ge.

106 1406 156 1445 11,
181 1402 262 1440 486.
292 1404 387 1448 Wr.)
484 1404 551 1439 156
577 1404 781 1448 vittaeque,
808 1403 915 1435 deam
935 1415 966 1447 q.
996 1401 1045 1434 ita
1064 1400 1292 1445 distinguitur
1313 1401 1348 1433 in
1368 1401 1511 1434 Mentel.
1531 1407 1566 1433 et
1588 1401 1623 1433 iu

105 1450 212 1485 Pierii
236 1451 359 1493 codd.,
389 1457 424 1483 et
446 1449 495 1484 sic
511 1451 579 1483 iam
603 1450 686 1483 olim
707 1449 909 1482 distinctum
927 1448 1039 1482 Servii
1060 1455 1233 1494 tempore.
1281 1448 1517 1493 Placebatque
1536 1449 1622 1480 Cer-

106 1498 173 1531 dae
194 1511 234 1531 ea
258 1498 362 1531 ratio.
411 1498 480 1530 Sed
503 1500 616 1531 vittae
638 1497 744 1529 deum
766 1502 846 1528 sunt
868 1495 993 1528 divinis
1021 1496 1126 1528 rebus
1155 1494 1346 1528 adhibitae.
1384 1495 1433 1540 (in
1462 1494 1623 1528 Mediceo

107 1552 187 1589 post
216 1545 323 1578 deum
352 1544 621 1589 interpungitur.
651 1542 746 1586 lVr.)
783 1551 818 1575 et
848 1544 1034 1588 vittaeque
1059 1542 1166 1576 Witt.
1263 1543 1329 1577 157
1363 1551 1504 1576 secreta
1524 1541 1623 1574 Leid.

108 1592 231 1624 Hamb.
254 1604 324 1624 sec.
348 1598 382 1623 et
404 1603 468 1635 pro
490 1604 562 1624 var.
583 1591 664 1623 lect.
686 1589 774 1622 alter
796 1590 917 1629 Leid.,
953 1589 1048 1634 quod
1081 1601 1099 1622 a
1131 1588 1294 1622 Couterio
1322 1589 1412 1621 male
1444 1589 1624 1622 defensum

106 1645 203 1671 recte
222 1637 346 1671 reiecit
364 1639 588 1671 Burmannus.
614 1637 806 1670 revolvere
830 1637 954 1669 Hamb.
985 1648 1039 1680 pr.
1064 1642 1100 1668 et
1125 1636 1263 1679 Menag.
1287 1634 1390 1668 alter.

108 1744 202 1782 Mox
256 1757 295 1782 v.
345 1744 426 1786 152
477 1743 580 1780 dolis
631 1744 842 1780 instructus

109 1801 369 1840 Homericum
403 1805 561 1840 κακοῖσι
589 1797 739 1840 δόλοισι
772 1816 840 1840 κε-

108 1858 330 1911 κασμένος,
380 1854 688 1912 κερδαλεόφρων
726 1858 837 1896 Iliad.

109 1918 154 1966 δ,
184 1919 279 1958 339.

171 1973 262 2016 154.
303 1974 466 2011 Aeterni
500 1974 613 2021 ignes
654 1972 726 2010 vix
771 1972 836 2009 alii

109 2043 191 2069 esse
214 2036 381 2082 possunt
409 2044 528 2080 quam
550 2030 631 2077 sol,
672 2030 766 2067 luna
796 2036 835 2067 et

109 2089 259 2137 sidera,
300 2088 348 2125 de
382 2088 526 2137 quibus
561 2093 600 2124 et
639 2089 751 2125 Serv.
792 2100 837 2123 ac

110 2147 288 2184 Donatus
309 2151 561 2197 acceperunt.
594 2159 683 2183 nain
700 2145 836 2196 paullo

109 2211 222 2242 ante:
252 2204 409 2240 sustulit
429 2204 486 2240 acl
508 2203 639 2240 sidera
656 2204 836 2253 palmas.

110 2262 159 2300 Iis
178 2261 473 2309 aeternitatem,
506 2274 673 2308 numen,
706 2266 746 2297 et
774 2260 837 2297 lo—

111 2333 201 2356 cum
227 2319 267 2356 in
297 2319 557 2356 iureiurando
585 2318 726 2367 tribui,
758 2317 837 2355 iam

111 2376 206 2413 satis
230 2382 384 2423 notum,
405 2382 444 2413 et
464 2377 602 2414 docuit
618 2377 836 2413 Burmann.

112 2433 163 2470 ad
199 2433 236 2470 h.
267 2433 290 2470 l.
361 2434 490 2470 Etiam
531 2448 609 2470 non
650 2432 838 2470 violabile

112 2491 210 2528 bene
231 2491 280 2527 ad
308 2491 473 2541 periurii
504 2492 697 2528 ultionem
721 2496 837 2528 retu-

113 2548 178 2596 lit3
209 2560 279 2598 per
297 2562 396 2597 quos
418 2562 531 2585 nemo
556 2548 813 2599 impunepeie
828 2569 839 2574 -

112 2612 196 2654 τοῖς
219 2605 348 2642 minus
367 2605 464 2642 benc
484 2606 644 2642 Servius
667 2603 838 2655 ἄφθαρ-

112 2679 182 2702 τον
204 2663 371 2713 exprimi
393 2663 572 2713 putabat.
636 2663 687 2699 l)e
711 2663 838 2699 Pena—

116 2721 222 2758 tibus
267 2726 335 2756 aut
374 2721 514 2757 Vestae
564 2721 669 2769 igne,
721 2732 837 2768 quein

115 2778 231 2814 etiam
251 2777 491 2828 Pomponius
513 2778 563 2813 ad
593 2777 630 2814 li.
661 2776 683 2813 l.
717 2790 838 2813 voca-

116 2836 194 2883 vit,
226 2835 292 2884 qui
312 2835 579 2873 Troianorum
610 2846 690 2870 esse
718 2834 839 2870 debe-

115 2899 200 2940 ret,
232 2893 301 2930 vix
324 2893 448 2930 Sinon
472 2893 578 2943 loqui
605 2893 686 2929 sine
710 2892 839 2941 aliqua

117 2950 364 2988 affectatione
385 2951 535 3002 potuit,
559 2949 735 3002 inprimis
747 2963 838 2987 cum

899 1758 995 1780 arae
1016 1757 1204 1794 ensesque
1217 1772 1226 1790 ‚
1261 1757 1360 1794 qnos
1380 1742 1501 1793 ι[ἲς-(ζα
1517 1771 1527 1789 ,
1561 1754 1624 1779 se-

898 1807 1088 1851 quantur,
1109 1800 1279 1850 quicum
1298 1800 1382 1837 istis
1401 1799 1497 1837 nihil
1513 1812 1624 1837 com-

898 1871 1018 1895 mune
1054 1857 1269 1895 habebant.
1317 1859 1366 1895 cf.
1409 1871 1494 1896 var.
1533 1857 1623 1894 lect.

898 1917 1047 1963 Ji'uses,
1084 1913 1280 1968 μάχαιρα,
1314 1914 1483 1969 σφαγὶς,
1515 1914 1625 1954 invi-

897 1974 1006 2011 diose
1022 1987 1096 2024 pro
1119 1973 1319 2023 singulari.

958 2033 1047 2072 157.
1080 2033 1251 2069 Sacram
1288 2032 1505 2067 Graiorum
1534 2032 1624 2066 iura

895 2094 1010 2137 sunl,
1057 2095 1195 2126 nostro
1238 2089 1387 2126 iudicio
1403 2118 1412 2136 ‚
1451 2086 1624 2125 civitatis

894 2146 974 2194 ius,
1007 2146 1146 2184 saltem
1168 2146 1228 2184 ius
1256 2158 1467 2184 commune
1491 2159 1623 2196 popu-

897 2204 1065 2251 larium,
1098 2204 1208 2254 quod
1228 2205 1417 2241 resolvere
1451 2216 1491 2240 se
1515 2203 1623 2251 dicit,

894 2267 941 2299 ut
952 2262 1089 2312 patriis
1100 2262 1249 2312 legibus
1262 2262 1416 2299 solutus
1428 2261 1469 2298 in
1479 2260 1624 2298 civita-

896 2325 976 2356 tem
996 2320 1209 2357 Troianam
1234 2325 1432 2366 transeat,
1454 2318 1624 2369 amplius

894 2377 971 2414 iam
993 2378 1168 2414 Graecus
1195 2392 1274 2414 non
1307 2378 1376 2423 sit,
1418 2376 1485 2413 sed
1519 2389 1624 2413 unus

894 2447 915 2471 e
942 2434 1135 2472 Troianis.
1166 2435 1300 2485 itaque
1329 2433 1510 2472 subiicit:
1538 2448 1620 2484 pa-

894 2493 992 2528 triae
1017 2500 1145 2529 teneor
1166 2507 1236 2529 nec
1261 2492 1416 2542 legibus
1435 2492 1543 2528 ullis.
1580 2491 1622 2528 ln

895 2547 1003 2585 hunc
1022 2549 1101 2586 sere
1123 2563 1294 2596 sensum,
1318 2555 1363 2586 nt
1385 2563 1406 2584 a
1427 2563 1496 2586 sua
1511 2548 1622 2599 quasi

895 2606 1021 2656 patria
1045 2613 1245 2656 tamquam
1276 2606 1423 2643 familia
1445 2619 1484 2642 se
1506 2606 1623 2642 abdi-

895 2669 982 2710 cet,
1015 2665 1158 2715 accipit
1181 2665 1370 2701 Donatus
1430 2663 1483 2700 At
1511 2664 1621 2701 Serv.

897 2727 936 2757 et
966 2721 1203 2772 Pomponius
1241 2721 1291 2758 ad
1333 2726 1623 2758 sacramentum

896 2778 1064 2814 militare
1090 2780 1290 2826 referunt,
1332 2778 1446 2829 quale
1474 2779 1617 2815 scilice!

897 2836 1001 2872 inter
1023 2837 1220 2873 Romanos
1240 2842 1344 2884 erat,
1366 2850 1446 2887 quo
1467 2836 1518 2873 ad
1537 2836 1623 2873 bel-

897 2892 979 2930 lum
1025 2894 1158 2930 exiens
1216 2895 1327 2932 miles
1377 2894 1622 2943 adigebatur.

895 2951 1148 2989 Burmannus
1170 2952 1295 2989 multo
1311 2952 1427 2989 etiam
1445 2950 1623 3002 argutius
