1827 3436
390 258 809 310 AENElDOs‘
850 259 1065 318 Llss.1,
1102 262 1390 309 590—‘594

1558 269 1645 312 181

149 386 532 449 Qualemanus
552 383 758 433 addunt
783 382 933 432 ebori
964 383 1141 446 decus,
1181 391 1268 430 aut
1287 383 1379 431 uhi
1402 382 1534 434 ssavo

146 460 438 519 Argentum
460 455 708 504 Pariusve
735 453 865 519 lapis
889 452 1246 503 circumdatur
1268 469 1409 503 auro.

146 529 284 574 Tum
307 524 379 572 sic
400 524 639 588 reginam
664 522 986 590 adloquitur,
1025 522 1333 588 cunctisque
1357 531 1579 589 repente

230 674 300 709 593
322 677 493 721 Argenta
514 686 567 718 pr.
589 675 714 708 Moret.
764 677 970 720 Parin-tque
993 674 1103 708 Wall.
1151 675 1398 707 circumdatus
1427 673 1529 706 codd.
1556 674 1647 716 apud

139 720 292 753 Servium
311 721 354 754 ad
371 725 457 755 Aen.
478 723 535 764 111,
563 722 640 757 126.

136 840 268 887 laeta}
293 840 483 891 fulgida,
514 840 582 881 lib.
624 841 733 889 VIII,
767 843 864 882 681.

136 894 354 949 (Handius,
372 897 452 936 iam
473 912 493 934 a
510 897 650 936 Iahnio
668 899 791 946 laud.,
814 898 864 936 ad

134 956 236 995 Stat.
268 956 307 995 S.
339 956 377 1003 I,
411 958 462 1004 2,
495 959 588 997 113.
618 957 675 995 ita
705 956 864 994 scribit:

134 1012 206 1060 „In
234 1013 419 1051 omnibus
442 1013 490 1051 iis
516 1013 624 1063 locis,
655 1015 697 1052 in
720 1014 864 1065 quibus

133 1070 257 1107 lzonsos
279 1077 349 1108 aut
369 1070 418 1108 de
445 1070 760 1123 pulchritudine,
793 1079 864 1110 aut

134 1127 183 1165 de
210 1129 383 1178 gratiosa
408 1128 600 1179 dignitate
628 1135 861 1182 usurpatur,

133 1185 284 1223 Statius
306 1199 453 1224 nomen
481 1187 670 1238 singulari
694 1201 861 1225 numero

130 1243 279 1294 posuit.
321 1244 443 1292 Quod
464 1250 546 1282 tam
568 1251 716 1283 certam
739 1245 862 1283 habet

131 1314 304 1349 causam,
317 1309 364 1340 ut
386 1302 503 1340 etiam
520 1303 569 1340 ad
582 1303 677 1340 alios
689 1303 862 1355 scripto-

130 1371 192 1395 res
205 1359 405 1409 pertinere
415 1360 599 1398 arbitrer.
613 1383 662 1388 —-
678 1361 862 1399 Unuslo-

131 1429 199 1453 cus
209 1416 361 1467 Virgilii
374 1418 472 1457 Aen.
489 1418 516 1466 l,
543 1418 641 1460 591.
660 1417 860 1456 dubitati-

130 1486 247 1512 onem
266 1488 428 1513 movere
441 1481 588 1526 posset,
604 1475 679 1513 nisi
691 1475 744 1513 ibi
763 1477 860 1514 aliae

128 1531 305 1569 rationes
326 1538 486 1584 poetam
511 1547 532 1570 a
558 1534 760 1572 communi
783 1548 860 1572 usu

129 1588 343 1626 deduxisse
369 1590 650 1630 viderentur.“
709 1591 859 1644 Nempe

127 1646 228 1684 solet
249 1647 302 1684 ita
327 1648 460 1685 varios
487 1661 693 1698 numerOS,
726 1650 859 1700 singu-

126 1703 253 1742 larem
297 1711 336 1742 et
381 1705 576 1756 pluralem
620 1720 857 1758 componere

127 1761 327 1813 Virgilius,
359 1762 443 1802 vid.
465 1763 508 1800 V.
522 1764 565 1804 L.
589 1764 638 1800 ad
662 1778 720 1804 vs,
739 1764 858 1814 427.;

126 1825 215 1857 tum
235 1819 390 1858 accedit
417 1822 533 1858 metri
558 1822 675 1870 ratio,
709 1821 757 1859 de
778 1836 856 1872 qua

125 1876 209 1917 vid.
245 1877 295 1925 Q.
328 1878 372 1915 V.
405 1878 525 1928 VIIII,
556 1882 605 1928 3,
637 1879 665 1927 Ι,
693 1893 728 1920 a.
756 1880 795 1920 b.
822 1894 855 1921 c.

130 1933 250 1988 Wr.)
291 1935 490 1986 afflarat,
525 1936 634 1987 quod
656 1936 856 1975 Homerus

125 1991 251 2041 dixit,
284 1992 505 2042 affuderat,
538 1994 721 2046 κατέχευε
738 1992 855 2049 χάριν

124 2052 287 2106 κεφαλῇ
305 2065 346 2090 τε
368 2050 437 2091 καὶ
463 2049 602 2104 ὤμοις.
625 2059 665 2090 et
683 2075 738 2081 —
757 2069 854 2093 κακ-

124 2110 308 2160 κεφαλῆς
368 2111 487 2159 χεῦεν
541 2108 647 2150 nom}
709 2107 854 2159 κάλλος

122 2159 290 2217 Ἀθήνη.
337 2165 511 2216 afflare,
543 2167 591 2204 ab
615 2167 729 2205 initio
754 2183 853 2220 pro—

121 2222 207 2273 prie
229 2222 381 2261 dictum
406 2224 569 2263 videtur
599 2225 649 2263 de
677 2226 755 2264 oris
779 2241 852 2264 an·-

121 2278 271 2329 helitu,
303 2294 382 2331 quo
405 2282 492 2332 quis
512 2288 583 2320 aut
606 2283 852 2332 crederetur,

122 2343 215 2387 aut,
255 2344 461 2389 tamquam
489 2340 709 2391 symbolico
746 2348 852 2391 actu,

121 2395 331 2434 videretur
379 2396 576 2448 inspirare
617 2398 729 2436 alteri
768 2399 850 2438 vim

121 2452 295 2503 aliquam
324 2459 395 2492 aut
426 2468 539 2492 suam
570 2462 642 2494 aut
667 2463 850 2509 praeter-

120 2511 360 2550 naturalem.
434 2512 493 2550 Ita
524 2511 666 2566 Apollo
697 2516 850 2553 afflasse

120 2575 311 2607 narratur
342 2581 410 2607 ore
439 2572 674 2621 nonnullos,
707 2573 850 2623 quibus

121 2625 329 2664 divinandi
366 2626 448 2664 vim
480 2628 716 2680 impertiret.
796 2631 851 2667 De

120 2684 276 2721 nutrice
296 2684 359 2723 vel
383 2691 511 2723 matre
534 2688 753 2726 nutricium
773 2687 850 2725 ha-

120 2739 194 2778 litu
223 2756 295 2779 suo
329 2742 490 2780 fovente
527 2743 680 2783 dictum
713 2751 772 2783 est
806 2746 848 2783 in

118 2796 279 2849 Hymno
311 2800 351 2837 in
379 2800 465 2838 Cer.
495 2804 578 2842 238
610 2810 650 2841 et
683 2804 725 2841 in
752 2803 848 2841 locis

118 2855 170 2892 ibi
201 2857 387 2895 laudatis.
456 2857 553 2896 Inde
586 2861 748 2899 omnino
777 2861 848 2912 as-

108 2913 219 2962 flare
273 2914 502 2966 contingere
551 2926 634 2966 est,
685 2918 848 2970 proprie

118 2971 277 3020 quidem
311 2972 475 3021 leviter,
514 2975 606 3024 quia
639 2982 847 3014 contactus

735 721 806 758 594
836 724 938 756 Tunc
957 721 1065 755 Goth.
1086 733 1138 766 pr.
1158 733 1233 754 cum
1251 720 1340 754 aliis.

923 839 1002 879 hoc
1021 853 1143 892 genus
1171 846 1251 887 est,
1283 852 1424 891 parum
1453 838 1525 875 sub
1556 850 1645 874 sen—

923 912 1011 937 sum
1041 898 1206 947 cadens5
1238 897 1372 948 itaque
1404 902 1442 934 et
1468 903 1576 933 vates
1607 903 1646 932 et

922 963 1063 1008 poetae
1089 956 1236 1007 afflari
1259 954 1469 1002 dicuntur,
1501 953 1644 1003 quippe

922 1016 1108 1062 contacti,
1137 1015 1331 1064 percussi.
1395 1013 1453 1050 Ita
1486 1018 1526 1048 et
1546 1011 1642 1061 sicl—

922 1086 1012 1108 men
1042 1071 1193 1122 afflare
1222 1070 1391 1118 dicitur,
1426 1075 1473 1107 ut
1501 1069 1568 1106 lib.
1598 1069 1643 1115 ll,

922 1128 1018 1171 649.
1059 1129 1147 1168 Alio
1176 1141 1293 1165 sensu
1316 1127 1467 1177 afflare
1498 1133 1536 1164 et
1565 1127 1643 1162 cul—

920 1189 1073 1237 spirare
1106 1201 1127 1224 a
1161 1185 1411 1237 navigatione
1448 1190 1487 1221 et
1522 1191 1643 1221 vento

920 1244 1097 1282 secundo
1151 1244 1318 1281 ductum
1368 1249 1435 1280 est.
1514 1241 1641 1278 Etiam

899 1301 1031 1340 aliud
1060 1309 1137 1350 est,
1179 1302 1210 1338 si
1239 1301 1287 1338 de
1323 1299 1641 1337 exhalationibus

919 1360 1118 1411 corporis,
1151 1358 1389 1406 ambrosiae,
1420 1359 1571 1408 spirare
1602 1364 1640 1393 et

917 1418 1068 1469 asstare
1092 1417 1242 1455 (lictum
1264 1415 1450 1453 occurrit.

974 1476 1071 1517 592.
1095 1475 1190 1516 593.
1222 1474 1368 1512 Versus
1388 1473 1480 1510 olim
1496 1472 1550 1509 sic
1571 1485 1639 1507 ac—

917 1532 1131 1584 cipiebam,
1163 1538 1209 1569 ut
1239 1533 1378 1579 alecus,
1412 1529 1454 1569 h.
1485 1543 1516 1567 e.
1547 1528 1640 1579 pul--

918 1589 1099 1638 critudo‚
1130 1589 1313 1627 iuvenilis
1344 1588 1451 1625 nitor
1475 1593 1514 1623 et
1541 1600 1638 1623 ocu-

915 1648 1047 1685 lorum
1066 1646 1249 1684 insolitus
1270 1645 1471 1697 splendor,
1489 1644 1639 1681 Aeneae

916 1711 1017 1742 esset
1043 1704 1201 1752 affusus,
1233 1704 1348 1754 quale
1381 1703 1500 1740 decus
1526 1699 1638 1753 (pul—

917 1762 1096 1812 critudo)
1121 1761 1223 1799 illud
1254 1768 1332 1807 est,
1364 1760 1471 1811 quod
1501 1773 1639 1796 manus

917 1819 1094 1873 (artifex)
1116 1819 1273 1857 addunt
1293 1818 1402 1856 ebori
1419 1818 1481 1856 vel
1498 1830 1638 1867 argen-

915 1885 958 1916 to
987 1878 1052 1916 vel
1079 1876 1269 1915 marmori
1300 1876 1435 1922 Pario,
1477 1874 1636 1925 quando

916 1950 1014 1974 auro
1059 1934 1356 1982 circumdatur,
1405 1932 1635 1970 includitur.

912 1993 974 2032 Ita
998 2007 1087 2031 cuin
1117 1993 1243 2030 lensio
1278 1992 1326 2029 de
1354 1991 1444 2028 stilo
1475 1990 1634 2029 Homer.

912 2066 952 2104 p.
972 2054 1056 2093 296
1085 2056 1224 2102 poetae
1256 2048 1448 2087 iudicium
1478 2047 1635 2084 deside-

912 2109 1064 2148 rabam.
1113 2110 1305 2146 lustemae
1328 2108 1460 2144 lumen
1470 2119 1634 2155 purpu—

909 2181 1020 2206 reum
1039 2172 1079 2204 et
1101 2166 1198 2203 laeti
1216 2165 1380 2202 honores
1397 2162 1524 2200 multo
1548 2162 1634 2212 plus

911 2223 1136 2276 splendoris
1184 2222 1331 2260 habere
1379 2220 1632 2266 videbantur,

912 2296 1030 2333 quam
1051 2295 1105 2329 ea,
1138 2280 1374 2331 quibuscum
1396 2290 1626 2329 comparan-

913 2347 980 2378 tur
1003 2352 1041 2377 ν.
1065 2340 1162 2381 592.
1188 2338 1282 2379 593.
1312 2336 1526 2374 Enimvero
1551 2334 1632 2372 vidi

909 2396 1100 2450 posthaec
1120 2394 1457 2447 comparationem
1468 2393 1521 2430 ita
1532 2392 1632 2429 male

908 2455 1027 2506 vulgo
1038 2453 1192 2492 institui
1204 2467 1213 2502 3
1230 2465 1354 2503 eoque
1366 2463 1532 2490 avocare
1542 2463 1631 2500 pra-

908 2527 1000 2551 vam
1018 2510 1396 2563 interpunctionem,
1415 2522 1505 2547 cum
1517 2508 1630 2559 plene

908 2576 998 2622 post
1005 2570 1168 2607 honores
1177 2567 1453 2618 distinguitur,
1469 2579 1549 2602 csse
1562 2579 1629 2616 po-

908 2629 987 2666 tius
998 2626 1338 2678 comparationem
1347 2623 1629 2662 retrahendam

908 2686 957 2723 ad
998 2685 1167 2722 Aeneam
1200 2683 1300 2721 nube
1333 2681 1627 2731 circum-simum,

908 2743 1018 2794 quod
1050 2744 1162 2780 clara
1193 2743 1236 2778 ιή
1266 2742 1352 2777 lace
1379 2739 1547 2788 νιῇὶιίείί,
1584 2743 1628 2773 ut

907 2815 1007 2853 opus
1020 2801 1083 2838 vel
1099 2804 1378 2837 ornamentum
1397 2796 1624 2840 eburneum,

907 2864 1136 2909 argenteum
1158 2857 1220 2894 vel
1241 2867 1506 2892 marmoreum
1529 2865 1624 2888 auro

904 2916 1124 2963 inclusum,
1166 2926 1284 2951 aurea
1319 2926 1386 2949 ora
1418 2909 1622 2954 ambiente,

906 2987 983 3024 qua
1032 2985 1082 3010 ex
1126 2971 1211 3009 auri
1249 2968 1457 3021 splendore
1497 2967 1621 3016 ipsum
