1811 3388
394 226 805 277 AENEIDOS
843 227 982 274 ΜΒ.
1023 227 1116 285 vl,
1161 232 1310 275 1-3

1496 234 1593 282 853

123 388 146 406 Ἰ

94 390 205 471 bic
224 419 363 468 fatur
383 419 687 482 lacrimans,
726 417 978 482 classique
1004 417 1221 466 inmittit
1242 417 1487 481 habenas,

89 492 156 539 Et
179 488 397 538 tandem
416 487 666 538 Euboi'cis
688 489 978 537 Cumarum
1002 486 1262 536 adlabitur
1283 487 1401 538 oriS.

93 558 397 608 Obvertunt
420 557 608 624 pelago
630 572 838 623 proras;

877 564 991 605 tum
1014 556 1174 606 dente
1201 558 1371 606 tenaci

186 676 238 718 (ln
266 674 377 715 libro,
402 674 457 707 cui
481 674 685 717 inscriptum
710 680 762 706 est
795 676 849 706 De
881 672 1030 718 informi
1056 673 1357 720 philosophorum
1389 681 1425 705 et
1455 681 1589 719 poeta-

89 721 267 763 rumstde
299 721 407 754 multa
440 733 516 754 cum
551 732 591 753 ex
625 719 701 753 aliis
737 719 985 764 scriptoribu3‚
1022 726 1094 752 tum
1129 732 1169 752 ex
1203 720 1352 763 Virgilio
1388 719 1588 752 afferuntur.

86 769 131 801 Et
154 767 216 800 fol.
241 767 380 811 quidem
406 768 450 802 78
477 779 554 812 sqq.
579 779 702 810 magna
726 779 807 810 pars
831 766 913 798 libri
937 766 1111 798 Aeneidos
1135 766 1221 798 sexti
1244 766 1393 810 legitur,
1426 766 1488 798 sed
1511 777 1588 798 mu·-

85 820 161 847 tato
187 814 244 846 hic
269 814 341 847 illic
366 825 525 846 versuum
550 814 682 847 ordine.
731 813 812 848 Vid.
837 813 978 845 Dronke
1002 812 1038 844 in
1062 813 1227 846 Seebodii
1260 814 1351 846 Nov.
1384 811 1474 846 Bibl.
1509 812 1586 845 crit.

85 862 128 893 T.
156 862 199 893 V.
224 860 305 894 vol.
331 861 356 893 Ι.
382 874 416 905 p.
444 861 521 895 185.
551 860 647 903 Wr.)

84 907 187 939 rioris
213 907 271 939 fini
297 907 505 949 subiiciunt,
529 919 560 939 v.
587 906 631 940 ad
657 918 687 939 e.
712 906 736 939 l.
764 913 798 939 et
822 906 878 938 hic
903 908 998 938 Serv,

83 953 274 986 tustissima
303 954 524 998 exemplaria.
548 952 616 986 vid.
642 952 763 987 Heius.
789 953 833 986 cf.
855 952 944 984 Pier.
970 952 1014 985 ad
1038 964 1070 986 v.
1095 954 1139 986 98
1166 964 1208 985 ex
1230 949 1353 996 Κύμη.

744 862 774 894 1.
800 861 823 894 2
850 861 897 891 De
922 859 976 891 his
1000 871 1127 901 verss.,
1160 870 1246 903 quos
1281 859 1339 891 alii
1369 859 1452 891 libri
1480 870 1586 903 supe—

1093 907 1116 940 2
1142 909 1329 950 Cyrum-um
1361 905 1488 950 passim
1523 917 1586 937 ve-

1458 952 1479 987 3
1514 950 1586 984 Ob-

83 1001 241 1033 tendant
262 999 352 1033 alter
374 1002 512 1044 Menag.
560 1013 640 1032 cum
665 1000 700 1033 d.
722 1011 791 1033 sec.
814 999 939 1032 Hamb.

145 1099 163 1134 1
190 1119 240 1123 ——-
264 1097 302 1136 8.
329 1092 416 1142 ⁰529
445 1091 549 1145 φάτο
577 1093 805 1147 δακρυχέων

82 1151 352 1190 Homericum.
398 1152 555 1190 Novum
578 1153 736 1191 clavum
759 1152 805 1199 ei,

82 1223 200 1260 quem
226 1210 436 1247 Palinurus
471 1210 513 1246 in
548 1223 656 1247 mare
686 1222 804 1260 prae—

82 1280 173 1318 ceps
209 1280 340 1304 secum
390 1267 579 1304 avellerat
619 1265 721 1319 (sup.
761 1267 803 1315 V,

81 1324 177 1365 588.
213 1323 336 1376 589),
385 1324 647 1362 substitutum
685 1324 804 1361 fuisse

81 1395 163 1418 non
197 1381 367 1431 dubito,
410 1381 478 1419 sed
510 1380 588 1418 hoc
616 1394 699 1419 non
731 1388 802 1430 est,

80 1439 204 1476 classi
223 1441 387 1476 immi-sit
416 1438 620 1484 haberzas;
662 1451 803 1476 verum

80 1496 310 1546 simpliciter
331 1502 497 1546 excepto
525 1495 622 1534 velis
649 1508 802 1546 expan-

79 1553 128 1590 sis
148 1560 291 1601 vento,
324 1567 483 1591 cursum
512 1553 675 1604 urgebat
701 1554 802 1590 clas-

78 1610 128 1647 sis
148 1616 185 1647 et
206 1624 348 1648 navem
364 1611 525 1661 regebat
545 1611 712 1658 Aeneas,
734 1611 801 1661 qui

77 1668 118 1704 in
157 1668 333 1705 Palinuri
368 1669 500 1706 locum
548 1674 799 1705 successerat.

76 1725 180 1762 Nota
205 1724 438 1776 metaphora
461 1725 508 1762 ab
536 1725 800 1775 aurigatione:

77 1797 197 1832 quam
215 1797 300 1834 sup.
325 1783 368 1830 V,
389 1786 471 1824 662
489 1782 536 1819 de
557 1783 715 1819 ssannna
736 1782 799 1820 vi—

77 1840 228 1878 dimus:
247 1841 356 1890 sitrit
378 1842 566 1877 immissis
590 1841 799 1878 Vulcanus

76 1897 250 1937 habenis.
283 1920 337 1927 —
369 1900 407 1938 2.
438 1896 625 1934 Euboicis
648 1897 798 1934 Cuma-

75 1969 162 1991 rum
185 1957 274 1991 oris.
309 1955 391 1992 Liv.
414 1954 513 2002 VIII,
537 1957 591 1994 22
628 1954 800 1991 Cumani

75 2011 126 2048 ab
160 2012 348 2048 Chalcide
382 2011 562 2047 Euboica
604 2013 797 2060 originem

76 2070 252 2105 trallunt.
300 2082 339 2105 v.
380 2068 539 2105 Cluver.
580 2067 665 2104 Ital.
713 2073 794 2104 ant.

74 2126 141 2163 lib.
171 2126 234 2173 IV,
264 2139 300 2176 p.
334 2127 441 2166 1102
482 2131 519 2162 et
558 2125 625 2174 qui
666 2137 794 2174 nuper

74 2183 189 2220 nimis
219 2194 381 2233 operose
410 2194 494 2218 rem
526 2187 793 2231 prosequutus

75 2246 135 2276 est
155 2239 341 2289 singulari
360 2239 561 2276 volumine
580 2238 793 2275 Mai-torel-

73 2297 135 2334 lus
166 2297 286 2347 Neap.
329 2295 421 2347 (Gli
445 2295 612 2332 Euboici
636 2295 795 2332 seconcli

74 2354 273 2391 Abitatori
293 2354 401 2389 della
429 2351 535 2390 Cim}
563 2353 607 2389 cli
637 2354 790 2401 [Vapo-

72 2411 136 2463 li).
201 2411 254 2447 De
273 2411 543 2447 conditoribus
561 2410 670 2447 locus
691 2410 790 2446 clas-

71 2469 175 2505 sicus
214 2482 273 2519 ap.
314 2467 497 2505 Strabon.
534 2466 578 2515 V,
618 2481 653 2517 p.
696 2469 789 2507 243.

71 2525 252 2576 Origines
294 2525 402 2562 urbis
444 2524 675 2562 antecedere
719 2523 786 2560 de-

72 2583 192 2620 buere
213 2582 386 2620 colonias
415 2582 563 2619 [enicas
591 2587 628 2618 et
655 2580 788 2618 Aeoli-

73 2653 148 2677 cas.
171 2653 209 2679 v.
231 2640 364 2677 Vellei.
383 2639 537 2679 Patere.
557 2639 584 2686 Ι,
618 2640 655 2678 4.
686 2638 788 2675 cons.

74 2696 318 2735 Wernsdors.
337 2698 379 2738 P,
403 2697 455 2733 M.
478 2697 520 2733 T.
549 2695 613 2743 lV,
638 2709 675 2746 p.
704 2697 786 2736 393

72 2766 127 2802 sq.
169 2752 300 2790 Habet
319 2767 381 2790 res
403 2753 667 2801 difficultates,
688 2764 788 2802 quae

71 2817 202 2847 tamen
224 2810 275 2846 ad
296 2816 432 2860 poetae
453 2810 658 2847 lectionem
690 2808 789 2846 nihil

71 2867 237 2904 faciunt.
305 2868 361 2904 Cf.
397 2867 565 2904 Simsoni
606 2865 789 2905 chronic.

69 2924 118 2961 ad
143 2923 187 2961 A.
209 2923 261 2961 M.
285 2923 407 2966 2954.
464 2922 496 2959 A
520 2923 665 2961 seriore
687 2930 791 2960 certe

862 1100 1042 1146 tempore
1064 1093 1115 1131 ad
1141 1092 1405 1144 antiquiorem
1432 1091 1584 1129 Aeneae

864 1158 1031 1189 aetatem
1052 1153 1194 1189 Cumas
1216 1164 1237 1187 a
1261 1149 1583 1187 Chalcidensibus

864 1209 1044 1246 conditas
1080 1208 1250 1246 retraxit
1291 1206 1485 1257 Virgilius.
1532 1207 1581 1244 cf.

864 1266 962 1304 Gell.
995 1267 1046 1314 X,
1083 1269 1145 1307 16.
1206 1264 1299 1317 (Vix
1344 1270 1451 1302 recte
1484 1262 1582 1300 haec

862 1324 1054 1375 prolepsis
1086 1328 1264 1361 vocatur.
1331 1321 1467 1368 Quum
1501 1333 1579 1369 eae,

861 1395 958 1431 quas
980 1381 1130 1419 Aeneas
1151 1379 1291 1430 attigit,
1321 1378 1476 1416 Siciliae
1498 1378 1579 1415 lta-

860 1438 1012 1488 liaeque
1043 1450 1134 1475 orae
1170 1451 1235 1485 eo,
1267 1449 1345 1486 quo
1373 1436 1453 1486 ipse
1478 1435 1580 1473 vixit

861 1496 1046 1546 Virgilius
1073 1500 1272 1546 tempore,
1305 1493 1486 1530 omnibus
1515 1505 1578 1528 es-

860 1559 948 1590 sent
968 1552 1215 1598 notissimae,
1245 1551 1401 1599 ineptus
1428 1550 1576 1598 suisset,

861 1612 893 1647 si
920 1610 1086 1647 obseura
1115 1608 1285 1659 quadam
1315 1608 1493 1644 locorum
1521 1607 1575 1643 si—

856 1667 1107 1718 gnificatione
1128 1696 1138 1714 ,
1196 1679 1275 1702 non
1315 1665 1406 1715 ipsis
1440 1677 1576 1701 eorum

857 1724 1083 1762 nominibus
1109 1723 1170 1761 uti
1195 1722 1401 1769 voluisset,
1450 1721 1576 1758 maio-

857 1795 940 1819 rem
959 1782 1077 1819 etiam
1096 1779 1344 1831 splendorem
1359 1784 1396 1816 et
1411 1778 1575 1828 gratiam

858 1839 1022 1876 carmini
1053 1851 1125 1875 suo
1153 1837 1364 1874 concilians
1400 1841 1462 1873 tot
1494 1836 1573 1872 cla-

856 1910 995 1934 rorum
1017 1896 1195 1933 locorum
1222 1894 1421 1931 mentione
1443 1892 1572 1929 inter-

854 1954 995 2004 posita.
1054 1952 1186 1998 Adde,
1219 1964 1318 2000 quae
1348 1949 1572 2000 scripsimus

854 2011 895 2047 in
918 2011 961 2048 V.
986 2011 1025 2046 L.
1048 2009 1097 2046 ad
1128 2009 1192 2056 ΙΙΙ,
1214 2010 1328 2048 69Ο.;
1361 2007 1436 2055 „Et
1465 2007 1569 2043 mul—

852 2073 918 2104 tus
946 2080 1067 2117 quum
1091 2066 1141 2103 sit
1179 2065 1402 2116 prolepseos
1444 2065 1568 2100 usus“

851 2132 923 2161 cet.
976 2122 1087 2174 lVr.)
1174 2125 1211 2162 3.
1254 2120 1487 2173 (Obvertunt
1513 2141 1568 2148 -—

848 2195 1012 2230 proras:
1046 2179 1188 2230 puppis
1205 2178 1347 2229 quippe
1366 2176 1473 2214 litori
1493 2176 1567 2213 ob-

850 2250 987 2286 versa,
1028 2237 1081 2273 ibi
1122 2236 1224 2273 enim
1256 2234 1565 2285 gubernaculum

849 2295 952 2343 suit,
989 2294 1060 2331 cfr.
1091 2292 1253 2330 Grotius
1281 2299 1320 2329 et
1348 2292 1484 2329 Elsner
1514 2291 1564 2328 ad

849 2352 933 2389 Act.
958 2351 1093 2401 Apost.
1125 2349 1287 2397 XXVII,
1315 2348 1401 2397 40.;
1435 2354 1473 2385 et
1498 2361 1564 2385 re-

848 2409 922 2445 mis
950 2408 1125 2445 inhibitis
1162 2407 1303 2458 puppis
1339 2405 1561 2457 appellitur.

848 2466 1025 2516 Remiges
1057 2478 1217 2516 proram
1249 2469 1339 2515 post
1369 2476 1408 2500 se
1438 2462 1561 2500 habe-

846 2523 962 2572 bant;
1001 2523 1103 2560 Plut.
1134 2521 1216 2559 Vol.
1257 2520 1362 2561 XIV.
1394 2535 1431 2571 p.
1468 2523 1559 2560 199.

846 2579 1028 2617 Iluttena
1050 2592 1171 2629 quare
1189 2579 1420 2629 plerumque
1437 2576 1560 2627 puppi

847 2637 1138 2689 appellebatur,
1176 2636 1354 2687 inprimis
1382 2642 1559 2684 tempore

844 2694 1027 2743 heroico,
1056 2707 1175 2745 prora
1193 2694 1232 2730 in
1262 2705 1370 2730 mare
1401 2697 1556 2742 specta-

844 2753 946 2800 bat,
993 2758 1039 2788 ut
1083 2750 1235 2789 facilior
1276 2756 1374 2786 esset
1416 2748 1555 2784 abitus.

845 2809 963 2847 Plura
1001 2815 1095 2845 sunt
1122 2806 1292 2859 petenda
1325 2819 1344 2842 e
1380 2806 1553 2842 Gronov.

847 2866 958 2903 Obss.
979 2865 1042 2912 IV,
1074 2868 1161 2911 26,
1189 2864 1252 2901 cui
1285 2860 1552 2899 Ilemsterhus.

851 2922 902 2960 ad
935 2922 1093 2959 Lucian.
1130 2922 1157 2958 Ι.
1197 2935 1232 2971 p.
1268 2922 1348 2960 259
1374 2932 1428 2968 sq.
1470 2917 1550 2967 Bip.
