1779 3420
165 229 266 274 308
497 224 550 271 P.
591 221 956 271 VIRGlLlI
998 217 1376 268 MARONIS

165 352 402 398 Hectore
421 388 433 411 ‚
475 348 564 413 qui
585 346 726 395 redit
750 346 954 395 exuvias
980 343 1198 392 indutus
1219 343 1424 404 Achilli,
1591 348 1693 397 275

166 419 264 471 Vel
283 422 533 468 Danaum
552 417 808 479 Phrygios
830 413 1080 463 iaculatus
1104 413 1373 480 puppibus
1398 414 1553 477 ignis!

168 489 519 555 Squalentem
553 487 801 543 barbam„
842 493 893 532 et
927 493 1209 532 concretos
1232 484 1486 547 sanguine
1521 483 1691 545 crinis,
1722 512 1733 520 κ

165 558 507 624 Volneraque
524 557 610 605 illa
635 571 850 620 gerens,
877 570 1014 619 quae
1037 554 1235 603 circum
1252 553 1479 619 plurima
1505 570 1691 602 muros

165 628 389 694 Adcepit
412 629 622 693 patrios,
696 625 847 676 Ultro
876 623 1011 672 flens
1034 623 1147 689 ipse
1167 623 1386 672 videbar

170 697 492 764 Compellare
548 697 744 757 virum,
814 703 865 742 et
922 702 1149 742 maestas
1213 710 1531 759 expromere
1590 708 1689 740 vo-

955 780 1064 813 ces:
1588 768 1689 814 280

171 839 219 887 O
248 837 333 886 lux
355 835 678 899 Dardaniae,
715 850 836 900 spes
859 850 890 882 o
916 832 1170 882 fidissima
1194 836 1483 895 Teucrum,

255 967 324 1002 275
350 966 493 998 exuviis
511 964 649 1008 aliquot
669 975 725 1008 ap.
745 964 834 996 Pier.
858 969 894 995 et
913 964 1027 996 Bul-m.
1076 963 1252 996 inductus
1281 962 1416 1006 aliquot
1440 962 1533 1007 apud
1554 968 1689 994 utrum-

165 1024 244 1057 que.
293 1013 432 1045 Achilli
449 1012 567 1044 Heius.
588 1023 663 1043 cnm
683 1010 888 1043 melioribus
912 1010 1017 1043 etiam
1042 1009 1076 1042 h.
1094 1010 1117 1043 l.
1169 1009 1232 1054 (sic
1256 1010 1359 1042 etiam
1391 1010 1425 1044 3.
1456 1015 1490 1041 et
1521 1010 1553 1043 8.
1594 1009 1688 1051 lVr.)

163 1060 280 1103 Vulgo
301 1060 457 1093 Achillis
479 1060 529 1103 (ut
546 1058 655 1091 I'alat.
688 1059 782 1100 JVr.)
811 1064 846 1090 et
868 1058 1028 1090 Achillei
1063 1058 1115 1100 (ut
1135 1056 1178 1090 fr.
1213 1058 1292 1089 Vat.
1333 1055 1442 1099 lVr.).
1478 1056 1521 1088 cf.
1551 1068 1627 1100 sup.
1661 1057 1689 1097 I,

162 1108 218 1141 30.
246 1106 406 1149 (Bothius
424 1106 459 1138 in
484 1106 583 1148 Virg.
603 1104 801 1149 Virgiliano
833 1117 868 1149 p.
903 1105 957 1139 13.
993 1103 1153 1145 coniicit,
1188 1103 1269 1148 qnia
1295 1110 1462 1147 sequatur
1492 1104 1688 1143 iaculatus,

163 1154 256 1197 quod
278 1154 324 1186 sit
345 1153 532 1185 iaculatus
555 1160 648 1192 est,
677 1151 863 1196 Virgilium
884 1151 1085 1196 scripsisse:
1113 1152 1193 1196 qui
1214 1151 1368 1183 exuvias
1387 1163 1405 1182 r
1419 1150 1495 1182 edi
1507 1151 1545 1182 it
1574 1150 1687 1182 indu-

164 1208 226 1232 tus
256 1201 365 1239 Aclz.;
410 1205 469 1231 aut
508 1199 611 1231 etiam
646 1200 807 1243 proximo
835 1211 882 1231 vs·
914 1199 1086 1231 Praesens
1115 1210 1192 1230 esse
1219 1197 1459 1241 reponendum
1488 1197 1687 1229 iaculatur.

164 1246 253 1279 Illud
272 1247 450 1290 inelegans
474 1253 527 1278 est
552 1246 596 1278 ob
618 1246 740 1278 duram
761 1245 958 1285 elisionen15
989 1246 1057 1278 hoc
1074 1257 1145 1278 non
1163 1244 1396 1277 necessarium
1410 1270 1418 1283 ‚
1454 1243 1535 1287 quia
1563 1243 1607 1275 ad
1628 1245 1687 1276 ia—

164 1294 312 1326 calatus
330 1293 560 1337 repetendum
581 1294 717 1338 estqui
752 1294 859 1325 redit.
909 1293 1071 1325 Ceterum
1102 1291 1172 1324 vid.
1200 1292 1286 1324 Not.
1316 1291 1361 1324 ad
1389 1294 1473 1323 Aen.
1506 1292 1531 1331 1,
1559 1291 1615 1324 99.
1648 1296 1688 1322 et

162 1340 260 1373 Jahn.
282 1341 317 1373 h.
336 1340 359 1373 l.
391 1339 488 1381 IVr.)
584 1341 655 1374 276
680 1341 884 1373 iaculatum
907 1339 1014 1372 Goth.
1033 1351 1085 1383 pr.
1182 1338 1251 1373 277
1278 1346 1313 1371 ec
1327 1338 1428 1370 abest
1441 1339 1562 1370 Franc.
1597 1350 1686 1370 con-

163 1396 335 1432 cretoqae
354 1399 409 1431 qu.
429 1388 558 1420 Moret.
608 1395 643 1418 et
661 1395 829 1419 concreto
851 1399 879 1419 s.
903 1389 1038 1430 Menag.
1062 1398 1114 1431 pr.
1151 1398 1170 1418 a
1203 1391 1361 1425 m.’sec.‚
1389 1385 1483 1428 quod
1512 1384 1687 1428 vulgarius

162 1441 266 1466 esset.
288 1434 379 1467 conf.
402 1435 517 1467 Burm.
611 1435 681 1469 278
712 1434 878 1467 Vulnera
897 1434 964 1466 illa
980 1433 1080 1466 Leid.
1128 1432 1284 1465 vulnera
1303 1440 1338 1464 et
1357 1432 1425 1464 illa
1444 1432 1557 1475 Bigot.
1599 1431 1687 1464 vul-

161 1493 323 1526 ueraque
342 1482 424 1526 ipsa
444 1482 567 1513 Frane.
595 1487 631 1512 et
651 1481 758 1514 Witt.
778 1484 863 1513 Stat.
883 1482 929 1513 III
950 1481 1066 1514 Theb.
1097 1479 1167 1514 364
1198 1479 1436 1524 Vulneraque
1456 1481 1529 1512 ista
1553 1477 1687 1524 ferens

158 1529 264 1574 putri
290 1529 469 1560 insiccata
497 1540 640 1560 cruore.
678 1528 936 1572 (volneraque,
977 1527 1045 1568 sic,
1075 1526 1187 1559 Palat.
1231 1525 1326 1568 lVr.)
1422 1527 1492 1561 280
1518 1527 1688 1558 Incertas

162 1587 243 1620 exp.
263 1574 385 1618 fragm.
411 1575 537 1606 Morct.
587 1583 744 1607 moestas
763 1587 931 1619 promere
954 1575 1037 1607 Exc.
1057 1576 1170 1606 Burm.
1193 1579 1228 1605 et
1248 1573 1384 1615 Menag.
1409 1573 1499 1605 alter
1518 1585 1538 1605 a
1555 1585 1599 1604 m.
1617 1583 1686 1604 sec.

161 1621 231 1653 has
247 1633 418 1666 promere
436 1621 550 1664 Bigot.
600 1621 791 1665 effundere
814 1622 953 1664 Menag.
984 1634 1037 1666 pr.
1065 1622 1192 1653 Moret.
1225 1632 1281 1663 qu.
1332 1619 1481 1662 Vulgata
1517 1625 1570 1651 est
1595 1618 1687 1663 apud

161 1667 313 1699 Nonium
340 1667 374 1699 in
405 1676 576 1700 moe-stas.
673 1669 739 1702 281
777 1668 994 1700 Dardanide
1029 1668 1119 1700 alter
1154 1667 1342 1708 Hamburg.
1378 1673 1410 1698 et
1446 1668 1578 1701 Franc.
1612 1678 1692 1710 um„

162 1714 270 1746 Goth.
291 1727 359 1746 sec.
382 1721 416 1746 et
437 1720 518 1746 tert.
571 1714 827 1757 (Dardanidae
856 1714 933 1746 Alb.
974 1715 1067 1758 JVr.)
1117 1713 1375 1746 Dardanidum
1405 1713 1537 1757 aliquot
1572 1717 1679 1757 Pierii
1697 1742 1705 1750 ·

162 1773 245 1806 spes
265 1774 284 1793 ο
304 1762 535 1793 sanctissima
555 1761 671 1793 Schol.
693 1761 817 1804 Cruqu.
840 1761 978 1793 Horatii
1001 1763 1102 1794 [Sat.
1131 1762 1152 1794 7
1184 1767 1218 1791 et
1252 1761 1299 1792 IV
1328 1759 1392 1791 Od.
1418 1761 1453 1794 5.
1501 1761 1570 1793 Sed
1603 1770 1659 1798 vul
1696 1760 1701 1763 ¹
1748 1764 1756 1770 ³

162 1813 277 1851 gatam
299 1807 400 1839 etiam
420 1808 575 1839 Macrob.
602 1809 648 1839 IV
670 1811 741 1840 Sat.
763 1810 786 1842 2
808 1808 928 1840 habet.
967 1809 1169 1851 Jidissama
1186 1806 1342 1838 scribunt
1359 1806 1462 1838 codd.
1497 1807 1680 1850 antiquio-

162 1866 219 1886 res
235 1867 290 1899 ap.
314 1854 484 1895 Pieriam,
509 1860 544 1886 et
561 1854 596 1886 in
620 1855 915 1898 unofirmissima
934 1854 1221 1900 velsortissima.

163 1960 326 1999 Servius
344 1960 493 1999 docuit.
555 1961 687 2009 Quam
712 1961 893 1999 diversus

163 2018 212 2055 ab
234 2031 279 2055 ea
302 2019 427 2070 specie
442 2049 451 2067 ,
483 2033 559 2069 qua
587 2019 745 2057 redibat
763 2020 893 2057 victor

163 2076 356 2124 Patrocli,
389 2083 429 2114 et
451 2091 530 2114 una
554 2078 630 2115 iam
653 2083 770 2114 antea
789 2090 893 2114 nave

162 2132 411 2172 Achivorum
428 2134 599 2173 incensa.
660 2136 707 2173 cs.
726 2135 892 2172 Excurs.

951 1963 1091 2007 crines,
1119 1960 1282 1999 foedum
1299 1959 1472 2011 quidem,
1493 1959 1563 1997 sed
1575 1958 1685 2009 quod

951 2019 1162 2057 horrorem
1194 2033 1276 2056 non
1304 2019 1436 2057 minus
1465 2031 1584 2068 quam
1608 2016 1685 2054 mi—

953 2077 1190 2115 serationem
1209 2077 1338 2114 sacere
1366 2082 1497 2126 queat.
1558 2076 1684 2112 Porro

953 2137 1036 2176 278
1074 2136 1237 2172 vulnera
1273 2134 1437 2172 omnino
1470 2134 1510 2171 in
1542 2132 1682 2185 pugnis

162 2190 285 2229 VIII*.
316 2195 385 2243 qui
401 2193 501 2229 redit
520 2207 594 2244 pro
625 2193 752 2243 qualis
784 2192 894 2230 redi—

162 2250 252 2298 bat,
282 2250 414 2287 redire
435 2251 608 2298 solebat,
641 2249 801 2303 (salsum
817 2250 895 2288 hoc

163 2310 288 2344 redire
310 2307 480 2356 solebat,
509 2309 591 2346 vid.
613 2309 704 2347 Not.
726 2308 775 2345 ad
797 2307 893 2346 Aen.

166 2364 193 2411 I,
219 2367 284 2404 99.
316 2364 432 2418 er.)
475 2367 609 2417 paullo
638 2367 895 2415 insolentius;

165 2427 205 2458 et
226 2421 292 2458 ins.
317 2425 398 2462 279
422 2427 576 2473 acc-epti
591 2454 599 2470 ‚
634 2439 708 2475 pro
729 2437 893 2475 accepe-

164 2485 253 2527 rat3
287 2482 433 2529 poetica
449 2510 458 2527 ,
486 2481 605 2518 etiam
627 2496 788 2532 graeca,
811 2481 892 2519 sal-

166 2542 246 2573 tem
270 2536 503 2584 Homerica,
535 2545 752 2577 structura.
793 2554 893 2575 exu-

165 2595 254 2631 vias
298 2594 497 2641 Achillis,
563 2610 670 2633 arma
718 2596 893 2633 Achillea

166 2651 349 2688 Patroclo
368 2651 566 2689 detracta:
599 2654 708 2690 Iliad.
733 2671 768 2704 ρ,
802 2654 893 2694 194.

165 2710 367 2746 Danaum
401 2710 635 2759 puppibus,
688 2712 728 2748 in
774 2724 894 2749 naves

166 2765 424 2804 Achivorum.
478 2768 638 2818 respicit
668 2770 894 2819 ναυμαχίαν

169 2823 277 2861 Iliad.
309 2840 333 2863 v
365 2838 447 2873 sqq.
476 2831 515 2861 et
546 2842 595 2871 π,
655 2829 737 2866 122
778 2822 890 2865 τοὶὸ’

167 2880 342 2933 ἔμβαλον
408 2877 620 2934 ἀκάματον
676 2886 757 2933 πῦρ
811 2885 896 2934 Νηῒ

952 2207 1043 2231 cum
1063 2191 1222 2230 Achivis
1243 2193 1355 2229 factis
1375 2198 1534 2242 accepta
1556 2192 1684 2228 inter-

952 2251 1161 2302 pretabar3
1216 2263 1327 2287 nunc
1372 2250 1550 2300 intelligo
1586 2247 1684 2285 haec

953 2323 1034 2346 non
1052 2308 1269 2346 convenire
1290 2321 1380 2345 cum
1399 2308 1557 2355 ceteris,
1583 2318 1684 2356 quae

953 2366 1248 2404 miserationem
1269 2366 1397 2403 facere
1411 2366 1577 2412 debent;
1597 2377 1680 2400 me-

950 2424 1106 2475 liusque
1132 2423 1276 2461 referri
1304 2436 1347 2460 ea
1380 2423 1430 2460 ad
1462 2420 1507 2463 ‘cd
1540 2422 1682 2469 αἰκίζε-

952 2487 1074 2525 σθαι,
1120 2480 1347 2518 vulneribus
1382 2481 1556 2531 ΔῘὸθαάίω
1595 2495 1681 2516 cor-

948 2554 1043 2590 pore
1061 2541 1169 2576 eaesi
1189 2541 1375 2575 {lenioris
1398 2538 1450 2574 al)
1471 2551 1681 2575 accurren-

953 2597 1055 2634 libas
1080 2596 1279 2634 Achivis:
1312 2609 1348 2633 v.
1380 2595 1492 2634 Iliad.
1521 2611 1555 2646 χ,
1585 2597 1680 2636 369.

952 2654 1154 2692 adiunctis
1204 2660 1338 2690 tamen
1404 2651 1682 2689 laniationibus

951 2719 1083 2750 tracto
1143 2711 1247 2748 circa
1305 2724 1440 2747 muros
1497 2722 1681 2760 corpore:

953 2768 1280 2820 quandoquidem
1308 2767 1508 2805 adiectum
1535 2769 1683 2805 circum

953 2842 1085 2865 muros
1116 2828 1301 2876 patrio-95
1351 2831 1391 2862 et
1426 2825 1559 2876 paullo
1592 2830 1682 2876 post

952 2899 990 2923 v.
1013 2887 1108 2927 286.
1126 2884 1225 2920 haec
1247 2884 1409 2920 volnera
1428 2889 1520 2935 post
1542 2882 1682 2921 verba:

166 2941 255 2994 θοῇ
263 2961 318 2967 -
331 2969 338 2976 .
365 2941 460 2980 277.
481 2948 676 2977 eom-relos
695 2943 893 2989 sanguine
939 2942 1131 2992 sbedavit
1149 2941 1291 2978 voltus,
