1779 3420
54 249 157 299 356

388 248 443 297 P.
487 246 848 297 VIRGILII
886 243 1265 295 MARONIS

55 373 328 440 Optabam
364 373 603 440 primum
643 371 871 436 montiS,
928 371 1279 440 primumque
1314 372 1588 441 petebam,

53 445 299 509 Abnegat
325 445 490 493 excisa
515 445 677 493 vitam
700 442 1007 509 producere
1030 444 1209 507 Troia,

52 515 418 582 Exsiliumque
443 515 564 582 pati.

636 517 748 566 Vos
770 530 818 577 O,
859 512 1053 579 quibus
1074 513 1284 579 integer
1303 516 1416 564 aevi

57 586 304 650 SanguiS,
344 586 436 644 ait„
477 584 792 650 solidaeque
817 600 915 633 suo
942 592 1082 634 stant
1104 585 1308 636 robore
1326 586 1480 650 vireS,

53 660 164 707 Vos
195 657 383 721 agitate
416 654 613 720 sugam.

1485 660 1588 709 640

51 730 142 777 Me
167 727 207 775 si
232 725 520 775 coelicolae
543 725 838 774 voluissent
858 723 1058 774 ducere
1080 724 1267 776 vitam:

51 800 157 846 Has
176 796 308 846 mihi
334 805 631 845 servassent
653 794 823 846 sedeS.

899 796 1033 844 Satis
1058 812 1165 845 una
1190 812 1463 863 superque

51 867 298 920 Vidimus
321 867 541 925 excidia,
583 875 635 916 et
663 875 845 932 captae
870 867 1240 932 superavimus
1263 866 1397 918 urbi.

53 939 139 988 Sic
163 955 211 1000 o,
250 938 322 986 sic
349 938 587 1003 positum
616 935 777 985 adfati
802 935 1062 987 discedite
1090 954 1300 1003 corpus,

49 1011 171 1076 Ipse
221 1024 385 1057 manu
425 1016 664 1058 mortem
706 1007 991 1060 inveniam.

143 1183 213 1220 636
234 1185 375 1230 primos
396 1185 531 1217 montis
548 1187 668 1229 Sprot.

1093 1006 1440 1058 Miserebitur
1484 1006 1586 1056 ho-

845 1078 951 1142 stis,
1481 1081 1586 1131 645

764 1184 835 1219 637
861 1185 1025 1216 exscissa
1043 1182 1168 1216 malint
1198 1183 1359 1216 Guellius
1393 1190 1429 1217 et
1461 1183 1586 1224 Cerda,

49 1231 128 1277 quia
151 1233 330 1264 excidium
350 1230 432 1264 inde
455 1232 534 1263 duci
556 1232 691 1265 debuit.
741 1232 812 1264 Sed
836 1239 1019 1276 utrumque
1043 1231 1182 1263 dicitur.
1202 1244 1235 1264 v.
1258 1231 1319 1264 inf.
1341 1232 1385 1264 ad
1414 1232 1474 1274 lV,
1504 1232 1585 1266 425.

50 1280 101 1323 (et
123 1279 250 1311 Duker.
269 1279 313 1311 ad
332 1279 426 1311 Flor.
448 1291 482 1322 p.
505 1279 584 1313 243.
608 1279 744 1312 ahbn.
768 1278 862 1312 lmd
895 1280 990 1321 Wr.)

521 1328 590 1362 639
618 1339 773 1373 corpore
790 1325 967 1367 Purhffi
992 1325 1095 1358 mile.

48 1383 134 1407 tate
151 1374 325 1406 secundm
342 1373 528 1418 suppletus
556 1386 675 1406 versus
698 1374 733 1406 in
756 1375 880 1407 F.ranc
907 1386 947 1406 ex
970 1373 1031 1405 lib.
1055 1375 1081 1414 1,
1099 1374 1182 1407 207.

45 1421 91 1454 tis
110 1423 224 1453 Burni.
246 1421 330 1453 dees
334 1428 357 1454 t.
385 1421 467 1463 (vid.
494 1424 537 1462 Q.
560 1423 602 1455 V.
624 1423 703 1459 XII
730 1423 785 1456 15.
816 1428 905 1454 extr.
938 1421 1034 1456 [Vm

47 1327 182 1359 ducere
206 1338 275 1358 sec.
297 1328 374 1358 Mm
379 1333 422 1359 et.

1043 1278 1187 1311 (ιὺεειεα
1207 1278 1299 1311 alter
1320 1279 1446 1312 Humb.
1490 1291 1584 1324 per-

1190 1325 1261 1361 640
1295 1335 1330 1358 et
1362 1325 1473 1359 rebus
1502 1338 1585 1358 ser-

1279 1374 1348 1409 643
1375 1382 1410 1406 et
1437 1373 1471 1405 in
1492 1373 1585 1405 mul-

1133 1422 1203 1456 644
1228 1421 1398 1453 Abfuerat
1417 1421 1460 1453 ab
1482 1419 1584 1453 initio

46 1468 104 1501 hie
122 1480 243 1501 versus
263 1480 281 1500 a
304 1468 480 1501 Mediceo.
508 1469 559 1511 (iu
580 1469 738 1513 margine
758 1468 927 1501 inferiore
948 1468 1110 1513 appictus
1125 1493 1135 1508 ‚
1162 1468 1264 1509 loco,
1297 1468 1357 1500 ubi
1377 1468 1585 1500 inserendus

46 1516 109 1558 sit,
134 1515 286 1548 literulis
305 1522 444 1548 notato.
476 1515 570 1559 ll'r.)
621 1517 794 1549 dimittite
815 1528 867 1560 pr.
897 1516 1022 1548 [lamb.

1119 1515 1189 1550 645
1228 1515 1466 1548 miserabitur
1494 1516 1584 1548 Ven.

46 1570 83 1596 et
115 1565 245 1596 Moret.
279 1574 350 1596 sec.
399 1566 451 1595 An
480 1563 600 1608 placet
631 1564 905 1608 interpungere:
948 1565 1035 1609 Ipse
1065 1575 1176 1595 manu
1211 1572 1361 1596 mortem
1385 1563 1584 1602 inveniam,

45 1609 300 1651 miserebitur,
327 1611 466 1649 hosti83
493 1613 730 1655 Exuviasque
748 1619 862 1657 petet.
907 1616 946 1642 ut
978 1611 1121 1653 iungas:
1160 1622 1271 1642 manu
1296 1611 1425 1643 hostis.
1476 1612 1583 1654 (Usus

44 1657 214 1702 loquendi
237 1668 307 1689 non
327 1657 482 1702 patitur,
510 1665 548 1690 ut
570 1658 737 1690 hostilem
758 1670 896 1690 manum
916 1657 1179 1701 intelligamus,
1214 1669 1278 1689 nec
1310 1657 1494 1690 commoda
1522 1657 1584 1690 illa

44 1704 340 1749 interpunctionis
360 1705 521 1738 mutatio.
572 1707 625 1737 Μ
627 1718 691 1738 ιηιι
712 1713 864 1737 mortem
883 1717 948 1737 tnz
952 1717 1073 1745 entre,
1097 1716 1167 1736 non
1190 1704 1368 1736 adiectoo
1348 1703 1505 1748 genitivo
1524 1711 1584 1737 aut

45 1752 260 1796 Ριοι1ο111111θ
282 1751 505 1796 possessivo,
541 1753 655 1785 valet:
692 1764 769 1784 sua
799 1764 901 1784 manu
927 1759 1076 1784 mortem
1107 1751 1285 1793 invenire,
1320 1751 1412 1784 sive:
1444 1763 1585 1784 manum

45 1799 113 1832 sibi
134 1799 276 1831 inferre.
326 1798 460 1832 Firmat
482 1800 573 1832 hanc
598 1799 871 1844 explimtionem
891 1799 1069 1831 adiectum
1092 1810 1289 1842 pionomen
1319 1800 1408 1844 ipse.
1457 1799 1583 1844 Neque

45 1846 137 1879 enirn
152 1848 232 1893 ipse
255 1845 289 1878 h.
301 1845 324 1879 l.
346 1846 392 1879 ad
413 1846 679 1891 distinguendas
700 1858 872 1891 peisonas
897 1852 1048 1891 spectat,
1077 1853 1116 1878 ut
1135 1845 1165 1878 is
1184 1847 1229 1879 sit
1250 1857 1393 1880 sensus:
1420 1857 1483 1879 vos
1505 1846 1583 1879 dis-

44 1941 98 1980 acl
116 1941 264 1980 Anton.
287 1941 371 1980 Lib.
401 1955 434 1980 c.
457 1945 526 1984 29.
569 1939 627 1994 (et
650 1942 785 1981 Wun-
846 1940 913 1996 (ab
934 1941 1109 1980 Hercule
1138 1947 1307 1994 propter
1328 1942 1583 1981 Laomedon—

44 2000 143 2038 derl.
167 2000 209 2038 in
231 2000 325 2038 Obs.
344 2001 387 2038 in
410 2000 557 2039 Tibull.
580 2001 611 2050 Ι,
643 2004 680 2050 6,
716 2000 783 2043 43.
843 2001 895 2039 tis
927 1999 1155 2054 perfidiam)
1193 2007 1465 2052 expugnatam
1496 2001 1583 2040 vidi

44 2073 66 2096 a
96 2057 208 2096 Iahn.
240 2059 348 2097 laud.
397 2058 514 2097 Adde
544 2059 648 2097 Delr.
676 2061 784 2110 Syn-
844 2065 884 2097 et
905 2059 998 2097 urbi
1020 2065 1160 2111 captae
1187 2060 1418 2111 supervixi,
1455 2073 1504 2099 ne
1521 2059 1582 2098 bis

42 2124 161 2168 tagm.
189 2117 306 2169 Trag.
336 2117 423 2156 Lat.
455 2118 501 2156 T.
530 2118 595 2157 IH.
618 2132 656 2170 p.
686 2116 783 2159 255.
841 2117 950 2155 idem
968 2118 1165 2170 experiar.

49 2177 118 2215 W
114 2173 164 2229 r.)
195 2175 294 2213 (lant
312 2176 391 2213 tela
412 2177 572 2216 locam:
602 2175 782 2214 intactus
902 2177 1000 2220 644.
1032 2178 1099 2214 Sic
1113 2177 1294 2227 positum
1311 2191 1475 2228 corpas,
1505 2190 1581 2230 pro

45 2234 132 2271 telis
166 2239 206 2271 et
233 2234 315 2286 igni
350 2233 429 2273 iter
458 2234 566 2274 facit.
603 2235 653 2272 cs.
681 2233 780 2273 Aen.

44 2292 108 2341 Vl,
132 2293 227 2341 110,
246 2296 262 2332 1
278 2296 342 2333 11.

103 2351 359 2392 638—640.
383 2352 589 2389 Exsilium
605 2351 714 2401 pali,
733 2356 780 2388 ut

45 2411 205 2460 φυγεῖν,
226 2408 404 2459 graviter
428 2409 477 2447 de
500 2409 631 2462 patria
653 2410 780 2446 relin-

44 2465 217 2516 quenda.
287 2466 413 2518 Negat
459 2480 499 2505 se
536 2480 618 2504 esse
659 2467 780 2505 Troia

45 2523 327 2563 discessurum.
379 2528 532 2576 integer
558 2527 654 2562 aevi
678 2540 780 2562 san—

41 2583 163 2633 gui3‚
197 2582 238 2620 h.
262 2595 294 2620 e.
316 2583 459 2634 integri
492 2583 602 2631 aevi,
634 2583 780 2621 iuven-

44 2646 130 2689 tae,
163 2640 343 2691 adeoque
367 2655 465 2693 pro,
508 2641 695 2679 iuvenilis
717 2642 783 2679 Vi-

44 2712 128 2750 gor.
186 2699 284 2737 Mox
318 2701 478 2750 agilczre
511 2696 679 2752 (animo)
698 2698 783 2750 fic-

43 2770 146 2807 gam
178 2757 343 2809 proprie
372 2763 449 2806 est,
482 2755 532 2794 de
563 2757 654 2808 suga
681 2757 785 2795 deli-

44 2815 199 2853 berare.
229 2816 278 2853 cf.
298 2815 436 2853 Burm.

105 2871 200 2915 642.
233 2873 342 2911 Satis
371 2887 566 2925 superque
597 2887 682 2911 una
711 2887 785 2910 ex—

46 2930 158 2968 cidia
188 2932 392 2981 vidimus,
439 2930 659 2982 exquisite3
690 2931 785 2969 satis

46 3002 246 3042 superque
268 2996 340 3041 est,
359 2988 469 3041 quod
483 2989 603 3027 semel
622 2989 785 3028 Troiam

838 2248 924 2284 me,
955 2235 1165 2288 κείμενον,
1199 2235 1313 2286 quasi
1344 2235 1422 2273 iam
1444 2235 1581 2285 funus,

839 2294 923 2333 sive
953 2293 1032 2331 iam
1075 2293 1347 2343 efferendum,
1387 2294 1471 2332 sive
1500 2294 1579 2332 iam

840 2352 1065 2404 sepultum,
1098 2355 1178 2401 sic,
1214 2357 1259 2389 ut
1277 2366 1390 2401 sum,
1418 2365 1482 2391 me
1502 2352 1581 2390 ad-

826 2411 921 2462 jali
939 2416 1168 2448 extremum
1192 2410 1295 2448 illud
1316 2410 1434 2449 Vale!
1465 2410 1581 2449 Vale!

838 2483 934 2521 pro,
967 2469 1086 2507 sinite
1107 2481 1191 2517 me,
1221 2474 1269 2506 ut
1298 2483 1409 2518 sum,
1450 2468 1581 2507 disce-

841 2526 936 2565 dite.
996 2527 1103 2564 Bene
1123 2527 1317 2577 Pompon.
1337 2527 1430 2564 Sab.
1455 2541 1580 2578 prae—

840 2593 941 2622 state
974 2585 1079 2621 mila·
1109 2583 1286 2634 fitnebre
1327 2585 1515 2636 officium
1545 2593 1582 2623 et

842 2642 913 2679 ubi
931 2642 1050 2694 effati
1067 2644 1158 2679 estis
1178 2643 1323 2679 ultima
1345 2644 1420 2680 illa
1440 2643 1577 2692 verba,

843 2714 947 2752 quae
967 2700 1050 2737 dici
1076 2701 1203 2737 solent
1229 2702 1415 2750 mortuis,
1447 2701 1581 2738 disce-

842 2757 934 2796 dite.
977 2758 1024 2795 cf.
1053 2757 1105 2795 ad
1137 2757 1283 2795 Tibull.
1313 2758 1390 2808 ΙΙΙ,
1426 2761 1479 2807 2,
1515 2759 1579 2801 15.

839 2816 1055 2866 praefatae
1104 2824 1197 2853 ante
1256 2829 1364 2854 meos
1413 2818 1576 2866 Manes,

843 2876 1107 2925 animamque
1122 2882 1326 2925 precatae.

905 2932 1003 2974 645.
1047 2946 1174 2969 manu
1208 2945 1320 2982 non,
1368 2945 1484 2982 mea,
1533 2937 1582 2970 ut

843 2990 972 3029 Cerda
1004 2995 1095 3042 post
1126 2989 1353 3041 Guellium,
1386 3004 1478 3030 cum
1504 2990 1582 3028 im-
