1811 3388
19 703 27 1222 ‚-—-———,—-„,‚-—,-.‚,-
19 598 24 691 ἢ.-
20 522 23 592 -.-
20 336 23 513 --ᾼ-
16 208 22 330 ..-..-——

499 221 623 268 AD
694 220 1132 270 LIBRUM
1204 223 1296 270 III
1559 228 1658 279 569

149 356 237 387 tum
267 347 512 395 escendunt,
563 347 633 385 ubi
661 354 820 398 praeter
847 361 1005 386 omnem
1037 349 1358 401 expectationem
1386 351 1428 388 in
1462 352 1660 393 Helenum

149 420 241 444 cum
261 404 541 443 Andromache
565 404 763 443 incidunt.
822 405 1083 455 Aliquantum
1103 407 1294 458 temporis
1324 422 1414 446 cum
1433 408 1525 460 ipsis
1549 425 1660 449 com-

147 463 316 510 morati,
347 468 509 513 accepto
542 475 647 501 novo
675 463 724 500 ab
747 463 899 501 Heleno
923 464 1137 514 vaticinio,
1168 465 1316 503 iterum
1337 466 1506 504 navibus
1530 468 1572 506 in
1599 469 1661 506 al-

149 528 237 559 tum
272 520 456 557 deductis
491 518 572 573 (Ill,
607 520 864 573 286—505)
897 528 1059 572 praeter
1083 528 1239 560 montes
1262 523 1479 562 Ceraunios
1507 538 1660 576 prove-

147 577 325 626 huntur,
356 590 526 627 cumque
550 591 622 629 per
642 583 801 616 noctem
823 579 1007 617 littorum
1027 585 1118 617 tuta
1140 580 1366 630 subiissent,
1398 580 1523 620 altero
1544 597 1660 622 mane

148 635 304 673 Italiam
324 635 594 686 conspiciunt,
628 636 886 678 506-529,

264 692 451 730 Traiectu
481 693 588 731 sacto
619 694 788 731 Portum
817 694 982 732 Veneris
1011 694 1146 746 paullo
1185 708 1306 747 supra
1337 697 1660 746 promontorium

149 749 416 788 Sallentinum
448 751 512 788 vel
545 750 749 802 Iapygium
782 751 938 790 dictum
967 753 1162 800 subeunt,
1194 759 1234 790 et
1265 753 1414 790 Palladi
1437 753 1659 806 Iunonique

148 821 261 846 sacra
278 808 444 856 faciunt,
476 808 731 850 530—548.

262 865 360 903 Mox
390 865 522 903 sinum
552 866 834 915 Tarentinum,
869 880 980 905 oram
1009 867 1281 916 Bruttiorum,
1321 874 1362 905 et
1392 869 1545 906 Siciliae
1574 871 1659 908 sre-

148 930 238 961 tum
276 924 543 975 praetervecti
580 924 622 961 in
653 925 872 976 Cyclopum
910 925 1046 963 liltore
1077 925 1341 962 escensionem
1376 926 1549 975 saciunt3
1588 928 1658 966 sed

149 987 309 1032 recepto
336 980 626 1028 Achemenide,
667 983 734 1032 qui
755 983 803 1020 ab
827 983 963 1032 Ulysse
985 983 1148 1021 relictus
1175 983 1308 1020 fuerat
1336 982 1509 1035 (Ulysses
1539 985 1658 1036 igitur

147 1038 282 1090 paullo
314 1045 425 1087 ante,
468 1045 508 1076 et
540 1039 724 1090 quidem,
757 1040 866 1090 quod
896 1047 1037 1091 poetae
1062 1045 1219 1092 praeter
1248 1040 1412 1078 Homeri
1439 1041 1558 1080 fidem
1580 1057 1657 1094 po-

149 1109 243 1134 nere
261 1095 396 1144 licuit,
429 1102 523 1134 ante
544 1102 626 1134 tres
647 1111 812 1146 menses,
840 1111 879 1136 v.
898 1098 962 1146 ΠΙ,
995 1097 1091 1147 645,
1120 1098 1159 1135 in
1177 1097 1238 1134 his
1261 1098 1465 1136 littoribus
1493 1112 1657 1139 errave-

147 1151 245 1208 rat),
274 1153 509 1206 Polyphemi
535 1160 646 1193 metu
671 1155 834 1192 classem
857 1156 1002 1193 iterum
1024 1155 1267 1207 expediunt,
1310 1162 1350 1192 et
1369 1156 1480 1193 littus
1505 1157 1657 1195 Siciliae

149 1211 343 1250 orientale
368 1217 408 1249 et
440 1213 614 1250 australe
643 1214 910 1264 praetervecti
942 1213 982 1250 in
1014 1213 1251 1250 occidentali
1278 1213 1412 1251 littore
1441 1227 1562 1266 supra
1587 1216 1655 1253 Li—

148 1269 334 1320 lybaeum
356 1270 679 1320 promontorium
699 1270 871 1322 Drepani
895 1276 1060 1321 portum
1087 1271 1139 1309 ad
1166 1270 1335 1321 Erycem
1369 1271 1536 1310 intrant.
1580 1273 1657 1311 Hie

149 1326 248 1365 dum
283 1340 304 1363 a
322 1326 447 1377 longis
476 1327 679 1365 erroribus
708 1333 893 1366 recreant
921 1340 980 1376 se,
1020 1328 1093 1366 sub
1122 1328 1282 1365 aestatis
1312 1328 1465 1366 exitum
1496 1328 1560 1382 (cs.
1592 1344 1654 1369 an.

149 1383 261 1437 seq.),
291 1383 482 1423 Anchises
509 1385 701 1434 moritur,
732 1385 798 1434 ΙΙΙ,
830 1384 1133 1436 549-714*).

264 1456 297 1480 a.
329 1442 370 1479 C.
401 1442 448 1480 N.
673 1456 695 1480 a
726 1442 845 1481 Troia
876 1449 993 1494 capta
1214 1442 1350 1482 Error.
1381 1443 1536 1481 Aeneae

301 1501 410 1541 1178
808 1514 841 1538 a.
874 1502 899 1540 6
1322 1514 1356 1539 a.
1389 1504 1415 1542 7

246 1557 373 1605 Vere,
406 1562 454 1594 ut
477 1569 497 1593 e
517 1557 776 1607 sequentibus
803 1556 1008 1609 probabile
1037 1556 1104 1605 fit,
1136 1557 1297 1608 quando
1320 1558 1534 1609 navigandi
1550 1565 1655 1597 tem-

149 1629 225 1667 pus
247 1614 410 1664 aderat,
451 1614 584 1652 classis
608 1615 762 1653 Aeneae
791 1628 811 1653 e
842 1614 975 1653 Sicilia
1005 1614 1126 1653 solvit
1161 1628 1299 1654 versus
1326 1615 1588 1668 Tyrrheniam
1615 1623 1656 1655 et

242 1787 272 1830 ⁸)
298 1788 337 1820 In
361 1785 597 1831 temporibus,
635 1798 723 1832 quae
746 1799 836 1820 nunc
859 1786 1068 1826 succedunt,
1093 1786 1294 1819 ordinandis
1321 1798 1478 1830 magnam
1502 1785 1655 1819 difficul-

149 1840 259 1867 tatem
284 1833 404 1866 iniecit
426 1833 503 1877 ipse
528 1841 655 1878 poeta,
691 1834 750 1879 qui
774 1834 965 1866 discessum
992 1845 1010 1865 e
1035 1832 1154 1867 Sicilia
1179 1840 1215 1865 et
1239 1845 1414 1866 accessum
1439 1834 1483 1866 ad
1506 1833 1656 1866 Africam

147 1880 299 1925 septimo
328 1892 484 1913 errorum
508 1892 598 1914 anno
623 1882 753 1914 factum
776 1881 906 1913 diserte
930 1887 1116 1913 memorat:
1141 1892 1171 1913 v.
1192 1887 1277 1912 extr.
1297 1880 1378 1912 libri
1400 1881 1415 1912 I
1435 1892 1519 1912 nam
1538 1881 1656 1913 teiam

147 1929 300 1974 septima
319 1935 448 1973 portat
474 1926 646 1960 Omnibus
675 1936 859 1960 errantem
891 1928 1001 1959 terris
1032 1938 1075 1959 ac
1089 1925 1270 1971 fluctibus
1305 1936 1447 1966 aesca-53
1477 1926 1571 1959 idem
1598 1934 1654 1959 ta—

147 1986 226 2006 men
246 1974 397 2006 reditum
420 1973 457 2006 in
481 1974 633 2007 Siciliam
668 1974 738 2007 hoc
764 1975 887 2006 eodem
912 1985 1001 2006 anno
1037 1974 1187 2017 septimo
1223 1973 1352 2006 factum
1385 1981 1500 2005 narrat
1526 1973 1586 2005 lib.
1610 1975 1655 2013 V,

147 2022 218 2055 626
249 2022 409 2067 Septima
442 2029 530 2065 post
567 2022 699 2054 Troiae
736 2021 912 2054 excidium
946 2021 1018 2052 ιάιη
1042 2022 1198 2053 vertitur
1221 2028 1355 2053 aestas.
1404 2021 1453 2052 Ea
1486 2026 1602 2052 tamen
1626 2019 1655 2052 si

150 2079 213 2107 eo,
247 2079 315 2112 quo
346 2066 510 2108 fecimus,
552 2068 655 2100 modo
682 2066 862 2100 conciliari
886 2073 1052 2111 possunt,
1086 2065 1240 2099 concidit
1264 2073 1392 2110 poetae
1414 2065 1654 2109 reprehensio,

148 2126 249 2158 quam
274 2113 396 2148 XVood
420 2125 558 2158 quoque
583 2121 699 2146 movet
722 2126 756 2157 p.
781 2114 861 2148 229.
910 2113 1004 2145 Nolo
1028 2112 1064 2145 in
1087 2113 1291 2157 exponenda
1316 2113 1520 2146 difficultate
1545 2113 1656 2145 otium

149 2172 365 2200 consumere,
390 2172 491 2203 quam
519 2160 587 2192 iam
611 2168 746 2193 veteres
770 2171 963 2192 versavere.
995 2171 1015 2190 v
1052 2159 1205 2192 Servium
1231 2160 1275 2192 ad
1299 2159 1361 2195 lib.
1387 2161 1430 2200 V,
1455 2160 1534 2199 626,
1560 2160 1654 2191 cuius

148 2213 234 2239 nota
268 2207 410 2239 tandem
442 2206 478 2238 in
513 2206 566 2239 his
599 2207 715 2239 verbis
751 2205 932 2239 subsistit:
969 2207 1083 2250 „Ergo
1110 2212 1266 2247 constat,
1301 2206 1540 2250 quaestionem
1564 2206 1655 2238 hanc

148 2265 274 2295 „unam
299 2265 374 2285 esse
399 2253 443 2285 de
467 2253 783 2293 indissolubilibus,
820 2265 902 2297 quas
929 2264 998 2284 non
1023 2252 1162 2285 dubium
1189 2259 1243 2285 est
1267 2253 1523 2285 emendaturum
1548 2252 1655 2284 fuisse

148 2299 393 2343 „Virgilium.“
428 2299 464 2332 Si
483 2300 558 2343 quis
583 2300 701 2344 itaque
726 2307 867 2344 poetam
890 2299 926 2331 in
950 2305 1110 2342 tempore
1136 2299 1282 2332 Aeneidi
1306 2311 1387 2332 suae
1412 2298 1653 2332 constituendo

150 2346 202 2379 sui
228 2358 350 2390 parum
374 2358 561 2378 memorem
586 2346 693 2379 fuisse
719 2347 831 2387 dicat,
863 2358 931 2378 non
955 2346 1099 2378 multum
1123 2345 1237 2378 habeo
1264 2346 1358 2390 quod
1381 2357 1558 2389 reponam.
1604 2345 1654 2377 Il-

150 2393 210 2425 lud
234 2401 349 2426 tamen
373 2393 464 2426 male
493 2393 662 2434 haberet,
701 2394 794 2437 quod
831 2399 937 2437 poeta
961 2392 1131 2435 temporis
1156 2399 1257 2425 notas
1283 2392 1423 2424 disertis
1450 2392 1563 2424 verbis
1588 2405 1654 2436 ap-

149 2439 287 2483 posuit,
320 2452 424 2484 quas,
459 2439 488 2472 si
512 2440 725 2481 abfuissent,
759 2451 858 2472 nemo
881 2438 1139 2471 desideraturus
1164 2446 1221 2471 aut
1243 2439 1278 2471 in
1303 2439 1392 2471 hanc
1417 2439 1654 2482 quaestionem

149 2487 378 2519 descensurus
401 2485 537 2519 fuisset.
584 2487 659 2520 Etsi
683 2498 765 2519 vero
793 2484 950 2530 expediri
972 2485 1033 2518 illa
1057 2486 1197 2530 nequit,
1231 2485 1279 2518 ita
1305 2493 1342 2518 ut
1364 2485 1453 2517 nihil
1476 2486 1569 2517 forte
1594 2497 1654 2518 re-

148 2544 282 2576 ponere
306 2532 441 2578 possis,
474 2533 675 2567 alterutrum
699 2540 814 2566 tamen
839 2532 1040 2565 sumendum
1066 2539 1141 2573 est,
1174 2539 1232 2565 aut
1267 2533 1329 2564 sub
1356 2532 1458 2564 sinen]
1486 2531 1566 2564 anni
1590 2544 1654 2565 au—

148 2586 266 2612 tumno
293 2586 440 2612 exeunte
462 2584 613 2614 Aeneam
637 2581 682 2614 ad
707 2579 855 2613 Africam
880 2579 1090 2621 accessisse,
1124 2585 1160 2610 et
1183 2579 1294 2611 altero
1319 2590 1408 2611 anno
1434 2578 1546 2623 primo
1573 2590 1654 2612 vere

149 2625 305 2659 discessu
326 2627 420 2659 facto
453 2627 487 2660 in
512 2627 664 2660 Siciliam
690 2638 867 2660 reversum
892 2637 986 2665 esse3
1020 2631 1080 2658 aut
1113 2637 1194 2658 vere
1218 2626 1351 2659 demum
1377 2627 1551 2670 sequentis
1576 2625 1655 2658 anni

149 2672 295 2705 solvisse
319 2676 472 2707 Aeneam
506 2685 546 2707 ex
581 2674 718 2715 Sicilia,
753 2672 998 2716 Carthaginem
1031 2672 1208 2716 appulisse
1243 2679 1278 2705 et
1315 2672 1436 2705 eadem
1461 2678 1594 2705 aestate
1618 2672 1655 2704 in

148 2717 301 2751 Siciliam
324 2719 483 2755 rediisse.
531 2721 607 2753 Hoc
632 2721 662 2753 si
685 2732 852 2764 sequare,
893 2719 1015 2751 saltem
1040 2730 1199 2751 versuum
1224 2718 1369 2752 istorum
1391 2719 1484 2751 ratio
1509 2731 1548 2751 ac
1572 2730 1655 2751 sen-

149 2764 261 2797 tentia
276 2772 424 2800 constat.
449 2767 570 2810 igitur,
590 2767 669 2799 dum
686 2767 868 2800 meliorem
879 2765 1048 2798 rationem
1061 2765 1184 2810 aliquis
1199 2765 1369 2806 docuerit,
1386 2773 1560 2798 teneamus
1574 2766 1654 2799 hoc.

149 2810 253 2842 Certe
277 2811 472 2855 Catroeum,
501 2826 602 2858 quem
623 2813 667 2846 ad
684 2814 746 2846 lib.
772 2815 805 2847 V
825 2825 877 2858 pr.
899 2812 941 2844 de
965 2812 1019 2844 his
1038 2811 1232 2857 disputasse
1260 2812 1413 2844 videmus
1428 2838 1436 2853 ‚
1472 2811 1585 2844 onmia
1610 2811 1653 2843 ad

150 2855 297 2888 lubitum
323 2857 507 2901 fingentem
537 2859 657 2892 audire
684 2860 792 2905 piget.
843 2860 916 2892 Nee
941 2859 1073 2899 lVood,
1099 2858 1156 2902 qni
1184 2858 1299 2891 Iliadis
1328 2865 1363 2891 et
1378 2858 1541 2892 Aeneidis
1563 2864 1653 2890 tem—

150 2913 237 2946 pora
270 2904 513 2938 constituenda
533 2906 602 2938 alio
627 2918 734 2950 opere
758 2906 823 2938 sibi
845 2912 1077 2948 proposuerat
1115 2908 1162 2950 (p.
1181 2907 1249 2941 229
1269 2918 1320 2949 sq.
1342 2912 1376 2938 et
1404 2917 1437 2949 p.
1458 2904 1538 2940 254.
1565 2916 1650 2936 vers.

152 2948 272 2991 germ.)
299 2948 381 2982 satis
413 2952 611 2994 probabilia
642 2953 819 2998 amplexus
850 2964 924 2985 esse
952 2951 1099 2984 videtur.
