1811 3388
371 182 780 232 AENEIDOS
817 186 959 235 LIB.
996 188 1083 251 IV,
1122 194 1416 245 243—248

144 305 236 355 Illa
258 303 423 354 fretus
445 306 547 369 agit
564 316 776 365 ventos,
809 318 862 358 et
886 310 1097 361 turbida
1114 322 1283 364 tranat

143 374 344 426 Nubila.

1560 204 1660 252 633

1557 330 1659 377 245

426 376 647 441 Iamque
697 377 879 427 volans
929 382 1135 446 apicem
1181 393 1233 434 et
1282 385 1443 437 latera
1496 393 1660 445 ardua

926 452 1095 499 cernit

140 510 358 560 Atlantis
382 511 525 576 duri,
564 513 775 564 coelum
799 518 889 583 qui
917 522 1112 570 vertice
1130 520 1305 586 fulcit3

139 579 383 645 Atlantis,
423 583 655 633 cinctum
677 585 895 637 adsidue
921 591 1002 638 cui
1021 591 1253 643 nubibus
1275 598 1396 645 atris

231 698 300 732 245
326 705 501 732 tran-snat
523 700 714 736 Zulichem.
741 711 775 737 et
799 704 908 739 Wall.
934 719 1008 740 cum
1035 709 1212 743 nonnullis
1246 711 1362 746 Pierii.
1414 713 1503 757 (Illa
1526 717 1656 763 fretus

139 744 238 787 agit,
263 744 287 778 i.
315 757 344 778 e.
371 752 459 778 tum
484 746 574 791 agit,
600 760 627 781 S.
654 749 744 793 egit3
770 752 864 795 quod
889 754 1070 797 postulare
1097 756 1234 790 videtur
1259 761 1501 802 pronominum
1525 765 1653 798 liac—

140 790 212 823 Illa
246 791 446 836 opposit105
489 805 557 827 non
602 809 653 836 „a
667 809 688 840 g
702 809 719 829 e
733 810 778 830 re
813 811 827 830 s
841 798 991 841 olet,“

137 836 273 870 sublata
299 838 403 883 plena
429 847 508 884 post
533 843 700 887 resignat
724 844 1018 889 interpunctione.

1035 803 1128 846 quod
1162 806 1318 849 sequitur
1353 807 1654 856 qunderHchius,

1055 850 1198 884 Wakef.
1225 852 1268 884 ad
1302 853 1442 889 Lueret.
1478 858 1538 899 IV,
1575 861 1652 894 178.

136 882 319 927 legendum
346 892 447 930 putat
471 888 571 927 adiu
596 889 633 922 id
659 902 753 924 esse:
780 903 850 924 non
875 893 971 927 timet
996 895 1156 939 ingredi,
1183 898 1238 930 vel
1263 901 1423 943 aggredi.
1468 904 1537 936 Sed
1563 918 1648 939 con—

135 929 284 963 iecturas
306 933 601 968 Wakefieldianas
622 948 910 972 commemorasse
930 941 1132 987 plerumque
1152 945 1287 978 sufficit.
1311 948 1403 991 lVr.)

576 981 645 1018 248
670 985 819 1018 Atlanti
841 987 929 1020 Ven.
958 994 993 1020 et
1018 990 1126 1023 Goth.
1151 997 1232 1023 tert.
1260 1005 1279 1024 a
1304 1005 1348 1026 rn.
1374 1006 1442 1027 sec.

136 977 184 1009 sit
209 977 344 1023 aliquot
369 981 482 1013 Burm.

1475 951 1650 1003 &ssul-

1493 1009 1553 1042 qlll
1575 1012 1648 1032 nlt-

136 1021 238 1056 bibus
262 1026 452 1068 Montalb.,
478 1028 541 1061 sed
562 1031 622 1062 cui
646 1031 824 1064 Prudentii
849 1045 986 1078 quoque
1020 1036 1213 1070 imitatione
1238 1039 1352 1072 firmat
1380 1041 1499 1075 Heius.
1550 1048 1650 1090 (quoi

134 1069 320 1113 legendum
355 1085 430 1106 esse
473 1075 523 1108 ait
563 1077 708 1111 Wakef.

135 1128 192 1162 ap.
217 1119 320 1152 eund.

134 1216 262 1251 tanea.
323 1209 542 1268 (Resignat
570 1232 618 1256 ne
646 1219 751 1259 idem
780 1234 860 1260 esse

135 1269 266 1319 dieas,
309 1273 419 1322 quod
455 1275 633 1324 claudit,
678 1279 766 1327 vel,
812 1286 860 1317 ut

132 1326 294 1366 Iahnius
314 1330 499 1381 explicat,
520 1348 655 1371 ramus
673 1337 856 1387 occ-ludit,

132 1391 244 1422 vetat
269 1393 451 1425 constans
471 1389 590 1428 huius
613 1393 726 1431 verbi
750 1408 856 1433 usus.

132 1443 253 1494 Saepe
273 1451 407 1483 autem
423 1447 544 1485 verba
564 1462 585 1485 a
603 1464 642 1486 re
662 1451 856 1502 incipien-

131 1500 188 1537 tia
210 1501 443 1541 adiunctum
465 1503 615 1544 habent
636 1509 855 1547 ablativum

130 1557 278 1608 absque
307 1562 599 1612 praepositione
629 1579 656 1602 a
686 1567 749 1604 vel
781 1582 854 1614 ex,-

129 1622 176 1653 ut
207 1617 275 1655 Ge.
307 1618 336 1665 I,
365 1619 481 1660 275:
522 1627 657 1669 „atrae
686 1638 854 1663 massam

129 1673 226 1725 picis
258 1676 386 1713 urbe
418 1682 636 1727 reporlal.“
666 1680 733 1731 IV,
760 1685 851 1724 88.:

129 1731 227 1779 „ubi
254 1732 441 1771 ductores
480 1736 589 1773 acie
633 1751 853 1778 revoca-

128 1789 269 1827 veris
309 1791 438 1830 ambo.
453 1794 476 1813 “
521 1793 617 1832 Aen.
660 1797 698 1845 Ι,
739 1800 852 1839 679.;

126 1846 265 1894 „Dona
358 1849 537 1901 pelago
567 1858 607 1890 et
631 1853 851 1894 flammis

125 1907 387 1943 restantia
424 1908 615 1948 Troiae.“
666 1912 720 1960 V,
765 1916 850 1954 99:

126 1961 289 2009 „Manes
326 1963 620 2004 Acheronte
659 1971 851 2008 remis—

126 2022 244 2057 SOS.“
293 2021 361 2066 IX,
390 2026 477 2063 32:
526 2026 671 2072 „Nilus
713 2028 849 2074 Quum

126 2077 316 2115 refluit
363 2081 554 2131 campis
607 2090 646 2120 et
687 2085 766 2122 iam
810 2099 848 2123 se

126 2133 305 2171 condidit
331 2136 482 2175 alveo.“
513 2140 564 2188 X,
586 2143 699 2181 330:
730 2157 849 2193 „ga-

125 2189 203 2227 lea
250 2192 531 2245 clipeoque
584 2199 849 2238 resultant

127 2276 134 2284 .
154 2276 162 2284 .
177 2278 184 2285 .
205 2249 322 2287 tela.“
381 2252 495 2289 Adde
514 2253 559 2299 H,
586 2257 677 2297 115.
699 2264 739 2294 et
755 2257 847 2296 Not.

124 2305 174 2342 ad
202 2306 227 2353 Ι,
249 2310 343 2348 358.
403 2310 550 2347 Eodem
572 2313 691 2350 modo
716 2315 847 2365 expli—

123 2362 228 2400 cabis
253 2364 320 2402 Ge.
343 2366 390 2413 ΙΙ,
423 2370 519 2408 228.
552 2368 617 2418 ΙΙΙ,
654 2374 716 2412 11.
749 2372 846 2411 Aen.

122 2419 167 2469 V,
194 2424 286 2462 178.
313 2421 409 2465 409.
466 2425 605 2476 Itaque
634 2438 754 2466 morli<
785 2445 846 2467 re-

120 2480 258 2528 signat
280 2486 339 2517 est
358 2481 381 2519 i.
404 2495 440 2531 q.
470 2484 643 2535 resignat
663 2499 683 2522 a
704 2494 845 2526 morte.

120 2535 306 2582 Quorum
324 2539 558 2590 verborum,
590 2556 639 2580 ne
660 2543 766 2582 idem
786 2546 846 2583 bis

120 2593 271 2631 dictum
299 2596 590 2649 existimemus,
629 2602 738 2650 quod
766 2602 845 2641 hoc

118 2651 279 2700 quidem
298 2653 385 2691 loco
405 2655 612 2705 vitiosum,
639 2657 742 2697 hanc
763 2674 844 2699 esse

118 2720 349 2757 persuasum
399 2711 526 2752 habeo
580 2718 812 2756 sententiam
833 2735 841 2756 2

118 2763 268 2803 lumina
307 2769 434 2819 aperit
472 2771 631 2810 iamiam
662 2788 702 2811 se
729 2776 841 2814 clau--

118 2820 274 2871 dentia3
304 2831 349 2862 ut
371 2826 593 2867 Mercurius
621 2830 778 2871 dicatur
801 2834 839 2872 in

116 2878 243 2916 vitam
274 2894 464 2922 revocare
497 2886 574 2924 iam
615 2889 839 2930 morientes.

744 1078 790 1111 ad
831 1080 971 1114 Lucret.
1007 1083 1069 1126 IV,
1102 1085 1182 1120 932.
1220 1087 1316 1131 Wr.)
1366 1101 1445 1121 cum
1478 1102 1515 1122 n.
1553 1093 1647 1126 Beda

917 1223 1022 1262 Hinc
1050 1227 1231 1278 resignat
1257 1238 1378 1267 morte
1419 1231 1444 1268 i.
1477 1245 1512 1282 q.
1545 1234 1646 1271 resi-

916 1289 1035 1332 gnat,
1076 1297 1124 1321 ne
1155 1285 1415 1336 claudantur3
1453 1289 1571 1340 plane
1599 1297 1645 1329 ut

915 1339 1018 1377 infra
1042 1340 1086 1389 V,
1107 1342 1223 1383 476.;
1253 1353 1589 1393 „revocatum
1623 1363 1644 1386 a

915 1404 1080 1435 morte
1098 1399 1302 1450 Dareta,“
1333 1404 1402 1453 qui
1428 1417 1508 1441 non
1531 1419 1643 1443 mor-

913 1459 1009 1492 tuus
1037 1462 1141 1505 erat,
1173 1458 1242 1496 sed
1274 1461 1375 1497 mori
1401 1461 1640 1511 prohibitus.

913 1512 966 1549 Lt
988 1527 1229 1564 quamquam
1248 1516 1350 1555 nihil
1370 1519 1449 1556 tale
1482 1533 1504 1557 a
1533 1528 1641 1559 cete-

913 1570 968 1607 ris
989 1572 1250 1622 scriptoribus
1273 1575 1473 1624 traditur,
1505 1583 1640 1617 tamen

914 1639 957 1663 ea
977 1628 1054 1666 fuit
1074 1629 1208 1681 virgae
1229 1632 1342 1670 istius
1363 1635 1536 1684 magicae
1563 1637 1635 1685 vis,

912 1690 959 1722 ut
986 1699 1030 1722 ea
1058 1699 1120 1724 res
1147 1689 1307 1727 minime
1341 1690 1557 1730 abhorrere
1591 1694 1640 1732 ab

911 1742 994 1780 eius
1020 1750 1217 1795 potestate
1240 1747 1448 1798 videatur,
1480 1757 1528 1788 ut
1547 1764 1640 1789 sen-

910 1799 961 1837 sit
982 1802 1100 1839 etiam
1114 1804 1218 1843 A.H.
1238 1805 1457 1845 Guenther.
1487 1811 1636 1846 Anim-

910 1858 1087 1897 adverss.
1154 1864 1196 1899 in
1255 1864 1399 1914 aliqua
1463 1867 1636 1917 Virgilii

908 1916 1107 1955 Aeneidos
1145 1920 1249 1958 loca.
1295 1921 1473 1973 Gotting.
1514 1926 1635 1965 1817.

909 1974 970 2011 ed.
1000 1988 1087 2025 pag.
1134 1980 1183 2018 10
1222 1992 1305 2029 sqq.
1353 1978 1470 2032 er.)
1540 1983 1635 2024 245.

907 2031 990 2068 Illa
1008 2032 1168 2082 stelas,
1202 2041 1251 2072 ut
1289 2037 1403 2073 toties
1435 2037 1633 2077 Homerus

907 2087 1142 2137 πεποιθώς,
1175 2106 1267 2143 pro,
1307 2108 1398 2130 cum
1424 2096 1522 2143 illa,
1557 2095 1633 2133 ha—

905 2144 1003 2182 bens
1024 2147 1145 2186 illam.
1205 2152 1294 2199 agit
1326 2157 1418 2188 ante
1449 2164 1511 2201 se,
1545 2153 1632 2204 quis

908 2202 1088 2242 dubitet?
1128 2205 1224 2243 dum
1252 2207 1391 2245 volatu
1419 2221 1490 2260 per
1516 2223 1632 2248 auras

905 2261 1047 2299 fertur.
1077 2259 1176 2314 (vid.
1199 2264 1243 2301 V.
1263 2265 1304 2302 L.
1341 2265 1458 2319 JV22)

962 2318 1046 2359 246
1060 2321 1221 2362 —251.
1252 2322 1465 2361 Famosum
1490 2325 1627 2363 Atlan-

905 2374 956 2411 tis
978 2389 1121 2414 nomen
1139 2378 1218 2415 iam
1237 2379 1279 2416 iu
1299 2386 1432 2418 vetere
1453 2382 1628 2432 Graecia,

905 2433 1201 2484 navigantium,
1232 2443 1351 2488 puto,
1383 2439 1549 2489 fabulis,
1581 2447 1630 2479 ut

905 2496 1059 2528 ceterae
1076 2492 1232 2531 fabulae
1252 2495 1419 2547 Libycae
1432 2528 1442 2547 ,
1474 2512 1569 2536 mox
1587 2499 1627 2536 in

904 2549 1079 2586 carmina
1120 2550 1168 2588 de
1208 2553 1349 2591 Perseo
1370 2584 1379 2602 ,
1442 2555 1627 2605 Hercule,

905 2604 1179 2657 Argonauticis
1221 2617 1402 2663 receptae
1438 2619 1478 2650 et
1506 2629 1627 2652 orna-

899 2669 984 2701 tae:
1017 2665 1062 2702 cf.
1086 2667 1219 2703 Notas
1238 2670 1296 2706 acl
1320 2669 1509 2719 Apollocl.
1540 2684 1625 2725 pag.

901 2724 979 2763 681
1007 2722 1098 2760 add.
1119 2737 1157 2775 p.
1175 2724 1270 2766 409.
1303 2726 1433 2764 Obvia
1453 2729 1515 2766 vel
1534 2730 1625 2768 rudi

899 2777 1109 2817 hominum
1140 2783 1272 2832 generi
1312 2783 1438 2836 imago
1478 2787 1624 2824 montis

899 2836 941 2873 in
972 2837 1049 2875 viri
1083 2838 1247 2889 effigiem
1281 2843 1479 2892 conversi,
1531 2843 1624 2881 hinc

901 2893 1022 2932 ducta
1040 2894 1224 2946 frequens
1242 2898 1307 2935 illa
1326 2898 1498 2938 Atlantis
1519 2907 1622 2939 tam-
