1779 3420
55 189 158 238 936
388 184 444 233 Ρ.
481 180 843 231 VIRGILII
879 179 1247 229 MARONIS

56 312 156 362 Hic
174 326 344 376 genus
366 310 649 375 antiquum
676 310 902 367 Terrae,
941 306 1147 356 Titania
1173 307 1361 372 pubes

57 382 307 434 Fulmine
330 380 545 442 deiecti,
585 376 761 427 sundo
783 377 1075 427 volvuntur
1094 378 1146 426 in
1172 379 1297 430 imo.

58 455 159 503 Hic
179 461 232 502 et
253 450 468 502 Aloidas
491 449 739 514 geminos
755 489 767 511 ‚
806 447 1038 497 inmania
1061 447 1167 496 vidi

61 527 332 589 Corpora:
365 522 456 587 qui
476 519 723 569 manibus
743 533 1002 582 magnum
1034 518 1344 568 rescindere
1376 520 1594 570 coelum

65 593 335 658 Adgressi‚
371 590 688 657 superisque
710 590 895 637 Iovem
921 587 1214 637 detrudere
1233 591 1424 654 regnis,

60 664 186 716 Vidi
212 672 266 712 et
287 661 518 711 crudelis
543 659 765 708 dantem
786 657 1074 706 Salmonea
1095 675 1315 724 poenas,

61 738 208 786 Dum
229 732 472 781 flammas
494 730 634 779 Iovis
659 738 711 778 et
731 728 938 777 sonitus
964 728 1200 778 imitatur
1223 729 1454 796 Olympi.

65 809 310 868 Quatuor
338 802 427 851 hic
459 802 698 850 invectus
732 799 909 865 equiS‚
950 807 1004 847 et
1047 799 1294 866 lampada
1329 818 1597 867 quassans,

62 879 169 926 Per
201 873 421 924 Graium
451 870 686 939 populos
717 869 1043 935 mediaeque
1073 886 1173 936 per
1204 870 1370 920 Elidis
1401 872 1599 922 urbem

1488 312 1591 361 580

1493 666 1595 715 585

160 1005 230 1040 580
251 1003 378 1050 proles
403 1003 506 1036 Rom.
529 1002 620 1035 Ven.
646 1001 810 1034 Parrhas.
835 999 947 1033 Goth.
977 1011 1046 1033 sec.
1074 1006 1109 1032 et
1134 1012 1200 1044 pro
1225 1013 1297 1034 var.
1322 1001 1405 1035 lect.
1432 1002 1467 1034 in
1495 1003 1601 1045 Gud„

66 1053 217 1087 sollenni
239 1051 423 1084 varietate.
517 1051 585 1084 581
613 1049 791 1082 deiectum
811 1048 867 1080 ed.
894 1049 983 1081 Ven.
1035 1048 1166 1080 deiecit
1200 1049 1298 1083 Rom.
1397 1050 1465 1084 586
1481 1052 1601 1095 flam-

65 1113 160 1134 mam
193 1099 284 1131 Gud.
317 1105 353 1131 et
380 1097 527 1131 Mentel.
577 1098 742 1130 tonitrus
780 1095 917 1140 aliquot
952 1094 1071 1128 Heins.
1110 1107 1184 1127 cum
1217 1097 1311 1138 Eril,
1345 1109 1386 1129 ex
1414 1097 1601 1143 interpret.

67 1147 280 1192 (praelatum
298 1153 414 1178 tamen
433 1158 452 1178 a
481 1144 618 1189 Clercq.
646 1156 665 1176 a
694 1143 791 1176 lahn.
822 1143 916 1175 laud.
948 1142 992 1175 ad
1021 1144 1152 1176 Lucan.
1180 1156 1213 1187 p.
1242 1145 1298 1177 24.
1326 1144 1397 1177 vid.
1430 1146 1525 1178 Cort.
1558 1146 1602 1178 ad

65 1196 197 1228 Lucan.
225 1195 270 1234 V,
297 1194 378 1227 633.
416 1193 514 1234 Wr.)
567 1192 709 1225 lenitus
734 1190 842 1223 Goth.
879 1196 963 1225 tert.
1057 1191 1127 1225 588
1164 1191 1354 1236 medianus.
1385 1192 1523 1236 Menag.
1550 1205 1602 1237 pr.

66 1244 179 1284 bene,
204 1241 268 1274 sed
298 1240 448 1273 alterum
472 1239 622 1272 doctius.
671 1239 824 1283 medioq.
856 1238 976 1270 Franc.
1030 1236 1152 1270 urbem
1179 1238 1289 1270 miror
1317 1251 1336 1271 a
1362 1240 1500 1272 nemine
1527 1252 1603 1273 esse

67 1289 310 1323 sollicitatam:
351 1300 439 1332 quae
478 1287 569 1319 enim
604 1285 665 1319 illa
701 1286 783 1318 urbs
815 1284 949 1317 Elidis?
984 1296 1072 1330 quae
1100 1284 1254 1317 heroicis
1287 1287 1507 1330 temporibus
1541 1300 1605 1320 nec

67 1337 191 1370 urbem
213 1348 255 1369 eo
284 1336 446 1376 nomine,
481 1346 547 1367 uec
581 1333 686 1366 urbes
720 1332 862 1365 omniuo
894 1332 1038 1373 habuit,
1073 1332 1136 1364 sed
1166 1332 1281 1373 vicos,
1320 1334 1429 1366 multo
1460 1342 1541 1379 post
1570 1335 1606 1367 in

67 1384 208 1419 Elidem
238 1383 360 1416 urbem
385 1388 589 1416 contractos
620 1384 665 1425 (v.
693 1380 822 1413 Strabo
847 1381 939 1421 VIII,
967 1393 1002 1424 p.
1032 1379 1101 1414 336
1133 1380 1212 1423 D.);
1249 1380 1354 1413 urbes
1389 1389 1505 1414 autem
1534 1394 1606 1415 non

68 1432 139 1465 nisi
165 1431 287 1464 serius.
337 1429 374 1463 Si
401 1441 466 1474 per
495 1428 678 1473 prolepsin
715 1427 866 1469 dictum,
905 1427 1169 1471 accipiendum:
1210 1439 1274 1471 per
1305 1428 1455 1462 mediam
1485 1430 1607 1462 urbem

67 1479 219 1515 Elidem.
268 1479 399 1511 Verum
428 1476 538 1509 Elidis
570 1476 653 1509 urbs
685 1476 876 1508 Salmonia
902 1474 956 1507 vel
989 1475 1162 1507 Salmone
1186 1475 1230 1507 ad
1265 1475 1437 1520 Alpheum
1468 1476 1606 1509 intelli—

70 1527 206 1571 genda,
233 1537 335 1570 quam
354 1523 560 1558 Salmoneus
582 1523 656 1556 sive
676 1522 837 1556 condidit
859 1523 933 1555 sive
953 1522 1178 1554 inhabitavit.
1204 1522 1274 1555 vid.
1307 1524 1434 1556 Strabo
1460 1524 1484 1556 l.
1516 1537 1544 1557 c.
1571 1536 1606 1568 p.

71 1575 141 1610 856
164 1574 206 1606 D.
226 1572 374 1605 Diodor.
397 1572 457 1613 IV,
477 1572 533 1605 68.
584 1573 694 1604 Pisae
712 1582 864 1603 nemora.
881 1578 917 1602 et
933 1570 1055 1602 Elidis
1075 1582 1188 1614 agros
1215 1582 1276 1602 suo
1306 1582 1405 1603 more
1438 1579 1608 1604 memorat

71 1621 229 1654 imitator
246 1619 318 1653 loci
341 1619 459 1654 Valer.
481 1618 538 1652 Fl.
561 1619 587 1662 I,
607 1619 677 1653 662
697 1629 750 1663 sq.
797 1630 867 1664 per
886 1617 1072 1650 Hellados
1090 1615 1198 1649 arbes
1219 1617 1310 1650 coni.
1341 1619 1391 1652 10.
1420 1618 1607 1652 Schrader.

72 1669 110 1701 in
131 1666 284 1702 schedis.

75 1765 160 1804 eius
182 1765 232 1802 sit
250 1764 312 1802 bis
331 1769 507 1811 tantum,
531 1769 730 1813 quantum
746 1762 814 1800 in·-

75 1830 139 1861 ter
166 1828 321 1860 terram
353 1829 393 1860 et
419 1821 662 1872 Olympum,
716 1834 815 1872 pro-

77 1887 220 1933 spectu
239 1893 259 1918 e
279 1887 390 1918 terra
414 1893 485 1932 per
514 1892 643 1917 aerem
666 1880 785 1917 sacto.

137 1941 234 1982 580.
264 1941 361 1981 581.
399 1952 439 1976 v.
472 1937 637 1975 Hesiod.
668 1936 815 1988 Theog.

82 2000 163 2040 129
189 2010 246 2048 sq.
273 1996 462 2049 Apollod.
484 1996 511 2044 Ι,
537 1999 575 2044 2,
602 2000 637 2037 1.
700 1996 816 2033 Tita-

79 2070 152 2094 nas
195 2060 380 2108 γηγενεῖς
432 2055 621 2106 designat.
673 2054 814 2106 fundo

81 2115 298 2153 volvuntur
338 2116 380 2151 ιή
426 2116 507 2150 imo
531 2143 541 2161 ,
597 2112 816 2164 praeclare,

82 2180 129 2210 ut
148 2172 200 2209 ad
222 2172 348 2210 imum
380 2172 599 2210 Tartarum
632 2171 819 2209 detrusos

82 2230 304 2269 exhiberet.

142 2290 228 2330 582
242 2314 293 2318 —-
305 2287 400 2330 584.
423 2288 478 2325 De
491 2288 570 2326 Oto
587 2294 625 2326 et
641 2287 822 2340 Ephialte

84 2347 199 2385 Aloei
221 2347 245 2384 s.
267 2346 468 2386 videndus
495 2347 659 2385 Homer.
679 2346 825 2398 Odyss.

86 2408 123 2449 λ,
156 2405 412 2447 304—319.
445 2404 632 2457 Apollod.
664 2405 693 2452 Ι,
728 2408 767 2453 7,
797 2405 825 2445 4

87 2469 129 2500 et
155 2463 282 2500 Notae
309 2476 349 2513 p.
383 2466 477 2505 102.
538 2464 763 2514 Expressus
792 2461 825 2499 is

89 2526 150 2558 est
180 2519 221 2557 h.
250 2521 276 2558 l.
306 2535 327 2557 a
361 2520 551 2568 Marone,
585 2534 659 2558 nec
677 2527 826 2566 tamen,

90 2584 138 2617 ut
157 2578 399 2616 sublimitate
416 2593 507 2618 cum
527 2579 704 2617 Homero
725 2592 827 2616 con-

91 2636 257 2674 tendere
293 2637 428 2674 vellet.
488 2640 651 2688 Spectat
690 2643 826 2675 autem

92 2694 193 2733 haec
214 2700 255 2731 et
281 2707 449 2744 sequens
479 2695 615 2732 sabula
650 2695 701 2732 ad
735 2707 828 2745 my-

94 2752 185 2791 thos
217 2752 353 2803 stirpis
389 2752 594 2800 Aeolicae,
630 2766 731 2803 quos
758 2765 829 2802 gen

95 2825 171 2850 nus
197 2810 434 2863 mythorum
466 2811 610 2848 rudius
644 2816 684 2846 et
721 2810 830 2846 anti-

95 2870 213 2920 quius
257 2868 503 2907 constituere
557 2866 830 2919 deprehendo,

97 2928 181 2967 vid.
204 2926 391 2980 Apollod.
411 2927 440 2973 1,
459 2930 498 2975 7,
518 2929 542 2967 3
567 2939 650 2976 sqq.
678 2931 719 2963 et
740 2925 831 2962 Not.

872 1762 986 1798 Tom.
1028 1760 1095 1808 ΙΙΙ,
1142 1760 1221 1799 tab.
1268 1761 1372 1810 VIII,
1411 1777 1450 1815 p.
1487 1762 1610 1804 1005.

873 1819 1130 1856 Manifestum
1151 1818 1231 1856 hoc
1255 1819 1295 1856 in
1329 1820 1390 1857 his
1420 1821 1514 1872 ipsis
1550 1822 1611 1858 sa-

873 1878 1002 1923 bulis,
1035 1890 1137 1927 quae
1154 1876 1193 1915 h.
1220 1877 1244 1914 l.
1267 1878 1538 1916 subiiciuntur
1563 1879 1612 1916 de

876 1935 1031 1973 Aloidis
1055 1966 1063 1982 ,
1111 1935 1324 1974 Salnioneo
1377 1944 1418 1975 et
1456 1939 1611 1975 ceteris.

879 1993 967 2046 (Ge.
989 1994 1015 2042 Ι,
1037 1996 1154 2035 280.;
1196 1995 1455 2042 „coniuratos
1491 2009 1512 2033 c
1527 2009 1613 2032 oe·—

875 2053 979 2090 lum
1041 2052 1343 2091 rescindere
1410 2055 1611 2104 sratres3“

876 2111 947 2149 ubi
967 2110 1050 2148 vid.
1075 2110 1163 2149 Not.
1201 2110 1316 2164 Wa)

938 2170 1020 2211 585
1035 2171 1196 2211 -594,
1222 2170 1276 2207 De
1298 2171 1510 2209 Salmoneo
1533 2169 1615 2208 vid.

880 2229 1050 2266 Excurs.
1081 2226 1192 2265 adh.
1215 2242 1254 2267 v.
1323 2230 1425 2267 Viclc'
1453 2230 1616 2266 dantem

878 2300 1035 2337 poenas·
1060 2315 1070 2333 ,
1113 2287 1212 2323 clam
1256 2289 1440 2324 imitatur
1461 2302 1476 2326 .-
1529 2300 1615 2338 pro,

884 2344 1049 2382 dantem
1083 2358 1254 2396 poenam,
1297 2345 1408 2396 quod
1437 2345 1617 2382 imitatus

884 2409 984 2440 erat.
1027 2400 1223 2454 (breviter
1256 2402 1355 2452 hoc,
1389 2417 1483 2455 pro:
1517 2416 1617 2454 poe-

883 2475 979 2508 nas,
1011 2474 1136 2511 quas
1168 2462 1359 2499 meruit
1381 2462 1562 2508 imitans,
1589 2475 1617 2498 S.

885 2520 997 2557 dum
1027 2519 1285 2558 imitatur.
1321 2519 1440 2571 lVr.)
1501 2519 1617 2556 Scili-

884 2584 949 2615 cet
967 2591 1041 2628 pro
1064 2577 1138 2614 deo
1160 2577 1300 2615 haberi
1323 2577 1465 2615 voluit.
1506 2579 1618 2614 soni—

884 2645 947 2673 tus
972 2635 1022 2672 Ο.
1055 2635 1251 2673 tonitrua.
1311 2636 1407 2676 588.
1439 2636 1620 2671 meame-

887 2708 963 2745 que
992 2706 1069 2743 per
1099 2694 1234 2730 Elidis
1267 2692 1401 2729 urbem
1417 2709 1426 2729 .·
1471 2706 1620 2730 novam

886 2751 1029 2788 urbem
1075 2765 1094 2786 a
1145 2750 1358 2787 Salmoneo
1401 2751 1621 2799 conditam,

887 2808 1131 2845 Salmoniam
1147 2838 1155 2854 ,
1179 2809 1229 2846 ad
1251 2809 1473 2859 Alpheum,
1497 2809 1622 2846 adeo-

889 2879 966 2916 que
990 2866 1029 2902 in
1050 2867 1179 2903 media
1203 2867 1312 2904 Elide
1335 2868 1451 2905 sitam
1468 2897 1477 2915 ,
1501 2867 1624 2904 intel-

890 2924 1010 2975 ligere
1047 2924 1182 2976 potuit
1205 2940 1215 2975 3
1278 2924 1416 2963 eadem
1460 2925 1625 2963 fulmine
