1827 3436
535 232 658 279 AD
733 232 1266 288 LIBRUMI
1555 255 1651 298 247

143 363 201 401 ΕΙ
227 362 274 411 V
309 361 412 402 407:
443 360 554 398 littus
577 362 852 413 qaodfaciles
871 364 1068 413 appulsus
1099 366 1242 416 habet,
1273 369 1378 407 idem
1402 371 1653 422 litlusfaeile

141 418 394 472 appulsibus.
457 417 530 467 Ita,
564 432 666 470 quae
695 421 845 458 victum
850 421 1029 472 facilem
1062 424 1199 462 tundit
1224 424 1350 465 humo
1375 428 1489 466 tellas
1514 431 1651 483 Georg.

139 478 186 526 II,
218 477 314 525 460,
345 481 404 513 est
430 476 548 514 etiam
576 478 693 515 tellas
726 481 834 516 tic-ta
854 478 1034 529 sacilcs;
1082 487 1120 518 et
1145 483 1200 520 sic
1225 498 1328 535 gens
1358 487 1467 523 victa
1484 487 1646 537 fac-ilis,

137 547 239 586 quae
268 534 388 572 habet
419 534 598 584 victum,
642 536 819 574 alimenti
848 537 1004 589 copiam
1032 546 1237 590 paratam,
1269 542 1519 593 affluentem,
1554 560 1650 597 pio-

135 598 227 645 pter
253 606 440 644 agrorum
469 593 617 632 scilicet
654 594 900 634 fertilitatem
930 601 970 634 et
999 596 1237 640 ubertatem.
1296 600 1420 638 Simili
1448 603 1598 641 modo
1589 619 1650 642 m-

134 651 247 689 finita
274 651 349 689 alia
369 650 421 688 ad
442 652 664 703 prosaicam
686 654 856 691 sormam
875 655 1146 718 comparanda
1164 663 1273 696 sunt.
1331 658 1428 697 Aen.
1450 659 1549 710 VIII,
1569 665 1650 704 318

132 722 253 760 asper
284 711 392 746 victa
422 718 609 759 νεηαίιιἾς
641 710 681 749 h.
716 724 748 749 e.
777 712 846 763 qui
873 711 1031 751 victum
1063 727 1266 766 asperum,
1296 717 1425 767 qualis
1453 724 1513 755 est
1545 719 1650 757 vitae

133 779 316 818 asperae,
349 766 475 805 durae
504 773 544 805 et
576 769 785 820 pauperis,
826 770 1003 821 praebet.
1061 786 1141 810 nox
1170 788 1315 824 aspera
1340 777 1455 824 οιινίε,
1488 776 1572 815 Val.
1591 777 1648 816 Fl.

130 824 194 874 ΙΙΙ,
226 827 322 874 362,
353 838 456 875 quae
489 839 606 864 curas
637 840 795 879 asperas
825 840 959 867 secum
989 828 1122 879 affert,
1164 837 1204 869 et
1230 832 1286 870 sic
1314 836 1649 886 por10.Equas

129 888 262 921 autem
284 882 425 934 quidni
454 884 571 922 ferax
597 890 637 922 et
655 885 803 923 laetum
834 886 975 936 solum,
1007 887 1118 938 equis
1143 889 1293 927 alendis
1311 890 1515 940 idoneum,
1548 895 1648 931 omi-

128 941 283 979 netur'?
313 955 439 992 quum
457 940 537 980 hoe
561 948 788 982 armentum
809 944 946 996 pabuli
974 945 1129 997 copiam
1159 953 1199 984 et
1216 947 1379 986 uberem
1411 963 1548 1000 agium
1581 951 1646 988 in-

125 998 266 1050 primis
297 999 370 1037 sibi
396 1006 547 1052 poscat.
607 1001 732 1051 Vide,
774 1002 805 1039 si
836 1002 928 1040 talis
951 1016 1014 1040 res
1048 1006 1285 1043 auctoritate
1317 1005 1489 1058 indiget,
1521 1009 1644 1046 Colu—

124 1057 285 1096 mellam
317 1057 367 1095 de
397 1059 444 1097 R
475 1059 524 1097 Β.
558 1059 624 1108 VI,
666 1062 736 1101 27.
796 1060 917 1099 Varia
949 1061 1111 1111 quidem
1145 1063 1194 1100 de
1220 1062 1298 1102 hoc
1325 1070 1514 1116 portento
1540 1066 1645 1104 inter

123 1115 383 1154 fundamenta
405 1116 516 1155 urbis
543 1123 707 1170 reperto
731 1117 809 1156 fuit
841 1118 1044 1168 narratio,
1076 1134 1169 1158 nam
1202 1121 1267 1158 alii
1301 1120 1357 1174 (v
1378 1122 1517 1163 lustin.
1551 1124 1576 1162 l.
1610 1138 1643 1163 c.

123 1174 237 1213 Serv.
266 1180 306 1212 et
331 1173 542 1228 Pompon.)
579 1175 711 1228 plimo
747 1182 870 1228 caput
899 1176 1120 1227 bubulum,
1153 1178 1217 1216 alii
1236 1179 1409 1231 palmam
1438 1181 1554 1218 simul
1576 1196 1643 1219 re-

119 1237 279 1283 pertam
304 1232 582 1283 tmdiderant,
621 1247 806 1285 proxlme
829 1241 963 1272 tamen
984 1235 1035 1272 ad
1066 1242 1249 1274 nostrum
1278 1238 1343 1275 alii
1375 1251 1436 1290 ap.
1458 1239 1639 1280 Eustath.

121 1289 173 1327 ad
204 1290 365 1342 Dionys,
394 1291 541 1342 Perieg.
579 1290 661 1333 195
701 1293 822 1345 εὑρον
856 1290 1043 1362 κεφαλήν
1074 1293 1226 1342 ι’,ππου
1266 1294 1335 1335 καὶ
1364 1293 1639 1348 συμβαλόντες

119 1348 397 1400 σημαίνεσθαι
429 1345 578 1402 σχολην
608 1345 747 1397 αὐτοῖς
773 1348 842 1390 καὶ
869 1366 952 1417 παρ
971 1345 1137 1391 ’ἄλλων
1166 1347 1284 1393 δόσιν
1314 1356 1490 1406 τροφῆς,
1521 1354 1636 1395 καθοὶ

117 1421 186 1445 και
210 1410 295 1454 τοῖς
326 1406 489 1456 ἵπποις,
533 1406 692 1446 ἔκτισαν
724 1407 768 1447 ἐν
797 1403 973 1464 τοιούτῳ
1006 1405 1117 1462 τόπῳ
1157 1407 1414 1463 Καρχηδόνα.
1453 1425 1546 1449 sane
1568 1412 1633 1450 di—

119 1476 233 1501 versa
264 1464 550 1515 interpretatio
580 1464 629 1501 de
661 1464 745 1503 otio
776 1479 821 1503 ac
849 1465 957 1517 pacis
982 1451 1145 1516 studiis,
1176 1467 1358 1519 inprimis
1377 1481 1426 1505 ex
1447 1471 1635 1508 meienti-

116 1521 214 1571 bus;
236 1522 350 1560 vides
373 1528 508 1560 tamen
537 1521 616 1560 hoc
643 1523 795 1574 ipsum,
820 1523 998 1574 sac-clem
1036 1526 1167 1573 victa,
1202 1525 1257 1563 ita
1294 1539 1547 1577 expressum,
1588 1534 1636 1566 ut

115 1579 198 1617 sine
220 1581 349 1618 multo
374 1580 512 1619 labore
529 1580 684 1619 victum
703 1580 923 1620 inveniant.
983 1581 1107 1629 Quod
1125 1582 1221 1621 Aen.
1242 1583 1308 1632 ΙΙΙ,
1341 1583 1424 1632 5140
1457 1598 1542 1635 sqq.
1571 1585 1635 1623 di-

113 1649 276 1675 versum
309 1652 359 1676 ex
388 1638 500 1689 equis
529 1639 741 1689 augurium
775 1639 952 1691 petitur,
993 1638 1094 1677 nihil
1121 1639 1259 1679 officit.
1318 1640 1510 1680 Poterant
1529 1643 1632 1681 enim

113 1695 275 1733 eaedem
294 1709 357 1734 res
391 1694 562 1734 diversis
583 1696 833 1748 temporibus
859 1703 898 1735 et
923 1709 1059 1735 rerum
1081 1698 1376 1736 conditionibus
1400 1699 1451 1737 ad
1475 1700 1632 1738 diversa

111 1752 219 1791 trahi
249 1755 396 1794 omnia.
457 1754 519 1792 Ita
550 1754 679 1794 ἵππον
712 1751 909 1807 πολέμιόν
938 1770 979 1795 τε
1005 1754 1074 1795 καὶ
1101 1753 1307 1808 ἐπήλυδα,
1349 1756 1578 1795 bellicosum
1596 1768 1632 1796 et

111 1811 314 1850 advenam
332 1812 710 1865 interpretabantur
744 1819 856 1852 vates
887 1812 1174 1852 Telmessenses
1204 1828 1264 1867 ap.
1286 1813 1479 1854 Herodot.
1501 1816 1530 1866 1,
1563 1818 1628 1857 78.

471 2150 1046 2211 EXCURSUS
1125 2151 1257 2208 XV

163 2265 358 2309 Pictura
388 2266 437 2309 in
466 2265 634 2323 templo
668 2264 967 2323 Carthaginis
998 2264 1056 2307 ab
1078 2265 1237 2308 Aenea
1258 2264 1561 2320 perlustrata.

221 2382 249 2431 I,
280 2382 365 2424 453
396 2397 481 2434 sqq.
535 2384 730 2434 Namque
758 2382 829 2419 sub
849 2383 1004 2432 lugenti
1028 2381 1172 2418 lustrat
1203 2380 1300 2418 (lum
1326 2381 1493 2430 singula
1516 2388 1616 2417 tem-

96 2439 194 2488 plo,
226 2441 642 2489 Dum—Artificum
663 2454 807 2477 marm-s·
828 2442 928 2477 inter
955 2453 994 2476 se
1028 2452 1269 2489 operumque
1300 2437 1452 2474 labores·
1475 2439 1615 2474 Mira-

102 2503 188 2546 tur,
219 2498 328 2536 videt
349 2499 506 2536 Iliacas
528 2513 576 2535 ex
593 2498 726 2537 ordine
738 2511 919 2548 pugnas.
980 2496 1033 2533 De
1059 2495 1214 2547 pictura
1244 2495 1364 2546 vulgo
1384 2494 1482 2532 haec
1510 2495 1614 2532 acci-

100 2554 291 2605 piuntur5
322 2562 362 2594 et
381 2570 420 2595 v.
442 2555 741 2606 464pisrturam
769 2567 952 2606 expresse
977 2552 1201 2604 appellavit.
1264 2552 1386 2599 Quod
1413 2553 1444 2589 si
1471 2565 1612 2591 verum

100 2617 181 2661 est,
213 2613 409 2652 adversus
425 2620 653 2665 temporum
679 2612 876 2651 rationem
900 2623 1062 2663 peccare
1080 2617 1198 2662 poeta
1219 2610 1362 2647 maluit
1382 2609 1480 2646 haec.
1501 2624 1611 2647 com-

98 2682 348 2720 memorans,
380 2671 502 2710 modo
521 2672 644 2722 gratis
673 2684 810 2710 rerum
837 2669 1072 2721 imaginibus
1101 2667 1327 2705 delectaret.
1385 2668 1483 2704 Nam
1504 2668 1609 2704 lliu-

97 2729 156 2765 cis
171 2729 416 2779 temporibus
435 2730 659 2780 nonjuisse
676 2728 862 2780 pingendi
881 2742 924 2765 al
928 2734 1006 2764 tem
1031 2733 1214 2775 apparet
1257 2739 1296 2762 v.
1316 2724 1415 2762 Plin.
1440 2725 1607 2773 XXXV,

98 2787 135 2825 6.
167 2786 438 2825 Observatum
458 2786 569 2825 hoc
559 2801 636 2824 iam
655 2792 715 2824 est
735 2787 915 2837 Gogueto
933 2785 980 2821 cl(
1002 2785 1133 2832 origg.
1157 2782 1267 2832 legg
1293 2790 1369 2820 art.
1391 2790 1428 2819 et
1443 2782 1602 2831 ‹lise-ild.

95 2842 208 2882 Tom.
229 2844 294 2893 III,
314 2859 352 2896 p.
382 2844 478 2886 346.
531 2845 581 2882 Et
606 2845 826 2882 Homerum
851 2842 1078 2893 sculptuiae
1105 2852 1224 2889 opeia
1256 2839 1294 2876 in
1325 2840 1432 2876 omni
1461 2838 1603 2876 metal-

93 2898 225 2939 lorum
243 2915 386 2953 genere
405 2915 649 2951 memmare,
691 2902 808 2939 nulla
821 2903 1024 2951 pictur-‚ae
1054 2896 1267 2946 unicuique
1300 2896 1515 2934 Homerum
1547 2896 1602 2931 lo—

91 2959 199 3008 genti
228 2959 343 2998 facile
363 2959 578 2998 succurrit.
640 2958 867 2998 Videndum
895 2957 1037 3009 igitur,
1069 2968 1118 2991 an
1138 2953 1324 3004 Virgilius
1349 2968 1427 2991 non
1461 2954 1508 2990 de
1537 2953 1599 3003 pi-
