1827 3436
535 268 655 315 AD
730 265 1254 315 LIBRUM!
1545 273 1646 318 215

128 402 280 452 pietate
314 396 488 448 insignis
519 395 721 446 impulsus
738 393 873 446 ficet-it
903 394 1060 431 volvere
1087 401 1144 430 tot
1170 407 1290 430 casus
1323 401 1395 430 ecc.
1458 394 1646 445 Sequitur

130 466 266 498 tamen
301 455 497 494 alterum:
549 452 696 506 quidve
734 453 873 490 dolens
911 453 1056 503 regina
1096 452 1216 489 deum
1254 457 1310 488 tot
1343 450 1497 489 volvere
1529 467 1647 491 casus

129 519 262 555 virum
297 512 516 564 impulerit.
599 510 778 549 Recessit
814 510 950 560 itaque
991 514 1111 561 poeta
1143 522 1166 546 a
1199 507 1334 561 priore
1361 507 1570 559 iunctura,
1607 517 1648 549 et

130 572 289 612 transiit
320 571 373 609 ad
402 570 541 619 aliam3
581 568 693 620 quod
721 568 904 620 exemplo
938 567 1052 607 haud
1080 579 1216 605 carere
1243 565 1424 607 meminiz
1454 566 1496 603 in
1524 580 1646 605 exor-

129 631 197 670 dio
234 636 371 668 tamen
411 629 565 667 factum
603 627 743 666 miror.
810 627 938 667 Porro
977 639 1062 665 non
1098 626 1199 666 bene
1234 624 1373 676 quaeri
1409 624 1585 676 potuisse
1625 640 1646 663 a

128 694 247 742 poeta
272 687 458 727 videtur:
487 686 694 738 quodnam
716 685 823 723 illud
849 699 997 723 namen
1014 684 1171 735 siberin
1205 696 1298 721 cum
1328 683 1376 720 de
1404 683 1556 720 Iunone
1582 697 1646 724 sa-

128 748 177 786 tis
207 750 433 796 constaret,
467 757 541 782 nec
566 757 617 782 ex
648 743 772 781 Musis
800 742 844 783 id
872 741 1152 794 quaerendum
1183 747 1292 789 erat,
1324 753 1417 781 nam
1446 740 1529 792 ipse
1563 747 1646 779 sta-

130 805 201 846 tim
247 803 410 842 subiicit
454 805 675 849 Junonem;
726 801 908 840 latebant
949 806 1110 841 tantum
1149 811 1313 838 caussae
1348 800 1431 836 irae
1471 798 1645 847 Iunonis,

127 878 231 916 quas
269 877 364 900 mox
390 876 418 899 α
448 863 580 899 fflusa
607 868 831 911 compertas
851 868 977 910 poeta
1007 861 1118 898 varie
1148 859 1326 909 exponit.
1392 855 1563 896 Videtur
1590 857 1645 895 ita

127 927 213 962 tota
248 921 446 959 sententia
479 919 538 956 acl
567 933 693 956 unam
726 919 922 957 lunonem
949 916 1180 957 revocanda
1211 928 1306 956 esse.
1375 915 1479 953 Tum
1513 921 1645 952 autem

126 978 350 1019 molestiam
388 977 545 1016 faciunt
575 977 719 1016 verba:
755 990 834 1028 quo
864 978 1029 1014 numine
1061 976 1195 1023 laeso,
1228 973 1374 1026 quidve
1408 973 1545 1010 dolens
1582 987 1645 1010 re-

123 1040 230 1089 gina
259 1037 379 1074 deum
413 1037 544 1074 viram
575 1057 632 1064 —
666 1035 872 1086 impulerit
885 1049 902 1081 ;
944 1033 976 1072 si
1018 1033 1125 1072 enim
1159 1046 1306 1071 namen
1347 1030 1552 1071 diversum
1595 1031 1645 1069 ab

125 1096 213 1149 ipsa
243 1100 322 1134 est:
368 1108 457 1133 eam
492 1094 657 1131 alterius
689 1094 758 1132 dez·
784 1092 950 1132 iniurias
988 1091 1125 1131 ulcisci
1162 1090 1336 1132 voluisse
1372 1101 1530 1128 necesse
1566 1094 1646 1137 est,

126 1154 216 1205 quis
253 1167 352 1192 vero
382 1152 449 1192 ille
488 1151 564 1190 fuit
607 1157 679 1189 aut
717 1163 801 1189 esse
841 1150 1006 1202 potuit?
1054 1155 1097 1187 et
1132 1162 1212 1200 quo
1246 1153 1460 1200 poetarum
1495 1159 1571 1185 usu
1606 1153 1645 1185 et

126 1211 312 1263 exemplo
342 1211 443 1249 Iuno
473 1209 570 1249 alios
598 1209 693 1247 deos
715 1208 853 1248 ulcisci
880 1208 982 1247 velle
1009 1207 1141 1248 videri
1163 1206 1326 1259 potest?
1358 1205 1483 1254 Dicas,
1504 1217 1643 1243 exem-

125 1271 194 1323 plo
230 1270 273 1309 id
301 1269 405 1308 lovis
434 1269 566 1307 facere
594 1281 682 1306 eam
716 1279 854 1319 posse,
895 1266 965 1318 qui
996 1265 1037 1304 in
1065 1265 1239 1305 Palladis
1276 1263 1445 1316 gratiam
1482 1262 1643 1300 Aiacem

126 1329 231 1368 Oilei
258 1328 369 1366 ultus
402 1333 462 1365 est
496 1326 566 1364 inf.
596 1324 664 1367 43.
735 1325 886 1364 Verum
922 1338 1006 1363 non
1037 1328 1195 1364 constat
1227 1321 1277 1361 de
1304 1320 1468 1362 numine
1496 1320 1641 1371 aliquo,

126 1386 240 1426 cuius
266 1399 447 1424 caussam
475 1384 576 1422 Iuno
604 1383 822 1435 susceperit
832 1398 842 1432 3
872 1395 963 1420 suas
992 1382 1059 1420 illa
1087 1381 1188 1431 iras,
1228 1393 1299 1420 sua
1330 1379 1423 1418 odia
1451 1379 1641 1417 exercuit.

126 1445 197 1484 Sin
234 1445 403 1484 Iunonis
431 1457 579 1480 namen
609 1447 694 1480 est:
737 1455 818 1492 quo
849 1440 1013 1479 tandem
1047 1453 1166 1478 sensu
1196 1443 1331 1490 potest
1367 1436 1524 1488 quaeri:
1564 1451 1641 1488 qao

125 1505 288 1541 numine
323 1502 465 1541 laeso?
505 1502 662 1538 Suntne
701 1499 784 1538 eius
821 1500 992 1538 numina
1029 1497 1189 1549 plara?
1234 1503 1279 1534 ut
1315 1495 1454 1546 quaeri
1497 1494 1637 1546 possit,

125 1562 236 1613 quod
258 1562 344 1598 eius
369 1573 518 1597 namen
546 1559 703 1596 laesam
718 1556 884 1609 fuerit?
918 1562 979 1605 et,
1004 1556 1035 1593 si
1061 1559 1299 1606 quaeratur,
1323 1567 1443 1604 quam
1463 1552 1640 1590 ieiunum

124 1618 204 1657 hoc
241 1624 302 1656 est
342 1617 385 1655 in
421 1622 563 1669 poeta,
603 1621 642 1653 et
679 1615 721 1653 in
755 1614 942 1653 carminis
971 1613 1162 1652 exordio!
1208 1611 1363 1650 Placuit
1399 1617 1529 1648 tamen
1563 1609 1641 1647 hoc

123 1677 203 1715 iam
236 1675 442 1716 veteribus
477 1673 587 1726 apud
615 1673 826 1722 Servium3
861 1678 901 1711 et
928 1671 1156 1711 Macrobius
1188 1672 1269 1708 Sat.
1297 1669 1325 1718 Ι,
1358 1671 1423 1711 17.
1453 1667 1640 1719 probasse

123 1735 309 1776 videtur:
341 1747 431 1771 cum
461 1733 582 1781 dicat,
622 1731 831 1770 Maronem
862 1730 1101 1779 ostendisse,
1140 1730 1256 1767 unius
1286 1727 1353 1765 clei
1377 1725 1538 1779 effeetus
1562 1740 1640 1763 να-

123 1795 203 1831 rios
232 1807 309 1844 pro
345 1792 471 1830 maiis
509 1790 722 1828 censendos
763 1803 845 1827 esse
877 1787 1125 1827 numinibus.
1170 1785 1354 1837 sequitur
1392 1783 1472 1822 hoc
1512 1783 1639 1822 Corda

124 1866 216 1891 cum
252 1843 359 1899 aliis,
391 1855 589 1899 ornatque
622 1849 891 1886 Burmannus.
961 1846 1140 1894 Scilicet,
1177 1858 1268 1882 cum
1304 1857 1450 1881 namen
1482 1841 1533 1879 sit
1563 1855 1639 1880 vo·-

123 1910 278 1958 luntas,
317 1915 406 1946 tum
438 1913 615 1959 potestas
654 1920 700 1943 ac
728 1906 915 1944 maiestas
952 1904 1036 1953 dei,
1081 1902 1209 1956 (unde
1248 1900 1412 1940 tandem
1451 1913 1523 1951 pro
1553 1899 1637 1951 ipso

123 1968 199 2006 deo
227 1968 392 2017 eiusque
419 1972 588 2013 natura,
625 1970 696 2003 aut
726 1964 887 2002 nomine
916 1976 961 2000 ac
983 1962 1103 2003 titulo
1128 1957 1311 2013 ponitur)
1337 1957 1537 2010 potentiae
1564 1971 1637 1995 au-

123 2033 206 2065 tem
251 2031 385 2078 partes
426 2037 509 2062 esse
551 2023 727 2075 possint,
775 2021 1033 2069 divitiarum,
1072 2032 1312 2071 regnorum,
1350 2016 1636 2066 coniugiorum,

122 2091 285 2137 partus,
319 2083 384 2121 cui
414 2082 481 2120 illa
509 2087 717 2134 praeerat,
751 2080 866 2118 aiunt
895 2078 1056 2130 quaeri:
1085 2092 1167 2129 qua
1183 2084 1300 2128 parte
1330 2077 1414 2115 eins
1433 2075 1637 2124 polentiae

123 2143 270 2182 laesa?
317 2140 426 2192 quod
463 2138 642 2178 ieiunum
674 2145 714 2176 et
744 2138 938 2190 vapidum
968 2150 1050 2174 csse
1083 2136 1200 2174 dices.
1269 2134 1352 2170 Um·
1378 2131 1538 2182 quidem
1565 2131 1636 2168 cleo

114 2202 242 2252 plara
277 2201 446 2238 numina
482 2200 631 2246 inesse,
672 2210 747 2235 nec
780 2210 856 2235 usu
888 2208 960 2233 nec
988 2194 1145 2232 ratione
1174 2191 1270 2231 mihi
1308 2189 1470 2241 quidem
1498 2189 1633 2239 liquet.

123 2259 163 2297 Si
194 2264 336 2311 poetae
375 2257 424 2295 de
460 2272 538 2294 ιωιο
572 2256 646 2294 deo
684 2257 856 2293 namma
895 2258 1143 2301 memorant,
1174 2250 1216 2289 id
1246 2249 1291 2287 fit
1319 2247 1474 2300 poetica
1507 2246 1635 2285 ratio-

123 2330 188 2366 ne,
229 2323 278 2355 ut
317 2314 482 2367 pluralis
524 2328 597 2366 pro
632 2313 822 2365 singulari
863 2317 1052 2364 ponatur.
1122 2308 1298 2348 Addam:
1338 2317 1548 2344 occurrere
1594 2304 1633 2341 in

122 2375 250 2427 poetis
287 2374 472 2413 notiones
505 2374 682 2410 numinis
714 2371 807 2408 alias
819 2385 830 2421 3
869 2370 964 2422 poni
1002 2383 1076 2421 pro
1106 2367 1297 2418 religione
1337 2363 1529 2411 numinis,
1562 2375 1634 2413 pro

121 2433 262 2482 saeris,
305 2446 428 2484 porro
467 2445 540 2483 pro
580 2432 740 2467 monitis
781 2428 980 2476 numinis,
1023 2426 1158 2474 iussis,
1191 2422 1409 2470 vaticiniis,
1453 2420 1634 2459 consiliis.

121 2492 271 2531 Verum
312 2490 374 2528 his
414 2489 700 2541 significantibus
736 2500 810 2525 nec
851 2501 929 2538 quo
969 2499 1042 2524 nec
1078 2485 1187 2522 lae-so
1230 2479 1429 2520 convenit.
1502 2478 1637 2516 Laesa·

121 2563 270 2588 numen
301 2548 451 2587 dicitur
482 2547 633 2588 violata
676 2546 759 2583 eius
790 2545 1017 2593 maiestate,
1063 2542 1242 2592 adeoque
1281 2539 1332 2577 ad
1360 2538 1462 2577 iram
1497 2542 1536 2574 ct
1571 2535 1633 2573 ul-

122 2608 272 2647 tionem
306 2606 409 2645 illud
448 2604 683 2659 provocari,
722 2605 1002 2654 frequentatur
1045 2599 1228 2653 inprimis
1268 2598 1317 2636 de
1353 2594 1549 2648 periurio,
1588 2599 1634 2631 ut

121 2666 230 2718 apud
277 2665 420 2703 Horat.
455 2665 556 2702 Cum
605 2672 648 2702 ιιι
694 2675 937 2712 magnorum
985 2673 1131 2698 numen
1173 2658 1334 2695 laesura
1374 2655 1535 2693 deorum
1583 2652 1634 2688 ln

122 2724 241 2762 verba
275 2723 440 2761 iurabas
478 2736 583 2759 mea.
648 2721 714 2759 Sic
756 2719 938 2758 Tibullus
979 2716 1187 2769 aliquoties
1223 2720 1261 2753 et
1292 2712 1378 2762 alii,
1415 2716 1453 2748 et
1488 2709 1536 2749 de
1567 2722 1631 2746 sa—

121 2781 280 2834 crilegio
313 2781 384 2820 inf.
418 2780 462 2829 Il,
497 2782 590 2821 183.
619 2794 693 2831 pro
724 2780 886 2816 numine
915 2777 1039 2814 laeso.

234 2839 331 2878 Fuit
364 2839 428 2878 vir
461 2838 618 2887 doctus,
649 2837 717 2888 qui
746 2836 952 2887 iungeret:
983 2849 1061 2886 qao
1081 2832 1284 2882 impulerit
1295 2844 1309 2876 ;
1343 2832 1389 2866 ut
1418 2826 1481 2872 sit,
1508 2836 1629 2874 quor—

120 2911 230 2947 sum,
275 2912 355 2949 quo
401 2896 577 2935 consilio.
656 2894 874 2933 Enimvero
918 2898 1054 2930 manet
1094 2891 1149 2928 sic
1182 2887 1291 2939 quod
1332 2883 1552 2934 ambiguam
1592 2886 1628 2916 et

120 2955 263 2993 duram
294 2962 541 2994 structuram
583 2953 742 3002 reddit,
782 2951 982 3004 apposito:
1014 2951 1174 2988 numine
1204 2947 1327 2983 laeso.
1393 2943 1543 2986 Restat,
1579 2943 1625 3000 'ul

120 3013 360 3067 accipiamus
408 3027 554 3052 numen
603 3012 769 3050 lunonis
818 3011 973 3048 laesum
1023 3006 1157 3047 multis
1206 3003 1325 3042 rebus
1373 3014 1417 3037 ac
1463 3009 1628 3042 caus—*³1⁵3
