1779 3420
79 241 182 290 346
411 235 465 284 Ρ.
504 231 857 284 VIRGILII
895 227 1271 277 MARONIS

77 367 146 416 Et
171 362 379 428 direpta
399 358 620 422 domUS,
663 367 715 408 et
736 356 882 423 parvi
908 371 1055 404 casus
1081 355 1196 406 Iuli.

78 433 356 500 RespiciO,
397 439 451 480 et
471 446 608 497 quae
630 430 695 477 sit
714 444 804 475 me.
826 427 1027 475 circum
1051 426 1204 491 copia
1230 424 1412 476 lustro,

78 508 383 556 Deseruere
408 516 599 550 omnes
621 497 842 559 defessi,
883 505 935 546 et
962 512 1191 562 corpora
1211 495 1345 545 saltu

80 574 166 627 Ad
188 583 389 624 terram
408 571 605 620 misere
631 578 719 618 aut
741 567 950 633 ignibus
980 582 1135 631 aegra
1160 566 1378 617 dedere.

150 648 376 712 Iamque
418 641 553 691 adeo
599 656 762 706 super
801 654 942 689 unus
984 654 1156 688 eram:
1218 653 1389 704 quum
1429 636 1612 685 limina

875 712 1068 760 Vestae

1509 497 1613 548 565

152 789 268 838 567.
308 785 482 851 [IAMQ.

174 904 244 940 563
271 911 311 935 ut
333 902 368 934 d.
387 900 528 934 codices
546 910 602 943 ap.
626 899 716 932 Pier.
767 907 802 932 ec
819 898 971 932 deserta
992 896 1052 930 alii
1071 909 1126 942 ap.
1150 896 1252 930 eund..
1350 894 1419 930 564
1444 894 1614 940 Despicio

83 952 228 985 Oudart.
278 962 333 982 me
349 950 483 982 circum
506 947 626 980 Heius.
654 959 672 980 e
691 946 794 979 codd.
816 951 855 978 ut
878 944 1043 986 mollius3
1077 944 1183 988 vulgo
1204 945 1339 977 circum
1359 955 1426 975 me.
1465 940 1526 986 (ita
1546 940 1614 974 soli

83 1011 125 1032 ex
147 996 284 1032 Heinsii
302 995 402 1029 libris
423 994 595 1028 Montalb.
620 1001 656 1027 et
676 994 801 1026 Hamb.
821 1005 895 1038 pr.;
922 992 980 1037 qui
1004 992 1142 1036 positus
1163 990 1291 1023 iniuria
1320 990 1494 1035 probatur
1521 991 1613 1022 San-

81 1046 178 1079 tenio
199 1045 243 1078 ad
260 1046 342 1078 Ter.
363 1044 474 1076 Maur.
496 1055 530 1088 p.
552 1043 657 1082 261.;
683 1041 754 1074 vid.
773 1042 817 1075 V.
835 1041 878 1073 L.
899 1040 944 1072 ad
965 1041 1030 1081 XI,
1048 1041 1129 1074 298.
1160 1039 1258 1082 lVr.)
1309 1039 1348 1071 Iu
1380 1036 1490 1072 Wall.
1520 1050 1538 1069 a
1568 1048 1612 1068 m.

82 1105 136 1138 pr.
173 1104 266 1138 quae
302 1093 351 1124 sic
377 1103 499 1124 reram
529 1090 618 1122 mllzi
644 1090 762 1135 copia.
858 1088 927 1122 566
961 1088 1146 1120 dederunt
1174 1086 1289 1130 Bigot.
1386 1084 1455 1119 567
1482 1085 1613 1117 Versus

83 1140 121 1173 hi
140 1141 247 1172 XXII
266 1150 375 1183 usque
396 1138 442 1170 ad
461 1150 493 1170 v.
515 1138 583 1173 538
604 1137 647 1169 ab
681 1135 841 1169 omnibus
873 1134 998 1175 Pierii,
1032 1133 1188 1175 Heinsii,
1224 1139 1259 1165 et
1292 1130 1478 1165 Burmanni
1508 1130 1612 1164 codd.

82 1188 249 1229 aberant,
276 1193 422 1230 excepto
446 1186 586 1229 Mcnag.
612 1183 693 1226 alt.,
719 1183 755 1216 in
774 1194 843 1227 quo
864 1182 1062 1215 recentiore
1087 1193 1191 1214 manu
1208 1186 1307 1213 erant
1329 1178 1520 1223 adscripti,
1546 1177 1613 1211 ad-

82 1236 156 1268 dita
176 1233 456 1279 subscriptione:
485 1234 565 1265 Ιεια
583 1240 701 1264 metra
722 1243 796 1263 non
819 1238 907 1263 sunt
926 1230 971 1262 de
993 1238 1108 1262 textu.
1160 1230 1198 1260 In
1229 1226 1407 1260 nonnullis
1438 1239 1495 1270 ap.
1521 1226 1613 1257 Bur-

81 1294 243 1315 mannum
263 1282 346 1326 (non
368 1280 405 1313 in
425 1280 585 1312 omuibus
606 1278 706 1312 libris
720 1304 728 1320 ,
754 1285 792 1310 ut
811 1278 980 1309 Catroens
1000 1277 1117 1312 iactati
1140 1288 1208 1308 non
1238 1275 1295 1309 hic
1326 1274 1388 1307 sed
1417 1273 1519 1306 initio
1540 1277 1613 1306 Ae-

81 1329 195 1363 ueidis
219 1328 354 1362 exarati
375 1327 613 1373 reperiuntur.
663 1328 788 1370 Neque
808 1324 874 1357 lios
895 1337 1013 1356 versus
1035 1322 1195 1364 Servius,
1220 1324 1380 1355 Donatus
1401 1327 1435 1353 et
1454 1322 1613 1364 Pompo—

81 1377 158 1410 nius
176 1377 464 1421 interpretantur.
514 1376 648 1407 Desunt
671 1373 778 1406 etiam
799 1372 833 1404 in
857 1372 937 1404 edd.
968 1371 1149 1403 nonnullis
1176 1370 1328 1414 antiquis
1344 1395 1352 1410 ,
1388 1368 1451 1400 sed
1478 1367 1613 1413 paucis.

81 1426 108 1458 E
129 1424 316 1457 Codieibus
336 1435 441 1456 unum
462 1421 737 1463 Dorvillianum,
772 1419 901 1452 nullius
927 1418 1151 1452 auctoritatis
1183 1417 1361 1458 codicem,
1397 1417 1614 1448 Burmannus

82 1478 273 1513 memorat,
298 1471 333 1503 in
354 1482 422 1516 quo
444 1470 498 1503 illi
520 1469 743 1514 legebantur.
791 1470 837 1500 At
857 1479 875 1499 e
901 1466 1031 1499 nostris
1052 1465 1230 1499 Gothanis
1259 1464 1391 1509 primus
1421 1469 1457 1495 et
1484 1474 1614 1496 secuu-

82 1520 147 1553 dus
169 1531 230 1552 eos
251 1518 422 1551 exhibent
436 1544 445 1559 ,
470 1524 509 1550 ut
536 1524 571 1550 et
592 1518 762 1560 Bongars.
786 1515 876 1548 alter
895 1514 929 1546 in
948 1513 1133 1558 Excerptis
1155 1512 1267 1545 Cortii
1289 1518 1325 1544 et
1340 1509 1503 1545 Vaticani
1519 1521 1614 1543 non-

82 1567 195 1608 nulli,
222 1567 285 1599 sed
306 1578 428 1600 omnes
448 1564 679 1598 recentiores.
698 1576 729 1596 V.
751 1563 864 1607 praes.
887 1560 1039 1594 Bottarii
1068 1561 1113 1593 ad
1138 1562 1277 1605 Fragm.
1311 1558 1427 1592 vatic.
1460 1570 1494 1602 p.
1519 1559 1613 1591 VIII.

82 1616 153 1648 Iam
175 1614 241 1646 lios
259 1626 379 1647 versus
399 1613 618 1657 Virgilianos
642 1623 738 1650 esse,
765 1621 837 1642 non
859 1616 929 1650 est,
957 1608 1053 1653 quod
1077 1608 1218 1640 dubites
1233 1633 1240 1647 ‚
1268 1605 1297 1638 si
1318 1617 1438 1638 eorum
1456 1604 1615 1637 indolem

84 1668 120 1695 et
139 1673 361 1694 numerosam
380 1666 600 1693 venustatem
621 1657 794 1703 exquiras.
844 1660 889 1689 At
918 1655 1063 1689 relictos
1091 1667 1172 1687 mox
1200 1654 1243 1687 ab
1276 1653 1355 1698 ipso
1384 1652 1439 1685 vel
1463 1652 1507 1684 ab
1536 1651 1613 1685 aliis

83 1716 239 1743 resectos
259 1721 336 1742 esse
354 1720 498 1742 neeesse
522 1713 587 1740 est.
636 1707 675 1738 In
688 1704 909 1737 Dorvilliano
929 1703 1147 1746 adscriptum
1168 1708 1259 1735 erat:
1292 1703 1413 1733 Tucca
1432 1707 1468 1732 et
1490 1700 1616 1733 Varus

86 1756 123 1800 (l.
148 1757 290 1800 Varius)
309 1757 558 1789 detraxerunt
579 1755 670 1787 haee
702 1752 860 1799 sirgilio
888 1752 1074 1791 carmina,
1111 1762 1219 1794 quum
1253 1747 1491 1780 emendarent
1517 1747 1617 1779 hunc

85 1803 217 1837 librum
239 1806 343 1837 iussu
365 1803 563 1837 Octaviani
582 1802 640 1846 (cs.
658 1800 777 1834 Vitam
799 1798 943 1842 Virgilii
962 1811 990 1831 c.
1012 1796 1067 1832 14.
1092 1796 1162 1839 15).
1210 1794 1342 1830 Similis
1373 1800 1458 1826 nota
1480 1793 1517 1826 in
1535 1793 1614 1826 aliis

85 1863 223 1896 quoque
244 1851 395 1884 occurrit
410 1877 419 1892 ,
443 1857 482 1883 ut
500 1849 534 1881 in
556 1847 795 1881 Brunekianis.
845 1846 959 1878 Etiam
981 1845 1016 1877 in
1036 1844 1162 1877 Hamb.
1181 1856 1253 1876 sec.
1275 1849 1310 1876 et
1340 1841 1375 1874 in
1394 1840 1614 1886 Guelpherb.

84 1910 152 1932 uno
166 1926 174 1941 ,
201 1899 294 1943 quod
311 1898 346 1930 in
365 1897 547 1942 Excerptis
569 1895 679 1928 Cortii
700 1901 860 1927 notatum
880 1892 985 1926 video
999 1918 1007 1934 ,
1031 1891 1154 1925 similis
1170 1898 1256 1923 nota
1283 1889 1511 1929 occurrebat5
1547 1888 1614 1921 ad-

85 1946 158 1978 dita
178 1946 335 1979 ratione:
362 1946 436 1979 Sed
459 1947 580 1978 Tucca
597 1951 633 1976 et
658 1944 782 1976 Varus
800 1942 869 1975 hoc
898 1940 1008 1984 (quod
1032 1942 1168 1972 Aeneas
1202 1937 1360 1970 Helenae
1389 1948 1527 1968 manum
1557 1936 1614 1967 in—

85 1993 180 2026 ferre
199 1993 356 2037 volebat)
375 2005 449 2026 non
471 1999 676 2037 competere
696 1990 782 2022 stilo
801 1989 948 2021 heroico
968 2013 976 2029 ,
998 1988 1085 2032 qaia
1104 1994 1214 2031 turpe
1231 1993 1327 2018 esset
1351 1984 1428 2016 viro
1450 1982 1553 2029 forti
1573 1984 1613 2016 in

85 2041 272 2074 mulierem
295 2052 428 2073 manus
450 2040 640 2078 iniecisse,
665 2037 752 2070 illos
774 2034 1052 2069 subtraxerunt.
1104 2035 1240 2066 Hausta
1262 2032 1428 2064 videntur
1455 2031 1543 2063 haec
1574 2042 1615 2062 ex

85 2088 220 2130 Servio,
246 2100 347 2133 quem
368 2100 399 2120 v.
416 2087 462 2120 ad
484 2099 516 2120 v.
536 2086 617 2125 592,
637 2083 697 2116 ubi
715 2083 857 2117 additur
877 2081 946 2115 alia
969 2092 1100 2121 caussa,
1128 2093 1188 2114 cur
1209 2078 1338 2112 sublati
1355 2077 1498 2118 fuerint,
1520 2077 1615 2122 quod

86 2134 262 2168 contraria
281 2135 337 2168 his
360 2136 411 2179 (et
434 2146 510 2178 sup.
533 2132 694 2166 versibus
718 2132 788 2166 310
805 2142 856 2175 sq.
881 2131 953 2163 iam
975 2129 1036 2172 D.)
1061 2128 1222 2161 dicantur
1244 2132 1329 2160 Aen.
1349 2127 1410 2166 VI,
1438 2127 1508 2160 510
1537 2136 1615 2169 sqq.

86 2182 190 2223 Quod
216 2182 358 2226 quidem
386 2181 504 2227 paullo
535 2180 693 2223 gravius,
735 2178 886 2211 alterum
912 2188 998 2209 vero
1025 2175 1238 2208 levissimum
1272 2179 1326 2206 est
1353 2179 1613 2216 argumentumz

85 2241 155 2262 non
176 2230 266 2262 enim
284 2230 486 2263 indecorum
507 2227 621 2260 videri
639 2229 780 2259 Aeneae
795 2252 803 2268 ,
828 2224 923 2269 quod
944 2223 1101 2257 Helenae
1115 2249 1124 2265 ,
1150 2221 1302 2255 omnium
1322 2220 1493 2253 malorum
1511 2231 1614 2252 caus-

86 2289 163 2316 sae,
190 2283 403 2322 conspectu,
428 2275 548 2321 paullo
570 2274 709 2318 gravius
733 2271 924 2313 exarserit,
950 2271 979 2304 si
1003 2270 1156 2315 penitius
1185 2281 1259 2302 rem
1288 2267 1475 2312 inspicias,
1509 2265 1614 2299 facile

86 2323 276 2367 intelligas.
325 2325 451 2367 Neque
473 2323 548 2356 sine
567 2323 610 2355 iis
641 2333 801 2354 versuum
825 2320 907 2354 589.
938 2320 1019 2353 592.
1048 2317 1130 2353 594.
1158 2317 1227 2352 595
1256 2314 1432 2350 sententia
1463 2320 1614 2347 constat.

85 2369 123 2404 Si
140 2378 257 2403 tamen
272 2370 405 2404 sublati
423 2371 522 2403 fuere
542 2370 565 2402 ii
584 2381 725 2410 versus,
760 2369 898 2402 Tuccae
924 2374 958 2399 et
984 2365 1084 2399 Varii
1112 2363 1242 2398 iudicio
1256 2390 1265 2405 ,
1296 2369 1356 2396 aut
1381 2362 1477 2394 forte
1504 2360 1614 2406 ipsius

880 2462 987 2487 cesse
1007 2454 1087 2496 est,
1110 2461 1233 2499 supra
1252 2460 1289 2485 v.
1307 2444 1404 2489 458.
1425 2444 1510 2486 460
1530 2458 1615 2495 sqq.

86 2452 208 2490 subiit
253 2455 445 2503 genitoris
492 2456 633 2504 imago
658 2483 668 2501 ,
736 2451 820 2489 vid.

87 2510 219 2562 Heyn.
254 2511 347 2549 Not.
375 2511 426 2549 ad
455 2512 516 2561 X,
559 2510 655 2552 824.
700 2508 819 2562 W.)

87 2569 184 2612 563.
215 2570 392 2619 Dt'repta
409 2569 576 2617 domus,
617 2569 660 2606 in
689 2581 820 2620 prosa,

88 2626 259 2678 direptio
282 2626 425 2664 domus
443 2640 553 2664 meae
580 2627 713 2664 animo
745 2626 820 2664 ob—

87 2684 317 2734 iiciebatur,
348 2685 460 2735 quasi
481 2685 562 2722 iam
587 2685 704 2722 sacta.
746 2700 819 2722 ea-

88 2759 156 2781 sas
199 2744 309 2781 lull:
369 2742 470 2793 quid
514 2743 600 2780 lulo
640 2742 821 2780 accidere

88 2801 224 2854 possit.
295 2799 392 2838 Mox
429 2799 514 2844 564
552 2803 671 2850 eopia
702 2801 820 2838 docte

87 2874 162 2911 pro
192 2858 315 2910 copiis
326 2872 337 2908 3
376 2864 520 2896 notant
549 2858 820 2896 Grannnatici.

89 2919 136 2957 cs.
155 2917 425 2956 Burmannus.
477 2916 572 2959 565.
605 2915 778 2953 Aeneam
800 2931 820 2954 c

88 2977 195 3016 turri
214 2981 461 3028 pugnantem
486 2973 711 3013 meminisse
747 2987 819 3012 ne—

879 2507 1067 2545 incendio
1091 2506 1171 2543 iam
1200 2518 1273 2557 per
1298 2503 1447 2554 regiam
1470 2503 1614 2541 Priami

879 2579 1018 2617 sparso
1053 2563 1246 2602 desiliunt
1286 2562 1352 2599 alii
1379 2561 1422 2598 in
1449 2567 1614 2610 terram,

879 2624 943 2663 alii
962 2623 1059 2662 dum
1077 2621 1184 2660 vires
1205 2620 1256 2658 ad
1287 2621 1421 2670 fugam
1449 2619 1615 2671 capien-

880 2683 973 2721 dam
998 2680 1206 2728 deficiunt,
1226 2678 1307 2730 igni
1330 2677 1615 2718 absumuntur.

879 2754 1046 2791 corpora
1061 2752 1188 2789 aegra
1204 2767 1213 2786 ,
1250 2736 1343 2787 quia
1366 2735 1516 2786 ‹lise-ssi
1533 2749 1614 2787 pu—

878 2798 1061 2851 gnando,
1094 2795 1283 2834 exhausti
1306 2794 1471 2832 viribus.

937 2852 1197 2899 567—574.
1229 2855 1465 2903 Sequuntur
1492 2864 1615 2891 verss.

880 2914 998 2953 XXII
1021 2928 1042 2951 a
1067 2912 1248 2951 codicum
1267 2916 1382 2962 parte
1394 2911 1616 2958 exulantes,

880 2987 981 3024 quos
1002 2976 1172 3011 narrant
1203 2984 1224 3007 a
1255 2969 1388 3007 Tucca
1416 2975 1456 3007 et
1494 2967 1615 3007 Vario
