1811 3388
458 236 582 285 AD
654 239 1087 295 LIBRUM
1158 250 1240 298 vl
1375 263 1601 311 ⁷1023

99 355 201 395 libro
220 357 474 401 exhibentur.
533 363 618 401 Etsi
639 378 736 404 vero
755 367 833 406 hoc
854 371 1103 412 manifestum
1137 382 1218 424 est,
1258 392 1348 417 cum
1379 388 1509 423 tamen
1534 400 1600 425 re-

97 417 368 465 praesentatio
396 419 460 456 illa
488 419 706 472 Eleusinia,
734 431 781 463 ut
810 440 858 465 ex
889 428 1025 468 iisdem
1053 431 1150 470 locis
1178 433 1392 487 intelligas,
1434 442 1484 479 ad
1507 444 1600 482 vul—

95 484 207 521 gares
245 473 418 525 fabulas,
467 476 796 531 philosophorum
833 487 1098 526 vetustiorum
1136 490 1319 530 doctrina
1347 497 1519 546 primum
1558 502 1598 540 in

97 529 303 568 Graeciam
351 532 501 583 illatas,
553 538 815 590 attemperata
858 542 999 593 fuerit;
1049 559 1129 584 non
1166 549 1296 588 minus
1335 552 1598 596 demonstrari

94 599 208 637 posse
245 588 342 626 velis
369 604 526 642 quoque
557 593 654 644 hoc,
701 596 906 648 Virgilium
941 615 1019 639 non
1049 604 1209 642 aliunde
1236 621 1346 646 suam
1380 610 1598 654 inferorum

95 643 279 683 locorum
318 646 623 699 descriptionem
663 654 842 705 petiisse,
890 670 1057 709 eumque
1100 661 1317 702 Eleusinias
1356 672 1598 709 ceremonias

95 702 257 752 vulgare
288 711 358 742 aut
384 707 555 745 voluisse
581 716 648 748 aut
677 713 871 762 potuisse,
919 729 1009 754 cum
1041 730 1112 756 nec
1148 719 1278 771 ipsum
1309 723 1448 763 iisdem
1477 730 1597 766 sacris

90 758 294 798 initiatum
330 775 410 800 csse
441 772 619 813 constet,
659 781 750 817 nec,
782 771 812 808 si
841 771 918 809 hoc
953 781 1174 824 constaret,
1213 779 1303 817 talis
1340 780 1522 833 impietas
1554 787 1596 824 in

92 818 356 856 castissimum
380 828 538 872 poetam
562 825 699 872 cadat,
740 834 787 864 ut
816 842 981 880 arcana,
1024 833 1133 882 quod
1154 836 1262 873 nesas
1286 843 1392 884 erat,
1425 841 1474 878 ad
1495 856 1594 893 pro-

89 874 200 912 fanos
226 876 363 914 efferre
387 879 571 919 voluerit.
630 883 707 920 Sed
730 897 778 922 ne
800 885 838 922 in
862 887 1059 937 ingeniosa
1084 889 1159 928 hac
1184 894 1336 932 Summi
1358 895 1440 934 Viri
1459 897 1593 950 hypo-

88 930 193 969 thesi
215 935 435 973 retexenda
468 937 762 979 immorandum
799 943 870 992 sit,
915 947 1039 984 otium
1073 948 1167 986 fecit
1193 951 1256 988 vir
1293 951 1484 1007 doctus‚*)
1524 958 1591 1007 qui

88 1001 175 1026 eam
194 990 235 1027 in
256 991 445 1043 singulari
465 995 596 1033 libello
623 995 807 1048 (Cnffeal
831 1001 1110 1042 Observations
1131 1020 1179 1043 οη
1200 1007 1263 1044 the
1283 1011 1390 1047 sixtlz
1414 1013 1527 1049 Book
1548 1014 1603 1064 <ff

87 1046 152 1083 tlte
170 1048 350 1097 Aenec'cl,
394 1051 518 1091 Lond.
553 1056 690 1107 1770.)
725 1058 858 1107 paullo
890 1061 1018 1098 arrius
1050 1076 1167 1112 quam
1190 1065 1306 1113 velis,
1340 1071 1588 1117 perstrinxit.

85 1103 175 1142 Hoc
197 1106 381 1156 equidem
412 1109 517 1147 inter
545 1117 673 1149 cetera
700 1113 972 1154 doctissimum
1002 1119 1222 1159 Praesulem
1250 1124 1423 1173 posuisse
1452 1127 1586 1176 nolim,

86 1162 411 1213 quandoquidem
440 1167 483 1204 id
509 1168 789 1209 alienissimum
817 1180 875 1210 est
906 1175 954 1211 ab
980 1175 1182 1227 Aeneidis,
1215 1181 1421 1231 omnisque
1441 1185 1587 1221 carmi-

84 1219 145 1256 nis
184 1221 304 1272 epici,
345 1229 489 1262 natura
518 1232 557 1263 et
586 1228 770 1278 consilio,
809 1237 985 1281 poetam,
1026 1234 1200 1272 Platonis
1221 1250 1265 1273 ac
1291 1238 1486 1277 Ciceronis
1513 1254 1586 1278 ex-

85 1278 235 1329 emplo,
281 1282 567 1332 rempublicam
599 1286 771 1323 carmine
791 1289 900 1338 epico
931 1290 1118 1341 condere,
1155 1294 1402 1345 Aeneamque
1432 1297 1584 1348 legum-

82 1334 219 1373 latoris
242 1338 405 1387 perfecti
434 1341 636 1392 exemplar
663 1356 887 1395 proponere
917 1349 1106 1398 voluisse3
1154 1363 1310 1401 quoque
1341 1353 1460 1391 modo
1498 1355 1584 1392 Ho-

81 1405 214 1431 merus
250 1395 444 1445 ethicum,
477 1412 522 1435 ac
554 1399 746 1438 Miltonus
769 1403 993 1453 religiosum
1023 1407 1242 1455 ediderint,
1283 1409 1337 1446 ita
1369 1423 1390 1446 a
1421 1411 1580 1462 Virgilio

80 1450 195 1488 civile
218 1464 287 1490 seu
307 1453 514 1504 politicum
534 1468 626 1507 epos
646 1459 852 1497 conditum
886 1474 977 1501 esse.
1038 1464 1117 1502 Nec
1141 1464 1270 1502 minus
1298 1467 1382 1504 leve
1405 1474 1443 1505 et
1465 1469 1582 1506 inlir-

81 1521 192 1546 mum
224 1515 302 1558 est,
331 1512 440 1561 quod
476 1514 601 1551 altero
631 1514 719 1553 loco
752 1519 907 1567 posuit,
949 1520 1103 1559 nullum
1132 1521 1280 1572 legibus
1300 1525 1468 1562 ferendis
1490 1526 1580 1563 ido-

79 1578 199 1603 neum
232 1566 366 1605 virum
395 1570 487 1607 olim
515 1571 642 1619 fuisse,
675 1575 771 1623 quin
793 1577 946 1613 arcanis
969 1579 1088 1616 sacris
1114 1579 1291 1617 initiatus
1321 1588 1431 1620 esset.
1463 1584 1580 1630 Quo-

77 1628 144 1661 tus
165 1624 268 1661 enim
291 1626 456 1677 quisque
487 1628 594 1666 inter
621 1629 798 1680 Minoes,
842 1633 1093 1684 Charondas,
1137 1637 1323 1675 Zaleucos
1354 1645 1432 1688 est,
1464 1654 1579 1690 quem

76 1681 284 1719 Eleusiniis
309 1683 432 1722 initiis
458 1685 658 1724 imbutum
681 1701 761 1725 esse
783 1691 991 1742 quisquam
1025 1693 1268 1732 tradiderit?
1309 1696 1422 1743 Quae
1447 1698 1578 1734 omnia

76 1751 167 1775 cum
197 1739 279 1776 sine
310 1748 474 1780 auctore
504 1744 664 1794 prodita
695 1745 797 1795 sint,
850 1754 933 1786 tum
969 1750 1162 1789 Eleusinia
1199 1752 1311 1789 initia
1344 1753 1392 1789 ab
1427 1754 1580 1792 Aeneae

74 1796 321 1847 temporibus
343 1805 382 1836 et
401 1805 526 1837 aetate
550 1801 795 1852 aliquantum
816 1812 911 1844 sunt
931 1814 1104 1855 remota,
1143 1808 1193 1845 ad
1214 1808 1417 1847 Avernum
1447 1820 1578 1849 autem

73 1852 407 1905 Necyomantium
441 1858 600 1908 quidem
633 1860 847 1910 aliquando
875 1863 1104 1902 inclaruisse
1131 1873 1334 1904 narratum
1367 1874 1437 1915 est,
1470 1869 1579 1906 initia

73 1916 206 1948 autem
241 1912 323 1949 ulla
354 1914 396 1951 in
421 1913 482 1952 his
509 1916 605 1954 locis
636 1918 776 1967 fuisse,
830 1933 903 1958 nec
932 1922 1126 1970 traditur,
1173 1936 1245 1961 nec
1281 1925 1484 1974 probabile
1520 1928 1577 1964 lit.

71 1967 180 2005 Perit
201 1969 364 2006 tandem
387 1972 513 2009 omnis
543 1974 652 2024 epica
685 1975 745 2012 vis
775 1982 814 2014 et
842 1981 998 2028 poetica
1031 1980 1224 2028 suavitas,
1267 1982 1297 2018 si
1316 1994 1379 2019 res
1404 1996 1425 2019 a
1459 1991 1576 2034 poeta

71 2031 236 2063 narrata
255 2026 306 2063 ad
327 2027 552 2080 allegoriam
570 2038 796 2070 revocetur.

164 2196 192 2239 ‘J
219 2196 299 2229 Fuit
325 2197 375 2239 is,
407 2197 615 2233 clarissimus
640 2200 810 2234 historiae
835 2203 1009 2238 Romanae
1034 2205 1201 2238 seriorum
1228 2212 1421 2250 temporum
1448 2209 1573 2241 condi—

70 2248 146 2285 tor,
171 2244 239 2276 Ed.
261 2243 410 2285 Gibbon,
437 2247 530 2289 quod
554 2247 630 2291 ipse
656 2250 833 2292 professus
860 2257 929 2290 cst,
957 2264 1031 2284 cum
1056 2253 1304 2285 memoratione
1330 2254 1430 2287 huius
1447 2269 1571 2288 censu-

69 2301 130 2322 rae
165 2297 316 2324 nostrae.
362 2291 430 2324 vid.
456 2294 741 2327 Miscellaneam·
769 2298 908 2329 ll'orks
932 2298 970 2329 os
1004 2299 1065 2331 1311.
1093 2299 1250 2339 Gibbon,
1291 2302 1389 2335 1796.
1423 2302 1500 2334 vol.
1528 2304 1569 2335 ll.

67 2337 190 2379 Nuper
213 2337 412 2381 ingeniosus
442 2338 513 2380 vir,
538 2340 700 2373 Erasmus
727 2344 896 2383 Dnrwin,
932 2344 964 2375 in
990 2344 1081 2377 notis
1109 2346 1151 2378 ad
1178 2346 1319 2378 Carmen
1347 2347 1568 2389 didacticum,

68 2383 130 2415 tlze
155 2382 298 2416 botanic
326 2385 492 2424 Garden,
526 2386 644 2418 nobile
678 2400 735 2420 vas
764 2389 999 2422 Portlandinm
1035 2403 1074 2423 ex
1100 2392 1250 2434 Virgilio
1279 2392 1325 2425 ita
1353 2394 1570 2438 interpreta-

66 2435 120 2460 tus
148 2436 218 2470 est,
246 2437 282 2461 ut
305 2431 540 2474 anaglyphum
565 2432 609 2465 ad
646 2435 810 2477 mysteria
837 2435 1007 2469 Eleusinia
1033 2438 1192 2471 rerem-t.
1253 2440 1303 2471 lta
1341 2452 1424 2471 sano
1453 2453 1506 2472 res
1532 2454 1570 2473 sn*

65 2475 191 2507 habet:
227 2476 333 2508 multa
373 2477 502 2520 passim
538 2478 570 2510 in
597 2481 760 2522 operibns
796 2482 927 2524 priscae
955 2483 1064 2522 artis,
1115 2485 1147 2516 in
1179 2485 1321 2517 exn-latis
1355 2487 1500 2519 maxime
1535 2495 1570 2520 et

65 2521 220 2566 scalptiS,
245 2534 440 2564 occurrere,
467 2525 658 2567 symbolica
686 2534 718 2559 ct
743 2529 897 2571 mystica.
925 2542 1012 2573 quac
1038 2532 1079 2562 ad
1108 2531 1208 2563 iitam
1236 2532 1423 2564 animai-um
1450 2533 1484 2565 in
1514 2535 1569 2565 in-

63 2568 148 2601 seris
174 2569 406 2612 probabiliter
430 2572 552 2603 referri
581 2573 736 2615 possint5
771 2574 836 2607 etsi
863 2575 1005 2608 dil'licilc
1032 2583 1103 2619 est,
1146 2578 1180 2609 iu
1215 2577 1268 2610 his
1295 2579 1378 2611 satis
1405 2579 1471 2612 sibi
1508 2594 1566 2612 ca—

63 2626 161 2656 vere,
186 2627 229 2648 ne
254 2615 384 2660 ingenii
409 2617 497 2649 lusui
524 2618 772 2663 indulgeamus.
