1811 3388
295 192 706 243 AENEIDOS
743 194 885 244 LIB.
922 195 1009 256 IV,
1047 202 1329 251 381—389

63 320 153 381 Et,
196 334 361 384 quum
384 315 573 380 frigida
595 335 742 367 mors
763 319 935 368 anima
958 320 1225 371 seduxerit
1247 334 1401 388 artus,

65 387 330 437 Omnibus
380 385 580 436 Umbra
640 387 768 438 locis
819 388 995 441 adero.

1477 208 1577 256 655

1475 332 1575 382 385

1074 392 1235 441 Dabis
1257 434 1270 457 ,
1330 396 1574 463 inprobe,

842 475 1057 523 poenas

61 522 314 584 Audiam,
353 532 406 572 et
434 523 564 573 haec
588 526 755 574 Manis
780 528 958 576 veniet
980 528 1112 578 mihi
1133 528 1273 580 fama
1299 533 1396 581 sub
1422 534 1573 586 imos.

60 593 150 640 His
173 591 416 641 medium
440 593 588 642 dictis
610 611 919 645 sermonem
942 597 1230 666 abrumpit,
1271 611 1323 650 et
1348 620 1495 652 auras

60 666 227 726 Aegra
246 660 406 727 fugit,
443 680 609 729 seque
636 681 695 713 ex
716 665 879 715 oculis
904 669 1088 716 avertit
1109 679 1159 718 et
1181 669 1367 736 aufert,

150 778 218 812 385
244 776 461 812 subduxerit
479 779 614 825 aliquot
632 780 723 814 Pier.
744 781 834 814 alter
854 785 957 817 Voss.
978 791 1014 817 et
1030 784 1138 819 Wall.
1159 799 1233 820 cum
1262 788 1369 821 Goth.
1400 802 1453 834 pr.
1501 791 1572 824 Sed

60 824 249 865 seducere,
276 836 340 869 pro
361 826 555 869 abducere,
585 839 767 871 separare,
805 838 918 863 amant
944 832 1071 875 passim
1104 840 1248 876 poetae,
1284 842 1320 867 ut
1348 836 1401 868 vel
1436 837 1570 871 indices

59 871 198 904 docent.
245 872 437 905 secluserit
458 873 556 907 Leid,
575 881 611 906 et
632 874 686 908 ed.
713 877 811 916 Ven.,

838 888 924 921 quae
944 878 1092 911 varietas
1112 887 1145 912 et
1164 893 1239 926 sup.
1263 883 1289 923 Ι,
1313 881 1382 917 562
1406 895 1571 917 occurre-

59 917 131 950 bat.
180 918 346 950 eduxerit
380 920 517 953 Servius
556 921 683 964 legisse
721 922 832 954 viden
867 931 996 968 potest.
1045 928 1188 959 animae
1227 928 1357 961 Pierius
1385 942 1569 975 perperam

59 963 178 996 Servio
202 964 424 998 obtrudebat.

59 1111 99 1142 et
126 1105 264 1144 cerda.
324 1106 492 1145 Vocabis
519 1110 784 1150 moribundus

61 1162 282 1212 Didonem,
326 1169 424 1202 tunc
452 1166 594 1204 Furiae
628 1170 784 1207 sceleris

58 1221 100 1258 in
120 1233 182 1258 me
204 1221 400 1259 commissi
416 1223 487 1260 tibi
509 1224 784 1265 obversabun-

59 1283 148 1328 tur;
178 1278 281 1316 sive:
309 1291 400 1329 eg0,
434 1281 506 1318 etsi
526 1282 686 1332 absens,
712 1284 784 1322 tibi

58 1349 265 1373 occurram
308 1342 513 1387 tamquam
561 1352 612 1378 ex
653 1341 784 1379 Furiis

58 1407 140 1430 una
180 1399 218 1430 et
258 1394 362 1430 faces
399 1395 606 1435 intentabo
644 1399 780 1438 oculis.

59 1451 106 1488 cf.
127 1452 289 1488 Sueton.
307 1452 398 1489 Ner.
413 1453 466 1494 34
489 1460 528 1491 et
548 1455 618 1493 inf.
633 1470 671 1495 v.
685 1457 780 1498 472.

57 1508 179 1545 Forte
215 1507 472 1560 Apollonium
511 1518 603 1549 ante
645 1514 780 1552 oculos

57 1564 201 1603 habuit
222 1566 288 1614 IV,
312 1568 395 1608 386
417 1581 473 1618 sq.
531 1570 647 1608 Nunc
678 1572 780 1609 Ovi-

58 1623 114 1660 dii
131 1623 334 1661 levitatem
354 1638 539 1676 compara
556 1628 679 1678 Epist.
697 1629 780 1678 VII,

58 1681 111 1723 65
144 1694 227 1731 sqq.
298 1675 452 1732 (Alecto
483 1683 531 1721 de
560 1685 689 1723 Furiis
718 1700 779 1738 ap.

57 1737 193 1776 Claud.
221 1738 261 1776 in
294 1739 426 1778 Rufin.
464 1741 493 1789 Ι,
528 1740 616 1783 49.:
656 1744 780 1794 „quid

55 1795 257 1833 facibus
288 1797 557 1848 nequidquam
585 1800 779 1852 cingimur

57 1853 251 1891 atris‘?“
281 1853 361 1892 vid.
385 1855 502 1894 etiam
535 1857 578 1895 V.
608 1858 670 1907 L.3
701 1861 781 1896 αίνί

55 1912 169 1960 ignes
192 1916 286 1948 sunt
312 1912 520 1963 fumidi,
551 1914 607 1952 ita
639 1917 776 1965 Cacus,

57 1967 123 2017 qui
167 1967 271 2004 infra
317 1969 423 2018 Vlll,
487 1974 578 2012 199.
630 1980 710 2011 atr
725 1988 776 2011 os

55 2025 195 2075 ignes
224 2026 419 2063 vomuisse
438 2028 627 2077 traditur,
655 2031 775 2081 paulo

55 2087 147 2132 post
183 2095 241 2119 vs.
283 2086 365 2125 252
407 2098 490 2134 sqq.
530 2086 775 2126 faucibus

56 2139 321 2188 ingentem
358 2141 546 2180 fumum
583 2145 775 2183 evomit

137 2195 484 2247 glomeratque
510 2201 600 2238 sub
623 2209 775 2240 antro

56 2252 360 2291 fumiferam
401 2263 610 2295 noctem
638 2272 777 2297 com-

56 2309 235 2347 mixtis
278 2310 391 2362 igne
436 2315 686 2365 tenebris;
738 2323 778 2355 et

55 2366 238 2415 V[1‚456
265 2381 341 2418 sq.:
383 2377 536 2418 „atro
570 2373 778 2412 Lumine

55 2424 307 2462 fumantes
361 2426 451 2465 fixit
500 2429 572 2466 sub
615 2438 776 2481 pectore

54 2481 234 2519 taedas
263 2483 526 2524 Allect0.“
565 2487 668 2525 adde
703 2490 773 2539 IX,

55 2539 149 2580 522.
221 2539 404 2578 Ceterum
434 2542 533 2581 bene
567 2545 773 2584 Wunder-

54 2594 212 2634 lichius:
243 2597 439 2648 „Imagine
472 2601 605 2639 demta
635 2617 771 2642 sensus

56 2658 130 2688 est:
149 2659 234 2690 tum
254 2656 355 2693 mala
377 2662 413 2694 te
429 2660 667 2698 conscientia
684 2668 773 2700 tor-

56 2710 201 2758 quebit.
254 2712 385 2759 Quam
406 2718 643 2755 sententiam
661 2733 772 2758 more

55 2766 301 2816 antiquitatis
332 2772 574 2822 enuntiavit,
617 2790 717 2826 quae
751 2792 773 2815 a

56 2822 164 2859 laesis
194 2824 302 2872 illos,
353 2828 421 2876 qui
447 2829 632 2869 iniuriam
662 2840 774 2872 attu-

53 2879 197 2929 lerunt,
217 2883 354 2920 vexari
369 2884 498 2925 finxit.
546 2888 656 2927 Illam
676 2904 772 2930 vero

475 968 628 1012 (—-337.
653 969 787 1001 Manes
804 970 930 1004 Medic.
970 972 1063 1016 lVr.)

59 1012 171 1044 Burm.
189 1017 224 1043 et
243 1011 348 1044 Goth.
366 1019 444 1046 tert.
494 1013 672 1061 obrumpit
691 1017 807 1060 Sprot.

1157 975 1226 1010 388
1261 974 1408 1022 abrupit
1434 977 1569 1022 aliquot

842 1112 1049 1151 notionem
1084 1116 1223 1153 vexari
1252 1117 1410 1155 ornavit
1439 1125 1568 1157 meta-

840 1170 969 1222 phora
1009 1184 1031 1207 a
1067 1171 1199 1210 Furiis
1246 1176 1399 1225 petita,
1451 1190 1565 1227 quae,

841 1234 1141 1279 persequenteS,
1191 1230 1354 1269 ultrices
1376 1262 1386 1281 ,
1436 1235 1565 1272 saci-

830 1282 934 1323 'bus
973 1291 1230 1325 arniantur.“
1273 1288 1390 1343 Issa)
1467 1292 1564 1334 385.

841 1346 982 1380 anima
997 1345 1193 1382 seduxerit
1211 1355 1334 1396 artus,
1359 1349 1564 1399 exquisite,

840 1400 1074 1439 seiunxerit.
1144 1401 1312 1454 Vulgare
1349 1411 1431 1454 est,
1473 1408 1564 1444 ani—

839 1471 944 1495 mam
984 1459 1032 1496 ab
1068 1460 1246 1500 artubus.
1306 1464 1483 1511 Anima,
1509 1488 1563 1493 —

848 1515 1228 1554 Umbra—Manes
1257 1519 1303 1556 cf.
1338 1520 1388 1557 ad
1418 1521 1563 1560 Tibull.

838 1572 904 1621 ΙΙΙ,
945 1576 983 1622 2,
1027 1575 1091 1615 15.
1163 1572 1331 1626 (Jscmes
1376 1577 1423 1615 de
1462 1579 1562 1628 loco,

839 1643 918 1680 quo
945 1631 1097 1668 animae
1130 1633 1403 1673 continentur.
1462 1637 1563 1674 Nam

838 1690 968 1725 venire
988 1689 1059 1726 sul}
1078 1690 1238 1727 animas
1258 1692 1321 1729 vel
1340 1692 1412 1730 sul)
1430 1694 1563 1731 homi-

837 1759 906 1782 nes
934 1759 1030 1796 pro:
1070 1748 1206 1784 venire
1235 1748 1277 1786 in
1305 1749 1461 1800 locum,
1493 1752 1563 1790 ubi

836 1801 892 1839 illi
926 1810 1040 1852 sunt,
1075 1804 1260 1843 Latinum
1289 1821 1369 1845 non
1398 1815 1468 1847 est.
1512 1811 1560 1848 cf.

836 1859 932 1898 Aen.
955 1861 1025 1911 XI,
1051 1863 1162 1902 181.:
1191 1874 1285 1901 nalo
1305 1867 1452 1903 stlam's
1465 1882 1561 1917 per-

821 1918 933 1967 ferre
957 1941 1006 1947 —
1029 1919 1216 1958 nuntium
1252 1944 1298 1950 —
1329 1923 1401 1961 sul>
1439 1926 1555 1962 imos.

836 1974 897 2012 Ad
918 1979 1257 2015 constructionem
1286 1994 1472 2032 compara
1501 1996 1560 2020 VS.

834 2032 949 2073 243:
969 2033 1040 2070 Sul)
1062 2036 1231 2073 Τανίανα
1245 2039 1405 2076 mittere.
1418 2038 1559 2078 Aesch.

832 2089 937 2127 Pers.
967 2094 1078 2131 623:
1116 2089 1329 2143 θαλάμους
1360 2093 1442 2136 ὑπό
1471 2099 1558 2149 γῆς.

834 2167 891 2174 -
911 2147 1145 2197 llaecsczma
1170 2157 1246 2188 est:
1278 2149 1396 2189 huius
1419 2154 1474 2190 rei
1497 2156 1559 2191 fa-

835 2216 917 2253 ma,
949 2205 996 2242 cf.
1020 2205 1144 2243 Tacit.
1168 2206 1268 2245 Hist.
1291 2209 1354 2258 IV,
1380 2212 1467 2251 46.;
1499 2213 1557 2248 is-

836 2261 1034 2311 qaeflm's.
1075 2264 1203 2302 chlz.
1245 2266 1327 2303 vid.
1361 2267 1405 2306 V.
1434 2268 1476 2307 L.
1505 2269 1557 2307 ad

834 2330 895 2356 vs,
921 2321 1016 2360 237.
1054 2320 1171 2374 lVr.)
1239 2325 1334 2364 387.
1372 2326 1557 2364 Audiam

836 2375 944 2426 apud
962 2376 1128 2425 inferos,
1160 2385 1199 2416 te
1223 2380 1374 2419 dedisse
1394 2396 1555 2434 poenas.

835 2432 914 2479 Qui
931 2433 1122 2484 loquendi
1141 2437 1284 2475 modus
1306 2445 1345 2476 et
1371 2441 1462 2478 alibi
1484 2456 1555 2479 oc-

833 2491 971 2528 currit.
1004 2493 1052 2530 cs.
1082 2493 1210 2532 Ursin.
1243 2495 1364 2548 Apud
1394 2499 1554 2538 Pindar.

831 2547 893 2585 Ol.
927 2549 1031 2598 XIV,
1068 2553 1121 2591 29
1155 2552 1276 2589 Fama
1319 2555 1369 2592 ad
1408 2557 1554 2596 inferos

827 2606 983 2656 parenti
1004 2608 1161 2646 nuntiat
1179 2610 1386 2651 victoriam
1406 2614 1487 2652 filii.

886 2665 969 2704 388
991 2668 1156 2709 —392
1193 2667 1376 2721 Abrupto
1414 2672 1553 2722 utique

827 2719 906 2758 hoc
918 2734 1097 2760 sermone
1117 2723 1216 2762 nihil
1234 2726 1429 2778 disertius,
1452 2730 1552 2767 nihil

829 2778 1101 2829 eloquentius,
1135 2781 1212 2820 dici
1240 2790 1409 2834 poterat.
1451 2785 1552 2839 (me-

827 2835 940 2872 dium
959 2851 1173 2875 sermonem
1200 2840 1402 2892 abrumpit
1429 2844 1551 2894 signi—

828 2892 942 2930 ficat:
994 2894 1095 2933 Dido
1138 2909 1378 2949 sermonem,
1433 2914 1547 2951 quem
