1779 3420
115 223 247 272 1044
412 210 754 265 EXCURS.
798 210 893 259 XV
938 209 1038 256 AD
1073 206 1210 254 Llss.
1256 204 1333 253 vl

110 351 185 391 mis
221 360 515 398 nonnunquam
547 343 713 396 ingeniis
745 340 907 379 evenire
934 338 1049 387 solet,
1082 344 1141 385 ut,
1174 349 1266 374 cuin
1295 334 1416 372 semel
1438 346 1478 371 se
1497 333 1647 384 laqueis

111 409 230 449 certis
253 406 484 454 induerint,
515 410 556 442 et
577 403 785 453 caliginem
816 399 890 436 sibi
912 396 1067 436 oll'undi
1084 395 1188 448 passi
1216 395 1308 443 sint,
1348 395 1402 431 ita
1422 393 1649 430 caecutiant

113 467 342 522 (interdum
363 462 460 513 ὅλας
479 457 728 508 κολοκύντας
759 459 896 513 λημᾷν
925 455 1078 493 dixeris
1109 467 1202 492 cum
1223 451 1419 504 Comico),
1461 458 1508 489 ut
1527 451 1649 489 etiam

110 527 167 578 id,
199 525 311 579 quod
338 523 424 563 aliis
443 522 576 561 minus
596 519 724 558 acutis
743 521 815 555 aut
836 513 1047 566 ingeniosis
1065 512 1106 550 in
1126 512 1265 550 oculos
1294 511 1489 558 incurrat,
1518 509 1649 547 anim-

112 587 326 626 advertere
364 585 588 633 nequeant:
641 591 720 629 qua
761 573 925 626 quidem
967 585 1012 611 re
1045 570 1218 610 vanitati
1249 569 1398 607 horum
1436 567 1650 609 hominum

114 652 322 695 tamquam
350 642 435 680 alae
463 638 558 678 addi
590 637 742 684 solent,
785 633 932 685 quibus
969 630 1026 669 illi
1065 630 1274 668 evolantes
1299 640 1455 666 summa
1492 626 1650 678 ingenia

113 705 219 743 infra
240 716 280 741 se
300 701 432 755 posita
453 705 494 736 et
523 696 637 735 humi
664 693 848 747 repentia
879 689 1087 743 despectui
1118 688 1307 727 habeant.
1368 685 1524 735 Quidni
1543 683 1652 723 enim

114 768 233 816 poeta
260 761 435 799 Aeneam
456 755 655 795 educebat
673 753 816 791 eadem
846 758 992 802 porta,
1035 763 1119 801 qua
1142 761 1272 799 purae
1293 747 1458 783 animae
1488 746 1530 782 ιἰι
1562 757 1652 781 cor-

108 836 216 874 pora
253 833 360 858 nova
396 824 489 855 sunt
518 812 729 852 exiturae?
778 809 901 848 Cuius
937 813 1078 861 portae
1120 806 1284 845 omnino
1314 804 1426 842 nulla
1456 805 1561 842 sacta
1594 807 1653 840 est

114 879 277 919 mentio.
341 876 463 927 Atqui
489 873 603 912 Plato
624 885 668 909 ea
689 872 730 925 in
753 882 796 907 re
819 867 1017 920 tigmentis
1049 866 1130 904 suis
1159 865 1316 918 praeire
1338 869 1510 916 poterat.
1570 860 1654 900 Aut

116 940 149 978 si
176 938 276 977 duas
312 941 454 988 portas
489 940 821 970 commemorasse
850 940 951 977 opus
979 931 1087 975 erat,
1126 924 1267 975 quidni
1287 923 1375 960 illas
1405 923 1569 973 piorum
1589 919 1655 958 &rel

116 999 332 1049 impiorum
361 994 543 1032 Manium
563 989 689 1028 exitui
714 986 962 1025 destinabat:
996 985 1079 1022 sere
1099 990 1145 1021 ut
1160 985 1239 1034 pia
1259 988 1299 1019 et
1327 983 1458 1032 impia
1482 981 1654 1028 sonmia,

116 1056 157 1094 li.
179 1069 212 1093 e.
236 1054 414 1102 umbras,
446 1055 645 1090 memorat
666 1048 850 1099 Propert.
874 1044 938 1094 lv,
969 1049 1009 1093 7,
1042 1045 1096 1085 87
1114 1056 1198 1092 sqq.
1255 1041 1315 1079 Ita
1341 1052 1501 1091 quoque
1524 1038 1654 1076 valer.

117 1115 176 1153 Fl.
198 1115 227 1164 1,
261 1115 343 1156 833
373 1126 429 1163 sq.
464 1110 565 1148 duas
592 1113 730 1161 portas
762 1105 857 1143 Orci
888 1103 997 1151 facit,
1028 1115 1202 1153 quarum
1228 1114 1310 1140 una
1333 1099 1479 1150 vulgus
1501 1097 1654 1135 anima-

115 1187 231 1222 rum,
272 1172 399 1209 altera
436 1170 512 1221 pii,
556 1167 607 1205 ad
641 1166 788 1204 inferos
822 1162 1087 1201 descendunt.
1161 1159 1325 1198 Homeri
1360 1169 1521 1208 quoque
1552 1155 1656 1194 duae

116 1239 258 1286 portae
281 1231 322 1268 in
348 1227 628 1282 Nympharum
653 1231 772 1263 antro
794 1221 940 1274 odyss,
961 1238 997 1270 v,
1021 1223 1103 1262 109
1125 1232 1223 1270 sqq„
1268 1218 1391 1256 altera
1421 1215 1470 1254 ad
1494 1215 1655 1253 boream

117 1305 247 1340 versa,
280 1295 319 1327 et
339 1287 572 1326 hominibus
593 1286 872 1335 frequentata,
906 1281 1033 1319 altera
1063 1278 1114 1317 ad
1137 1284 1344 1325 austrum,
1384 1282 1425 1313 et
1456 1274 1530 1312 diis
1564 1279 1656 1311 tan-

121 1359 206 1390 tum
234 1347 447 1395 adeunda,
480 1359 607 1385 novas
628 1357 767 1382 rerum
796 1340 986 1392 imagines
1019 1338 1214 1377 subiicere
1245 1335 1422 1389 potuisse
1451 1333 1657 1372 videntur.

119 1410 197 1448 Sed
216 1408 312 1446 satis
344 1407 393 1445 de
414 1406 497 1454 his,
539 1417 587 1442 ne
618 1409 657 1441 et
687 1402 759 1454 ipsi
793 1397 896 1452 ὄναρ
928 1395 983 1440 δι’
1014 1397 1236 1449 ἐλέφαντος
1269 1389 1471 1447 ε’ληλυθός
1494 1403 1658 1430 narrare

119 1466 393 1520 videamur*).

215 1645 242 1689 ³)
272 1643 395 1677 Paullo
416 1640 581 1674 licentius
603 1650 657 1671 me
678 1635 764 1669 milii
785 1636 819 1667 in
841 1632 1051 1666 Excursibns
1075 1628 1178 1662 huius
1200 1628 1281 1661 libri
1302 1626 1490 1659 indulsisse
1511 1632 1547 1658 et
1566 1636 1659 1657 non-

121 1693 217 1726 nulla
250 1690 482 1725 luxuriantius
511 1693 758 1732 persequutum
785 1695 884 1723 esse,
928 1681 1051 1713 lubens
1084 1689 1238 1720 agnosco
1270 1676 1415 1719 eiusque
1445 1673 1496 1706 rei
1525 1673 1660 1705 veniam

120 1743 164 1775 ab
188 1752 301 1784 aequo
322 1740 454 1772 lectore
476 1735 630 1780 postulo.
682 1732 828 1765 Mirilice
848 1743 924 1770 ine,
952 1735 988 1761 et
1013 1739 1114 1771 quem
1137 1737 1207 1757 non
1229 1723 1360 1756 ulium?
1400 1722 1482 1753 inde
1504 1734 1523 1754 a
1549 1731 1660 1766 puero

120 1789 307 1822 detinuere
328 1784 586 1830 disputationes
609 1781 691 1814 illae
716 1786 873 1812 veterum
903 1778 947 1810 de
978 1775 1082 1809 rebus
1108 1772 1253 1813 inferis,
1291 1778 1326 1804 et
1360 1769 1585 1815 opinationes
1617 1768 1661 1800 (le

122 1837 165 1870 iis
181 1863 189 1875 ,
214 1847 303 1880 quae
322 1839 404 1879 post
423 1838 574 1865 mortem
593 1830 787 1863 obventura
808 1831 903 1858 sunt.

711 2444 1089 2484 121P51Al⁴3

462 2577 525 2600 13³(
572 2570 833 2599 orriclNA
876 2562 1338 2595 B.G.'rEU1}Nk2fli.
