1779 3420
141 236 242 285 418
523 221 1133 276 EXCURSUS
1203 222 1287 269 IX

140 364 213 415 qni
242 361 344 399 redit
376 359 544 396 exuvias
582 357 745 394 imlnms
775 352 944 391 Achilli.
1008 351 1196 388 Ceterum
1237 350 1424 388 Hectoris
1466 354 1591 400 caput
1633 349 1673 386 in

142 420 226 458 aliis
257 418 462 457 Iliensium
493 415 627 454 numis
664 412 831 459 visitur,
865 415 905 446 et
935 415 996 446 est
1026 422 1132 447 unus
1164 422 1311 447 numus
1351 408 1393 445 in
1435 407 1673 445 Numismat.

145 477 291 517 Albani
321 477 366 516 T.
399 475 425 525 l,
457 481 485 512 t.
519 475 586 520 59,
618 475 657 520 2,
687 471 730 508 in
749 482 828 519 quo
852 466 1019 505 Hectori
1041 480 1188 518 corpus
1215 466 1392 505 Patrocli
1415 466 1674 504 abstractum

144 536 340 574 obiiciunt
367 546 408 572 se
440 531 643 571 Menelaus
674 534 714 566 et
749 526 876 576 Aiax,
908 525 1056 564 affabre
1087 524 1225 564 efficti.

533 809 1117 870 EXCURSUS
1183 809 1289 865 IX

345 932 430 974 De
471 926 810 976 Penatibus,
852 925 1143 968 Palladio
1186 931 1232 966 et
1282 922 1472 966 {se-sca.

263 1049 310 1098 Il,
352 1051 450 1089 293.
481 1048 577 1087 296.
610 1047 706 1087 297.
768 1045 890 1082 Sacra
933 1056 1103 1095 suosque
1143 1041 1216 1079 tibh·
1253 1042 1506 1079 commendat
1553 1041 1675 1077 Troia

148 1111 314 1148 Penates
334 1128 390 1134 —-
413 1106 479 1143 Sic
509 1106 569 1141 ait
600 1111 635 1140 et
666 1102 852 1140 manibus
882 1101 1031 1150 vittas,
1064 1101 1304 1150 Vestamque
1337 1108 1554 1150 polentem,
1588 1097 1675 1134 Ae-

148 1177 378 1216 ternumque
408 1163 542 1214 adytis
573 1160 686 1214 effert
714 1159 991 1211 penetralibus
1018 1159 1160 1210 ignem.
1221 1157 1334 1206 Quid
1364 1156 1531 1195 tandein
1572 1154 1676 1193 illud

149 1226 218 1272 sit,
249 1222 361 1274 quod
394 1221 548 1259 Aeneas
578 1225 695 1271 capta
726 1218 847 1256 Troia
878 1231 1013 1256 secum
1043 1218 1085 1254 in
1116 1216 1272 1255 Italiam
1305 1214 1543 1262 abduxerit,
1581 1227 1675 1251 nam

148 1282 268 1322 niodo
303 1282 488 1329 Penates,
529 1277 651 1316 modo
683 1276 928 1324 Palladium,
967 1275 1089 1313 modo
1122 1275 1241 1313 Vesta
1272 1279 1543 1320 memoratur,
1583 1272 1675 1310 fue-

148 1343 284 1380 rintne
322 1338 472 1392 privati
515 1335 672 1374 Aeneae
713 1349 764 1372 an
808 1334 958 1386 publici
1001 1334 1186 1381 Penates,
1238 1338 1276 1370 et
1320 1346 1399 1383 qua
1443 1330 1572 1383 specie
1610 1329 1677 1368 vel

149 1399 299 1438 suerint
329 1397 393 1436 vel
425 1397 505 1434 sint
544 1394 707 1443 crediti,
747 1393 884 1445 paucis
922 1392 1039 1431 iuvat
1077 1392 1305 1442 inquirere,
1348 1395 1543 1441 quantum
1585 1387 1678 1439 qui-

150 1458 242 1496 dem
274 1456 325 1493 ad
355 1455 443 1493 loca
474 1453 670 1492 nonnulla
700 1458 843 1504 poetae
876 1450 1118 1489 declaranda
1140 1451 1271 1488 facere
1292 1448 1334 1486 id
1354 1454 1512 1501 potest,
1543 1460 1677 1497 quan-

150 1514 367 1566 doquidem
398 1519 517 1565 poeta
546 1511 755 1549 Penatium
793 1509 983 1560 religione
1022 1514 1107 1546 tam
1145 1508 1352 1560 praeclare
1390 1520 1487 1544 usus
1524 1511 1585 1543 est
1625 1503 1678 1541 ad

150 1574 342 1612 maiorem
372 1571 527 1608 Aeneae
562 1569 675 1618 fatis,
709 1568 837 1606 errori
869 1574 909 1605 et
940 1567 991 1604 ad
1022 1567 1176 1604 Italiam
1207 1565 1403 1614 accessui,
1441 1564 1678 1616 dignitatem

150 1631 487 1680 mirationemque
519 1626 825 1666 conciliandam.
885 1625 1016 1663 Multo
1048 1625 1154 1663 enim
1185 1624 1415 1676 augustiora
1448 1621 1583 1661 omnia
1610 1620 1677 1659 vi-

153 1689 239 1728 deri
269 1688 381 1726 facile
411 1687 627 1738 intelligas,
660 1686 691 1723 si
721 1685 868 1723 inferre
899 1683 1074 1721 Aeneam
1112 1684 1226 1721 Latio
1270 1684 1433 1720 Penates
1476 1678 1677 1733 (inferret-

153 1762 228 1799 que
245 1747 338 1784 cleos
362 1743 502 1797 Latio)
535 1758 679 1795 quani,
711 1743 743 1781 si
772 1743 930 1780 Latium
960 1740 1166 1779 accessisse
1197 1741 1356 1788 audias,
1388 1745 1428 1777 et
1454 1738 1510 1776 sic
1540 1751 1676 1789 porro.

154 1805 331 1844 Primum
380 1810 498 1855 poeta
544 1803 790 1841 Palladium
836 1814 921 1839 rem
968 1800 1065 1838 facit
1124 1814 1145 1836 a
1197 1799 1412 1837 Penatibus
1462 1796 1677 1843 diversam,

153 1868 387 1914 surreptum
416 1860 518 1899 illud
549 1860 598 1898 ab
629 1861 768 1912 Ulysse
800 1866 842 1897 et
870 1858 1062 1897 Diomede
1091 1857 1159 1896 lib.
1200 1858 1246 1905 ΙΙ,
1291 1859 1372 1899 163
1402 1869 1487 1906 sqq.
1525 1855 1678 1905 impias

156 1936 204 1959 ex
234 1936 312 1972 quo
344 1926 418 1958 etc.
479 1919 554 1968 At,
586 1932 686 1969 quos
716 1917 870 1955 Aeneas
901 1916 1149 1969 asportavit,
1190 1917 1363 1953 Penates
1402 1914 1527 1951 fuere.
1587 1911 1678 1950 Pri-

155 1992 244 2018 mus
276 1978 324 2016 de
355 1978 401 2015 iis
432 1977 542 2015 locus
574 1982 632 2014 est
666 1975 763 2014 Aen.
797 1976 842 2024 ΙΙ,
874 1978 958 2016 293
990 1988 1068 2025 sq.‚
1108 1974 1178 2012 ubi
1210 1974 1361 2011 Hector
1391 1985 1461 2024 per
1491 1983 1679 2009 somnum

157 2037 208 2074 ad
239 2036 434 2074 Aeneam:
467 2036 595 2073 Sacra
629 2048 798 2086 suosque
825 2033 897 2070 tibi
925 2033 1178 2070 commendat
1205 2033 1326 2069 Troia
1350 2033 1528 2068 Penates
1536 2044 1554 2077 ;
1586 2029 1679 2066 [Ios

156 2110 256 2146 cape
283 2095 473 2146 satorum
512 2096 687 2130 comites.
752 2091 890 2130 Paullo
926 2098 1019 2143 post
1051 2104 1089 2129 v.
1122 2093 1206 2132 296
1245 2091 1313 2128 Sic
1344 2090 1427 2137 ait,
1475 2095 1511 2125 et
1542 2088 1679 2124 mani-

156 2152 230 2190 bus
260 2154 382 2190 vittas
420 2153 670 2203 Vestamque
699 2158 901 2200 potentem
938 2150 1233 2200 Aeternumque
1273 2148 1407 2195 adytis
1449 2145 1562 2199 effert
1596 2158 1678 2195 peu

156 2209 376 2248 netralibus
418 2211 570 2260 ignem.
639 2208 743 2245 Haec
781 2207 941 2245 diversa
982 2213 1078 2246 sunt
1118 2212 1157 2244 et
1198 2205 1284 2244 visa
1325 2211 1484 2243 tantum
1523 2203 1680 2241 Aeneae

158 2282 230 2320 per
261 2268 437 2318 quietem
469 2267 517 2304 ab
550 2265 736 2304 Hectoris
766 2266 909 2303 umbra
943 2272 1033 2303 acta
1065 2278 1159 2303 esse.
1219 2265 1274 2303 At
1303 2277 1417 2313 mox,
1464 2268 1680 2314 postquam

159 2325 359 2363 Anchisen
390 2326 431 2363 in
462 2324 653 2363 humeros
683 2329 913 2375 receperat,
945 2337 984 2362 v.
1016 2326 1101 2366 717
1139 2324 1200 2360 Tn
1216 2324 1397 2373 genitor,
1431 2334 1534 2371 cape
1561 2332 1681 2357 sacra

160 2399 286 2421 mann
318 2385 555 2434 patriosque
598 2384 784 2419 Penates,
855 2381 1040 2419 Dubitari
1080 2386 1242 2432 potest,
1283 2393 1363 2430 quo
1404 2391 1523 2416 sensu
1563 2389 1680 2413 sacra

162 2441 314 2480 dixerit
354 2439 410 2492 (v.
443 2440 493 2478 ad
524 2440 572 2488 Π,
603 2436 704 2492 293)
744 2439 873 2477 sintne
916 2453 1035 2476 sacra
1076 2444 1117 2476 et
1157 2440 1335 2475 Penates
1376 2436 1558 2474 diversae
1603 2447 1680 2483 reS,

162 2513 213 2536 an
243 2512 371 2536 unum
403 2497 610 2547 idemque3
651 2497 762 2546 quod
801 2503 978 2534 statuere
1016 2496 1129 2544 licet,
1180 2501 1225 2532 ut
1265 2508 1384 2532 saera
1426 2493 1506 2530 sint
1544 2504 1681 2542 genus,

162 2562 202 2594 et
231 2555 271 2593 in
302 2556 349 2593 iis
380 2558 581 2602 Penates,
624 2556 751 2592 Vesta
781 2562 817 2591 ec
847 2556 980 2605 ignis:
1022 2566 1123 2603 quae
1153 2552 1243 2590 ideo
1275 2552 1397 2589 etiam
1426 2551 1579 2601 singula
1610 2562 1682 2602 per

162 2628 279 2652 sacra
310 2619 480 2665 possunt
512 2611 719 2649 declarari.
781 2611 847 2649 Sic
878 2612 1012 2663 paullo
1042 2616 1136 2662 post
1153 2623 1210 2648 vs,
1234 2612 1317 2652 320
1350 2608 1530 2646 Panthus
1555 2608 1682 2659 Apol-

162 2671 253 2709 linis
284 2670 469 2708 sacerdos
497 2684 616 2707 sacra
645 2683 772 2707 mann
805 2671 1003 2720 victosque
1033 2669 1127 2705 cleos
1158 2667 1297 2705 tralzit.
1363 2668 1419 2705 Eo
1441 2679 1562 2704 sensu
1580 2671 1682 2718 puto

164 2729 294 2781 primo
341 2726 459 2781 (293)
503 2732 542 2764 et
586 2726 705 2764 tertio
748 2726 836 2764 loco
879 2724 997 2779 (717)
1040 2725 1300 2763 memoravit:
1341 2726 1469 2763 Sacra
1514 2737 1683 2776 suosque

164 2788 365 2832 Penate.s·‚·
406 2784 556 2823 scilicet
586 2799 704 2821 sat-ra
736 2784 897 2821 nominc
926 2784 1129 2835 gcnmico,
1172 2783 1337 2834 proprio
1377 2789 1512 2821 autem
1542 2785 1684 2820 Pena-

164 2853 232 2883 tes,
292 2844 422 2883 Etiam
454 2844 604 2880 Seneca
635 2841 685 2879 de
715 2842 848 2880 Bonos.
881 2842 944 2890 111,
977 2845 1031 2883 37
1063 2842 1261 2880 Anchises
1298 2842 1532 2892 complexas
1566 2853 1686 2878 sacra

164 2917 215 2940 ac
255 2903 428 2939 Penates
467 2901 572 2938 deos.
633 2901 683 2938 Et
724 2900 886 2951 Dionys.
929 2900 958 2948 1,
997 2899 1053 2942 46
1095 2896 1144 2940 τοὶ
1182 2895 1271 2951 ἱερὰ
1311 2901 1478 2953 πατρῷα
1516 2898 1558 2936 in
1596 2909 1687 2936 arce

165 2965 324 2998 servata
378 2964 581 2997 memorat.
651 2957 842 2996 Similiter
892 2956 1043 2996 Aeneas
1109 2957 1354 2997 declarative
1413 2959 1590 2996 Penates
1650 2963 1687 2994 et
