1811 3388
392 178 803 229 AENEIDOS
842 180 981 228 LIB.
1026 182 1112 242 VI,
1150 184 1438 235 567—579

1580 193 1680 240 935

165 303 480 353 Panduntur
508 313 709 370 portae.
767 304 978 366 Cernis,
1013 306 1251 355 custodia
1271 309 1437 373 qualis

164 373 449 423 Vestibulo
477 375 694 424 sedeat?
738 372 897 423 facies
922 391 1057 440 quae
1079 374 1260 424 limina
1289 386 1494 429 servet?

1577 384 1677 434 575

165 443 555 507 Quinquaginta
579 444 699 492 atris
723 444 949 493 inmanis
969 444 1199 494 hiatibus
1224 446 1403 509 Hydra

163 512 383 561 Saevior
402 513 542 562 intus
565 512 727 563 habet
751 514 953 566 sedem.
1013 517 1155 564 Tum
1182 519 1428 564 Tartarus
1447 517 1557 581 ipse

160 581 245 628 Bis
269 590 414 646 patet
438 584 490 631 in
513 600 768 649 praeceps
789 593 1013 647 tantum,
1032 585 1314 651 tenditque
1334 586 1431 634 sub
1446 587 1677 649 umbras,

161 653 406 712 Quantus
430 652 497 702 ad
519 652 818 703 aetherium
843 654 980 703 coeli
1001 664 1276 722 suspectus
1300 656 1608 722 Olympum.

252 780 321 815 575
347 792 442 824 quae
464 790 500 815 et
525 794 578 826 pr.
604 782 774 819 Rottend.
799 789 835 815 et
859 782 994 816 Zalich.
1020 796 1040 817 a
1065 797 1111 820 m.
1135 797 1189 829 pr.

158 836 249 858 corr.
284 827 428 861 Wakef.
463 829 505 861 ad
539 830 680 866 Lucret.
714 831 781 868 JV,
805 829 887 864 419.
923 832 1020 874 Wr.)

1249 785 1404 828 (—576.
1439 786 1559 819 altis
1589 787 1674 819 inm.

1117 832 1185 866 578
1219 831 1285 865 sub
1320 845 1434 865 auras
1459 833 1569 866 Goth.
1591 838 1673 866 tert.

155 872 226 906 579
253 873 390 906 coelum
415 875 579 919 Fulgent.
613 877 657 908 de
693 876 892 909 Continent.
929 877 1069 921 Virgil.‚
1097 879 1284 921 mendose,
1320 887 1483 913 monente
1514 879 1672 913 Heinsio.

154 919 251 951 Idem
278 920 315 954 P.
342 921 446 953 Petiti
461 923 561 955 Obss.
587 923 682 956 misc.
700 925 756 964 ΙΙΙ,
782 925 803 957 2
825 924 1104 957 emendationem
1124 933 1261 959 narrat:
1288 930 1457 969 Quantus
1477 927 1526 959 ad
1545 927 1673 959 aethe-

155 967 249 998 rium
284 973 377 1000 terra
413 978 605 1014 suspectus
640 970 850 1016 Olympum,

900 977 937 1003 ut
971 972 1070 1005 Coeli
1091 972 1271 1006 reiiciatur
1301 973 1391 1006 infra
1415 973 1451 1005 in
1485 985 1519 1006 v.
1543 975 1612 1009 580
1636 974 1671 1006 iu

153 1011 270 1044 locum
296 1013 366 1047 τοῦ
397 1016 545 1049 Terrae.
594 1017 664 1050 Sed
693 1030 724 1050 v.
750 1019 833 1050 Not.
880 1017 1067 1062 Vulgatam
1092 1019 1240 1053 adstruit
1264 1020 1396 1059 Heius„
1421 1019 1542 1061 Nonii,
1563 1020 1670 1054 Prisc.

153 1065 188 1091 et
213 1060 385 1092 Macrobii
411 1063 623 1096 auctoritatt.
673 1066 716 1096 At
740 1063 871 1097 Tibull.
889 1066 949 1106 IV,
966 1068 995 1106 1,
1018 1067 1081 1101 131
1106 1067 1194 1099 nihil
1220 1067 1264 1099 ad
1285 1079 1356 1100 rem
1372 1066 1468 1099 facit.
1502 1068 1670 1100 Burman—

150 1117 214 1138 nus
241 1113 324 1150 post
350 1108 532 1151 Ursinum‚
569 1110 769 1143 Lucretium
793 1113 854 1151 IV,
878 1112 958 1146 418.
983 1113 1051 1147 419
1086 1113 1283 1146 imitatione
1317 1125 1516 1157 expressum
1540 1121 1668 1148 monet.

150 1152 280 1185 Saltem
306 1154 498 1188 similitudo
525 1156 641 1201 aliqua
666 1157 873 1191 intercedit:

919 1171 1028 1204 aquae
1055 1159 1218 1193 collectio
1246 1180 1290 1186 —-
1316 1164 1533 1206 Despectam
1553 1173 1668 1207 prae-

152 1198 210 1231 bet
235 1199 301 1232 aab
328 1209 450 1234 terras
473 1204 605 1249 impete
629 1212 749 1246 tanto,
773 1208 808 1237 A
833 1207 944 1238 terris
967 1215 1143 1251 quantum
1168 1208 1260 1241 coeli
1278 1216 1384 1253 patet
1406 1207 1507 1240 altas
1530 1208 1666 1241 hiatus.

150 1246 228 1279 Alia
254 1246 448 1281 similitudo
476 1258 529 1282 est
555 1252 686 1295 Georg.
711 1253 752 1292 ΙΙ,
777 1254 843 1287 291
870 1253 1035 1285 Aesculus
1060 1272 1104 1279 —
1139 1267 1232 1299 quae
1257 1262 1434 1300 quantum
1457 1256 1594 1288 vertice
1618 1256 1667 1287 ad

149 1305 266 1326 auras
291 1296 504 1339 Aetherias,
531 1305 673 1331 tantum
696 1299 820 1332 radice
844 1300 881 1333 in
912 1303 1073 1333 Tartara
1095 1302 1226 1334 tendit.

148 1400 397 1449 consideres,
440 1402 637 1440 rationem
673 1404 879 1454 vulgarem

146 1471 228 1494 non
275 1459 498 1497 satisfacere
531 1461 688 1499 senties.
748 1463 880 1514 Pergit

145 1528 305 1565 quoque
343 1530 510 1555 narrare
550 1519 700 1570 Sibylla
739 1520 788 1558 de
825 1534 878 1560 se.

144 1573 223 1610 Sed
245 1574 319 1610 alia
334 1574 601 1614 incedendum
623 1585 682 1615 est
699 1577 775 1617 via.
806 1579 878 1616 Ti-

144 1630 313 1681 siphone
339 1642 475 1671 servat
514 1635 770 1683 vestibulum,
804 1637 880 1674 ad-

140 1688 246 1726 itum
270 1681 428 1728 Tartari
448 1705 486 1729 V.
511 1694 605 1734 555.
638 1694 691 1731 Ea
708 1693 878 1731 damna-

140 1746 192 1783 tis
222 1760 243 1783 a
274 1746 591 1787 Rhadamantho
624 1752 757 1788 statim
789 1765 878 1789 ma-

138 1818 215 1841 nus
236 1804 367 1843 iniicit
388 1813 428 1844 et
449 1807 500 1844 ad
521 1808 679 1847 Tartari
700 1815 876 1860 portam,

137 1875 238 1912 quae
254 1876 409 1915 semper
431 1865 564 1902 clausa
585 1865 771 1916 habetur,
806 1881 872 1906 eos

137 1920 219 1970 agit
233 1918 420 1972 (ἄγονται
440 1920 538 1972 πρὸς
560 1919 785 1975 Ἐριννύων
803 1922 872 1966 ἐπ’

124 1974 296 2030 ’Ἔρεβος
317 1979 384 2019 καὶ
414 1977 527 2027 Χάος
552 1979 618 2020 (Sic)
647 1980 869 2034 Ταρτάρου,

136 2041 231 2072 sunt
254 2036 376 2073 verba
399 2039 574 2075 Socratis
593 2039 634 2076 in
656 2040 869 2092 Axiocho),

134 2092 402 2143 inclamatque
434 2108 601 2132 sorores.
664 2098 767 2135 Tum
793 2097 867 2135 de-

132 2163 244 2187 nium
284 2149 339 2202 (v.
379 2150 480 2204 573)
522 2154 702 2204 aperitur
733 2162 863 2205 porta.

132 2207 348 2244 Videamus
370 2223 480 2246 nunc
497 2211 662 2260 singula.
710 2213 860 2262 Cemis,

130 2266 260 2316 pergit
289 2266 462 2317 Sibylla,
503 2270 685 2306 custodia
714 2272 861 2320 quales,

130 2336 232 2372 quae
252 2330 399 2372 custos,
431 2325 511 2362 scil.
532 2326 759 2377 Tisiphone,
791 2343 860 2364 ve-

128 2380 289 2428 stibulo,
325 2381 375 2418 ad
398 2382 564 2432 aditum,
592 2384 755 2432 sedeat;
781 2385 860 2435 fiz-

128 2439 207 2474 eies
251 2453 353 2490 quae
385 2440 530 2477 limina
561 2450 709 2489 servem
764 2456 857 2480 nam

129 2497 253 2543 intus,
288 2496 394 2533 intra
416 2503 588 2548 portam,
619 2502 776 2537 saevior
794 2501 858 2537 sa·-

127 2553 222 2601 cies,
264 2553 427 2604 Hydra,
469 2555 602 2593 sedem
632 2556 754 2594 habet
780 2564 853 2595 ete.

126 2609 235 2648 Haec
283 2610 391 2649 haud
439 2613 558 2650 dubie
600 2627 695 2651 vera
739 2615 853 2654 ratio.

124 2669 241 2706 Nune
270 2683 305 2708 V.
341 2670 422 2710 574
455 2672 636 2708 custodia
665 2686 766 2722 quae
791 2674 852 2721 sit,

124 2727 218 2763 satis
268 2729 501 2778 expeditum
543 2735 612 2766 est.
689 2731 851 2768 Servius

123 2783 365 2833 Megaeram,
425 2786 488 2822 alii
530 2786 734 2836 Hydram,
785 2789 850 2826 alii

121 2842 237 2878 aliter
257 2842 469 2893 accipiunt.
501 2844 577 2880 Sed
599 2850 657 2881 est
676 2845 760 2896 ipsa
782 2847 849 2883 illa

121 2897 358 2949 Tisiphone,
412 2900 461 2937 de
497 2914 573 2950 qua
607 2902 738 2941 adhuc
771 2905 848 2955 egit

936 1411 1067 1458 poeta.
1106 1407 1204 1448 576.
1223 1406 1273 1445 At
1295 1407 1458 1457 Hydra,
1496 1407 1663 1458 inquies,

935 1465 978 1502 in
1019 1464 1218 1502 vestibulo
1254 1465 1337 1503 orci
1375 1479 1414 1504 V.
1446 1467 1529 1506 287
1557 1466 1661 1504 iuter

937 1529 1068 1559 cetera
1116 1529 1295 1561 monstra
1343 1523 1420 1560 suit
1456 1524 1661 1562 recensita.

936 1580 1017 1617 Iam
1047 1581 1209 1620 Servius
1241 1582 1399 1618 monuit
1427 1579 1516 1618 hoc.
1576 1582 1659 1619 Ex-

935 1638 1101 1689 peditur
1118 1639 1240 1677 varie.
1271 1638 1466 1689 Equidem
1486 1638 1658 1690 hydram

938 1710 1019 1733 non
1043 1697 1091 1734 de
1119 1710 1200 1734 una
1228 1697 1295 1734 illa
1324 1697 1371 1733 ab
1391 1697 1563 1734 Hercule
1582 1697 1658 1735 do-

934 1755 1050 1803 mita,
1098 1754 1166 1792 sed
1204 1754 1436 1805 simpliciter
1477 1768 1551 1805 pro
1569 1768 1657 1793 ser-

933 1817 1051 1863 pente
1075 1818 1302 1850 monstroso
1328 1812 1475 1850 dictam
1495 1812 1655 1864 accipio.

930 1870 1025 1911 577.
1045 1869 1141 1911 578.
1160 1871 1255 1912 579.
1275 1883 1326 1907 ex
1343 1870 1453 1909 Iliad.
1482 1875 1526 1919 θ,
1548 1874 1598 1912 16
1616 1877 1656 1909 et

928 1926 1091 1965 Hesiod.
1127 1930 1173 1967 Θ.
1201 1931 1285 1968 720
1315 1942 1398 1978 sqq.
1431 1930 1532 1965 conf.
1558 1928 1653 1967 ibid.

929 1987 1011 2025 740
1040 1998 1123 2034 sqq.
1161 1985 1378 2022 notissimis
1423 1986 1539 2034 locis3
1583 1987 1651 2024 sed

926 2042 965 2078 in
985 2043 1112 2079 maius
1132 2048 1250 2079 aucta
1269 2055 1323 2080 re.
1381 2044 1486 2080 caeli
1508 2058 1651 2093 suspe-

925 2107 1023 2145 ctus,
1055 2098 1094 2137 h.
1117 2112 1148 2137 e.
1165 2105 1400 2151 prospectus
1427 2113 1498 2151 per
1519 2113 1649 2139 aerem

926 2155 1045 2207 (male
1063 2156 1166 2193 enirn
1186 2157 1356 2208 iungunt
1377 2159 1482 2194 caeli
1507 2158 1648 2207 Olym—

918 2212 1051 2266 pum),
1083 2228 1105 2250 a
1125 2220 1232 2251 terra
1254 2216 1312 2252 acl
1333 2215 1562 2265 Olympum,
1592 2218 1650 2253 ad
1674 2228 1677 2229 ’

919 2272 1101 2317 caelam;
1152 2285 1243 2309 nam
1273 2285 1322 2309 ex
1350 2273 1520 2310 Tartaro
1546 2287 1644 2324 pro-

919 2335 1077 2378 spectus
1109 2329 1159 2366 ad
1192 2330 1344 2367 caelum
1378 2342 1460 2367 esse
1486 2332 1644 2381 nequit3

917 2387 1063 2437 quippe
1091 2400 1181 2424 cum
1201 2387 1328 2425 infera
1349 2388 1436 2424 loca
1465 2388 1545 2426 sint
1569 2390 1642 2426 sub

916 2449 1025 2481 terra
1038 2474 1048 2493 ,
1082 2450 1119 2481 et
1138 2445 1276 2482 subter
1295 2446 1340 2483 iis
1358 2445 1519 2484 demum
1538 2446 1641 2484 Tar-

914 2507 1028 2538 tarus
1075 2502 1284 2553 depressus
1322 2503 1459 2541 iaceat.
1535 2504 1639 2542 Talis

913 2559 1032 2596 etiam
1067 2560 1261 2598 Tartarus
1288 2561 1361 2598 sub
1384 2561 1498 2599 Hade
1530 2562 1639 2614 apud

911 2616 1075 2655 Homer.
1103 2618 1215 2656 Iliad.
1249 2624 1302 2666 θ,
1338 2622 1388 2660 13
1419 2634 1500 2669 sqq.
1533 2622 1634 2657 cons.

912 2674 1086 2712 lortinus
1118 2676 1214 2717 Diss,
1240 2676 1300 2724 Vl,
1328 2691 1414 2728 pag.
1446 2676 1528 2717 2524
1551 2691 1633 2727 sqq.

911 2732 1069 2770 Tartari
1087 2733 1219 2785 igitur,
1243 2735 1310 2785 qui
1327 2736 1400 2773 sub
1422 2735 1545 2781 Hade,
1579 2735 1632 2771 is-

909 2803 986 2840 que
1027 2791 1100 2827 sub
1142 2797 1252 2829 terra
1281 2798 1356 2840 est,
1389 2793 1417 2829 si
1449 2805 1537 2828 eum
1566 2792 1630 2828 in-

907 2861 1062 2897 gressus
1091 2849 1235 2897 fueris,
1266 2856 1377 2887 tanta
1402 2852 1439 2886 in
1462 2850 1630 2900 profun-

908 2906 1005 2942 dum
1044 2913 1101 2943 est
1141 2907 1333 2955 altitudo,
1385 2914 1424 2944 ut
1461 2908 1628 2957 spatium
