1779 3420
80 203 176 248 180
400 199 453 247 Ρ,
492 197 850 247 VIRGILII
897 196 1267 246 MARONIS

76 324 379 374 Caesariem
403 332 528 372 nato
550 324 804 387 genetrix,
844 322 1141 389 lumenque
1167 324 1412 371 iuventae

1491 323 1594 373 590

73 397 441 460 Purpureum,
478 402 529 443 et
552 393 718 442 laetos
742 392 908 442 oculis
931 390 1149 441 adflarat
1172 392 1436 441 honores:

167 533 239 568 590
269 542 442 580 genetrzx
469 542 560 568 nato
594 546 647 579 pr.
679 532 849 566 Rottentl.

909 532 1085 584 (genitrix
1116 530 1175 563 hic
1206 538 1241 564 et
1267 530 1353 564 alias
1377 530 1501 571 Palas,
1536 529 1594 574 qui

73 580 214 613 omnino
246 581 398 624 vulgiris
426 581 705 624 orthographiae
735 585 857 612 auctor
885 577 1010 611 haberi
1036 584 1175 623 potest,
1206 578 1275 611 vid.
1304 579 1348 612 V.
1378 578 1418 610 L.
1450 580 1512 611 Ge.
1534 578 1594 617 IV,

72 628 152 662 363.
185 628 280 670 Ην.)

377 629 443 662 591
482 628 672 672 laetosque
704 625 876 658 Moutalb.

939 624 1038 657 latos
1068 625 1138 657 duo
1169 625 1454 658 Burm.laet1.5
1482 623 1593 657 Goth.

75 681 152 707 leit.
201 675 271 708 Sed
289 681 427 707 tuentur
443 673 618 718 vulgatam
638 671 866 717 grammatici.
890 683 921 704 v.
947 672 1062 705 Burm.

72 782 145 833 ipsi
188 781 369 833 picturae
410 780 570 818 linearis
611 779 802 831 magistri.

71 840 198 877 Locus
224 839 386 889 insignis
418 845 477 876 est
498 838 644 876 Valerii
668 838 726 876 Fl.
752 838 801 886 II,

71 897 174 946 491,
207 897 276 934 ubi
308 896 480 934 Hesione
509 896 696 934 Herculi:
739 909 801 933 me

71 955 180 1007 eripe
212 977 264 983 ——
293 969 468 1006 namque
492 962 632 1005 potes:
676 968 801 1006 neque

70 1015 177 1050 enim
206 1021 291 1050 tam
315 1013 404 1050 lata
431 1011 618 1050 videbam
649 1014 800 1050 Pecto—-

69 1085 133 1118 ra,
169 1071 388 1120 Neptunus
416 1084 550 1108 mutos
581 1084 674 1107 cam
706 1072 802 1107 iun-

69 1137 177 1179 <reret
205 1130 353 1175 amis,-
384 1142 455 1165 nec
488 1129 588 1165 tales
615 1128 801 1165 humeros

65 1186 379 1237 pharetramque
428 1185 588 1236 ‹retebat
629 1186 793 1236 Apollo.

68 1244 184 1281 Cetei
188 1257 255 1281 um
285 1249 472 1282 notatum
500 1243 578 1281 iam
605 1243 703 1291 aliis,
734 1243 798 1280 lo-

68 1315 160 1339 cum
179 1301 357 1339 effictum
379 1301 430 1339 ad
441 1301 695 1340 Homericam
712 1302 799 1339 sor-

67 1373 174 1398 mam
206 1359 350 1412 Odyss.
383 1362 419 1409 ζ,
450 1362 603 1402 229—
623 1361 726 1408 235,
759 1365 800 1397 et

69 1416 162 1470 (nisi
191 1417 274 1456 huc
304 1417 426 1456 iidem
457 1416 611 1471 tralati)
639 1428 687 1468 ψ,
717 1419 799 1460 156

71 1499 119 1504 ·-
139 1479 242 1524 162,
272 1476 343 1514 ubi
372 1476 505 1529 Ulyssi
530 1476 713 1514 Minerva
741 1475 799 1512 si-

66 1534 158 1572 mile
203 1534 325 1572 decus
373 1534 556 1572 divinum
606 1533 799 1586 impertit.

66 1592 318 1630 Conferenda
350 1598 445 1631 sunt
471 1607 493 1629 a
524 1592 704 1630 studioso
733 1597 799 1628 ta·-

66 1650 165 1688 lium
216 1664 354 1689 rerum
400 1651 575 1701 singula;
615 1650 684 1688 sed
726 1662 800 1687 nec

66 1708 261 1759 Scaliger,
293 1721 422 1759 neque
447 1709 510 1746 alii
540 1716 692 1746 temere
722 1721 798 1745 au-

66 1766 202 1804 diendi
215 1797 224 1815 ,
255 1766 323 1817 qui
343 1765 392 1804 de
411 1766 490 1804 hoc
508 1766 573 1805 vel
590 1766 658 1804 illo
677 1779 799 1818 prae-

67 1823 232 1862 serendo
253 1825 533 1876 pronuntiant.
575 1824 634 1862 Ita
656 1838 699 1862 os
717 1823 798 1861 lm-

64 1896 267 1934 merosque
288 1883 360 1920 cleo
379 1883 525 1920 similae
545 1888 704 1920 tantum
726 1895 798 1919 or·-

65 1939 199 1978 natius
244 1940 481 1992 exprimunt
513 1941 684 1978 sormam
721 1953 798 1978 au-

63 2004 219 2049 gustam
249 2004 289 2036 et
325 1998 526 2047 divinam,
558 2012 679 2049 quam
708 1997 797 2035 Ho-

63 2069 198 2093 merus
217 2056 456 2108 simplicius:
486 2058 595 2108 θῆκε
614 2077 672 2085 —
692 2056 798 2096 Μεί-

65 2109 162 2161 {ovo}
202 2109 242 2153 τ’
275 2113 459 2162 εἰςιδέειν
497 2112 566 2154 καὶ
593 2110 794 2154 πάσσονα.

64 2172 114 2210 cf.
136 2170 282 2223 Odys&
302 2187 344 2221 π,
368 2171 448 2215 174
468 2185 525 2222 sq.

123 2229 220 2270 590.
251 2231 351 2280 Ipsa
369 2230 555 2268 decoram
575 2230 796 2266 caesariem

63 2295 158 2324 nalo
181 2290 359 2337 genilrix
382 2311 438 2316 —-
468 2288 677 2338 adflarat,
712 2301 795 2324 non

64 2344 176 2395 quasi
214 2359 347 2383 comas
385 2345 469 2384 eius
500 2344 707 2383 breviores
753 2345 796 2383 in

64 2401 341 2453 promissiores
359 2403 545 2441 mutarit:
578 2401 660 2450 sed,
681 2403 711 2440 si
728 2402 796 2441 iu-

63 2459 186 2498 venili
196 2462 324 2513 specie
336 2461 496 2499 adstare
506 2460 701 2499 dicendus
710 2466 798 2498 erat

63 2516 229 2567 Aeneas,
249 2518 504 2557 efficiendum
523 2530 683 2569 quoque
711 2524 798 2556 erat

21 2593 25 2597 -
65 2590 86 2612 a
109 2575 194 2623 dea,
207 2582 251 2614 ut
263 2590 374 2614 coma
394 2576 532 2614 similis
550 2582 651 2613 esset
662 2588 797 2613 comae

63 2633 280 2685 promissae
290 2634 486 2685 Apollinis
496 2635 558 2672 vel
568 2632 797 2684 Bacchi‚qui

63 2691 105 2728 in
127 2692 272 2743 vulgus
294 2692 489 2730 notabiles
518 2691 687 2729 caesarie
710 2705 794 2730 sua.

63 2749 209 2787 Similis
232 2750 343 2788 locus
367 2750 415 2788 de
445 2750 583 2787 Iasone
607 2748 793 2800 Apollon.

62 2807 128 2855 ΙΙΙ,
148 2809 232 2848 919
251 2821 307 2858 sq.
367 2808 421 2845 At
441 2807 592 2845 Ho1ne1
596 2820 641 2843 us
664 2807 795 2858 Ulyssi

63 2878 85 2901 a
117 2865 276 2903 Pallade
309 2867 461 2916 crispos·
495 2867 621 2902 crines
660 2865 794 2922 affingi

63 2924 124 2959 sa(
128 2922 158 2960 it
174 2923 194 2960 ’ἶ
224 2920 347 2963 καδδὲ
366 2938 543 2974 καρητος
567 2922 691 2970 Οἴλας
719 2916 795 2974 ἧκε

860 773 1000 830 κόμας,
1031 775 1267 833 ὑακινθίνῳ
1290 774 1415 818 ἄνθει
1439 775 1592 830 ὁμοίας.

860 835 1012 873 scilieet
1029 835 1229 873 Mercurio
1252 849 1343 873 eum
1363 835 1595 873 assimulare

860 894 1046 943 volebat3
1076 894 1137 931 uti
1159 899 1200 931 et
1220 893 1305 931 aliis
1324 893 1364 931 in
1385 893 1481 931 locis
1501 907 1593 932 cor-

859 964 935 1003 pus
959 950 1195 990 athleticum
1215 951 1345 1003 Ulyssi
1365 951 1519 990 tribuit.
1537 973 1593 979 -—

859 1011 996 1047 lumen
1026 1011 1213 1047 izwentae
1240 1024 1492 1060 purpureum
1522 1023 1591 1047 or—

859 1073 953 1105 nate
980 1081 1054 1119 pro
1078 1069 1243 1105 iuventa
1269 1066 1414 1105 eximia
1435 1073 1475 1105 et
1497 1067 1592 1119 pul-

860 1139 940 1164 cra.
984 1127 1119 1162 lumen
1141 1131 1200 1163 est
1226 1125 1355 1175 nitor;
1385 1125 1496 1163 nitor
1517 1138 1592 1164 au-

857 1189 940 1221 tem
966 1183 1156 1221 iuventae
1183 1183 1347 1235 proprie
1376 1183 1587 1222 tribuitur.

855 1255 1084 1292 purpureus
1103 1246 1174 1278 aut
1191 1254 1267 1292 pro
1289 1241 1440 1293 pulcer,
1459 1242 1591 1279 omni-

858 1313 924 1348 no,
957 1305 1027 1336 aut
1051 1312 1126 1351 pro
1157 1299 1402 1350 splendidus,
1435 1300 1588 1338 nitens:

858 1356 1190 1408 quandoquidem
1215 1370 1296 1394 non
1317 1357 1439 1395 inodo
1467 1358 1590 1405 color,

858 1414 926 1452 sed
949 1415 1071 1465 nitor,
1102 1415 1412 1453 commendabat
1430 1429 1590 1468 purpu-

857 1487 958 1512 ram.
988 1487 1028 1511 v.
1062 1472 1114 1510 ad
1142 1472 1286 1513 Horat.
1320 1473 1372 1512 IV
1400 1474 1532 1515 Carm.
1558 1473 1589 1523 Ι,

862 1534 934 1579 10,
966 1530 1035 1581 qui
1066 1530 1174 1569 idem
1199 1530 1262 1581 ΙΙΙ,
1293 1533 1331 1580 3,
1366 1534 1431 1581 11,
1462 1535 1514 1574 12
1538 1531 1590 1570 ad

859 1589 1040 1627 divinam
1081 1589 1251 1626 sormam
1283 1589 1444 1639 retulit,
1491 1604 1590 1642 qnos

857 1648 958 1684 inter
985 1647 1200 1698 Augustus
1229 1647 1458 1685 recumbens
1486 1661 1588 1699 pur-

857 1718 985 1756 pureo
1004 1704 1102 1742 bibit
1131 1717 1200 1742 ore
1230 1713 1375 1743 nectar.
1436 1706 1587 1744 Iuven-

858 1769 940 1800 tam
970 1768 1104 1800 autem
1137 1775 1228 1800 cum
1254 1763 1426 1801 caesarie
1451 1764 1588 1802 iunxit

858 1821 976 1859 etiam
1000 1819 1148 1860 Tibull.
1170 1820 1199 1869 I,
1227 1819 1266 1869 4,
1290 1824 1345 1865 37
1378 1822 1483 1859 Solis
1512 1837 1587 1859 ae-

857 1887 969 1916 terna
987 1887 1043 1916 est
1064 1877 1224 1915 Plzoeho
1250 1879 1497 1931 Bacelzoque
1520 1883 1586 1917 in—

855 1945 1010 1985 ventas,
1040 1937 1157 1974 Nam
1177 1936 1286 1973 decet
1305 1938 1483 1975 intonsas
1505 1940 1585 1975 cri-

854 1997 919 2032 nis
950 2003 1160 2045 utrumque
1184 1994 1328 2032 deum:
1361 1994 1402 2038 h,
1433 1994 1586 2033 habent

855 2052 960 2090 enim
981 2051 1206 2091 iuventutis
1235 2053 1385 2105 insigne
1415 2060 1584 2103 certum,

855 2124 1008 2148 comam
1031 2110 1282 2162 promissam.

913 2169 1009 2210 591.
1052 2170 1204 2205 Laetos
1243 2169 1369 2206 oculis
1409 2168 1585 2219 afflarat

854 2226 1043 2264 honores:
1074 2225 1207 2263 inerat
1232 2226 1357 2264 oculis
1378 2226 1585 2264 desidera——

852 2285 942 2322 bilis
961 2285 1093 2335 aliqua
1112 2291 1315 2333 venustas,
1346 2284 1486 2335 gratia,
1512 2279 1585 2337 χοῖ-

855 2358 917 2396 ρις
943 2342 1010 2382 καὶ
1039 2342 1190 2393 ἵμερος.
1250 2343 1430 2381 Primum
1459 2344 1584 2380 laetos

854 2400 1020 2438 honores
1039 2400 1144 2437 dixit
1164 2414 1238 2451 pro
1268 2400 1441 2451 honore3
1460 2400 1584 2438 honos

855 2464 990 2496 autem
1008 2472 1083 2510 pro
1103 2458 1398 2509 pulcritudine3
1429 2471 1493 2497 res
1515 2472 1583 2495 no-

856 2522 909 2554 ta.
939 2517 1065 2554 laetos
1095 2529 1177 2553 non
1208 2522 1291 2554 tam
1319 2517 1369 2554 ad
1396 2516 1582 2554 hilarita—

855 2580 950 2623 tem,
974 2586 1075 2624 quae
1098 2573 1283 2625 adspersa
1305 2575 1388 2613 fere
1406 2581 1466 2612 est
1484 2588 1582 2612 ocu-

854 2632 901 2670 lis
922 2631 1060 2669 nitidis
1072 2637 1111 2668 et
1129 2632 1277 2683 pulcris
1299 2630 1472 2684 (ὄμματα
1484 2648 1582 2681 φαι-

856 2687 973 2742 δροὶ),
1002 2703 1119 2739 quam
1143 2690 1277 2740 potius
1298 2689 1349 2727 ad
1373 2690 1582 2728 oculorum

851 2748 1057 2798 fulgorem,
1068 2748 1195 2798 qualis
1204 2749 1243 2785 in
1252 2747 1386 2785 lucido
1396 2748 1582 2786 iuventae

853 2812 893 2843 et
916 2805 1200 2856 pulcritudinis
1229 2806 1328 2844 flore
1355 2819 1437 2843 esse
1469 2806 1582 2855 solet,

852 2864 1022 2913 reseres3
1055 2877 1147 2901 nam
1181 2864 1290 2902 laeta
1323 2864 1452 2915 poetis
1484 2877 1582 2916 pro—

855 2922 940 2973 prie
979 2922 1071 2970 lux,
1104 2922 1229 2963 nitor.
1307 2922 1371 2960 Sic
1403 2930 1581 2973 tempora
