1779 3420
120 238 219 284 428
502 225 1111 278 EXCURSUS
1178 227 1271 272 X*

118 367 238 400 ctam.
313 360 494 413 Ulyssem
532 357 774 397 accusatoris
805 361 940 408 partes
981 354 1101 406 egisse
1137 367 1187 393 ex
1219 369 1251 393 c.
1282 357 1348 396 31.
1381 366 1442 404 pr.
1473 351 1645 404 colligas,

119 422 179 458 uti
216 425 258 457 et
288 419 383 457 alibi
407 417 623 458 memorari
654 414 835 463 memini,
867 413 1208 465 Agamemnonem
1227 413 1413 452 fraudem
1434 410 1544 448 Aiaci
1565 423 1648 448 esse

117 477 419 526 machinatum,
451 482 499 514 ut
522 474 766 521 Cassandra,
799 472 912 510 cuius
936 485 1073 509 amore
1110 477 1250 523 captus
1283 476 1392 519 erat,
1422 469 1648 521 potiretur,

117 535 244 574 Duxit
277 535 370 574 inde
401 538 625 572 commenta
657 545 726 569 sua
751 529 1021 568 Philostratus
1038 529 1081 568 in
1102 529 1263 567 Heroic.
1292 531 1331 570 8.
1372 527 1513 579 Stupri
1542 540 1648 578 quo-

118 607 196 646 que
218 594 267 631 ab
286 593 402 634 Aiace
421 592 521 630 illati
549 589 787 628 memoratio
809 588 881 626 vix
913 587 1024 640 apud
1055 601 1121 625 eos
1150 588 1286 640 potuit
1313 599 1419 635 esse,
1451 585 1520 636 qui
1540 584 1648 636 Aga-

119 664 375 690 memnonem
399 662 536 688 amore
567 646 814 686 Cassandrae
842 645 1050 684 incensum
1079 645 1124 682 in
1154 658 1313 683 scenam
1343 643 1647 696 produxerant:

117 716 165 749 ut·
200 708 412 761 Euripides
439 706 588 746 Troad.
623 712 665 744 et
701 705 750 743 al.
810 703 929 742 Unde
963 709 1005 741 et
1032 702 1195 743 Horatii
1218 716 1361 742 versus
1387 702 1435 751 Π,
1466 701 1505 742 4.
1537 704 1576 750 7,
1608 703 1646 742 8.

120 770 237 807 Arsit
254 767 418 805 Atrides
438 766 571 803 medio
604 766 647 802 in
677 761 878 813 triumpho
906 763 1080 813 Virgine
1108 770 1245 812 rapta.
1290 760 1360 811 qui
1380 758 1648 811 Agamemno-

118 827 180 865 nis
208 838 385 863 amorem
408 823 644 871 narrabant,
674 821 747 860 vix
765 820 953 860 vitiatam
980 820 1029 858 ab
1049 820 1169 858 Aiace
1189 818 1454 858 Cassandram
1480 830 1648 856 narrare

118 890 305 937 potuere.
366 882 517 921 Verum
540 880 752 918 redeamus
773 878 825 916 ad
845 878 1122 917 Cassandram.

237 941 355 980 Hanc
387 939 595 979 Minervae
621 937 842 990 supplicem
870 938 1040 986 factam,
1087 950 1179 975 cum
1210 935 1260 974 ab
1286 932 1405 972 Aiace
1431 932 1648 972 abductam

117 1000 238 1053 primi
266 1005 453 1036 auctores
482 1001 794 1046 memorassent3
825 995 1004 1033 adiecere
1031 995 1097 1033 alii
1119 1000 1158 1033 et
1178 993 1317 1046 cyclici
1337 998 1376 1031 et
1399 991 1543 1044 tragici
1564 991 1648 1030 vim

118 1059 169 1096 ab
198 1072 244 1096 eo
280 1055 526 1095 Cassandrae
554 1053 704 1107 pudori
730 1054 901 1102 factam,
946 1053 1113 1092 tandem
1145 1058 1333 1104 stuprum
1364 1051 1406 1089 in
1435 1050 1521 1102 ipso
1543 1055 1647 1087 tem-

117 1116 186 1169 plo
213 1116 256 1154 in
285 1119 502 1167 conspectu
537 1113 634 1151 deae
659 1113 825 1150 factum.
881 1112 1067 1151 Utuntur
1091 1117 1248 1150 veteres
1276 1109 1496 1158 vocabulo,
1537 1107 1647 1159 quod

117 1187 203 1213 rem
233 1174 314 1211 fere
344 1172 570 1224 ambiguam
599 1171 715 1220 facit,
748 1170 966 1220 ἕλκεσθαι,
999 1169 1227 1218 studeam,
1260 1164 1505 1215 ἕλκύεσθαι,
1537 1165 1646 1217 quod

118 1239 160 1270 et
185 1232 234 1270 de
259 1231 470 1272 abstractis
498 1230 542 1268 in
577 1228 875 1282 captivitatem,
907 1234 948 1266 et
972 1229 1019 1266 cle
1046 1229 1090 1266 νί
1112 1227 1268 1278 corpori
1286 1227 1405 1264 illata
1422 1255 1432 1274 ,
1477 1224 1555 1262 dici
1578 1238 1646 1262 so—

118 1291 255 1338 litum,
287 1289 338 1327 ad
365 1289 490 1341 ipsam
523 1287 765 1326 narrationis
799 1286 1150 1340 amplificationem
1182 1285 1328 1323 ducere
1357 1283 1512 1335 potuit3
1554 1296 1647 1320 nam

120 1346 297 1401 ἄγεσθαι
330 1346 577 1386 vocabulum
610 1358 848 1394 commune,
887 1344 1189 1396 ambiguitatem
1231 1356 1318 1380 eam
1346 1341 1460 1379 haud
1493 1339 1645 1378 admit—

118 1407 192 1455 tit5
221 1420 260 1444 v.
295 1419 328 1444 c.
358 1405 469 1443 Iliad.
497 1420 538 1454 π,
575 1407 671 1446 332.
732 1403 786 1441 At
817 1403 963 1455 Odyss.
996 1407 1030 1451 λ,
1054 1404 1150 1445 579.
1183 1401 1324 1453 Tityus
1354 1401 1530 1438 Latonae
1563 1398 1647 1437 vim

118 1465 269 1503 inferre
299 1464 442 1502 voluit.
482 1460 608 1514 Λητώ
647 1459 724 1517 γάρ
760 1459 992 1514 ἤλκησε-
1014 1456 1151 1501 Πυθώ
1180 1455 1219 1499 τ’
1259 1457 1491 1512 ἐρχομένην.
1545 1469 1647 1507 quae

119 1522 228 1576 apud
258 1521 444 1574 Apollod.
470 1521 501 1570 I,
534 1519 573 1570 4,
608 1523 628 1561 1
653 1520 710 1558 ita
729 1520 890 1559 reddita
924 1526 1037 1557 sunt:
1093 1512 1225 1566 Οὗτος
1258 1513 1383 1568 Λητώ
1413 1512 1646 1569 θεωρήσας,

118 1578 243 1634 πόθῳ
287 1578 575 1633 κατασχεθεὶς,
625 1577 854 1619 ἐπισπᾶται.
921 1577 1018 1616 Aliis
1054 1576 1152 1615 locis
1193 1575 1428 1628 simpliciter
1467 1573 1647 1625 captivae

120 1638 343 1688 abductae,
375 1644 436 1687 et,
468 1636 561 1688 quia
589 1636 741 1687 invitae
774 1636 1015 1685 discedunt,
1047 1635 1272 1672 abstractae
1304 1640 1345 1670 et
1373 1638 1558 1684 raptatae
1586 1632 1646 1669 se-

120 1697 254 1735 minae
285 1702 391 1734 sunt.
453 1695 512 1734 Ita
543 1694 653 1732 Iliad.
685 1711 719 1746 χ,
754 1698 808 1737 62
840 1695 879 1732 in
902 1694 1050 1732 Priami
1080 1692 1287 1741 lamentis,
1321 1704 1412 1728 cum
1432 1691 1646 1728 Hectorem

118 1755 163 1793 in
205 1754 363 1793 moenia
406 1766 599 1792 revocare
638 1753 796 1802 studet,
840 1748 934 1799 υἷάς
972 1748 1010 1791 τ’
1050 1747 1294 1803 ὀλλυμένους
1334 1748 1575 1801 ἑλκηθείσας
1606 1763 1646 1787 τε

119 1809 356 1866 θύγατρας,
387 1833 443 1840 -
488 1809 703 1862 ἑλκομένας
744 1826 784 1850 τε
828 1807 954 1857 νυοῦς
997 1806 1119 1865 ὀλοῇς
1158 1805 1241 1848 ὖπὸ
1281 1806 1417 1859 χερσὶν
1460 1801 1645 1857 Ἀχαιῶν.

120 1870 237 1909 Adde
290 1866 500 1922 ἕλκηθμὸν
542 1868 844 1907 Andromaches
886 1867 999 1905 Iliad.
1032 1869 1072 1916 ζ,
1121 1865 1204 1908 465
1238 1872 1278 1902 et
1317 1865 1366 1903 de
1405 1864 1547 1903 VOCflb·
1591 1864 1640 1901 Cf·

120 1929 313 1968 Valcken.
354 1927 405 1965 ad
438 1927 548 1965 Iliad.
579 1943 622 1978 χ,
665 1941 703 1979 p.
735 1928 803 1970 51.
863 1926 994 1964 Multo
1035 1924 1158 1975 inagis
1202 1930 1336 1961 autem
1377 1922 1574 1974 supplices
1604 1921 1645 1960 vi

120 1989 348 2026 abstractae
380 1986 428 2023 ab
461 1999 530 2023 ara
561 1991 601 2022 et
631 1985 765 2037 asylo:
797 1984 854 2022 ita
887 1981 1170 2022 Andromache
1193 1982 1329 2033 Eurip.
1361 1982 1446 2023 566
1477 1979 1545 2020 καὶ
1568 1982 1645 2019 νῦν

121 2061 170 2099 με
211 2047 355 2098 βωμοῦ
399 2042 563 2091 Θέτιδος
603 2065 660 2072 —-
686 2038 857 2096 ''Ayovo'
906 2038 1235 2087 ἀποσπάσαντες.
1307 2039 1441 2077 Etiam
1481 2039 1645 2088 capillis

116 2104 337 2155 prehensas
366 2102 421 2139 ita
454 2101 649 2139 abductas
679 2114 761 2138 esse
796 2100 896 2138 nihil
926 2107 1008 2150 est,
1040 2099 1151 2151 quod
1183 2098 1356 2136 mireris:
1389 2103 1437 2135 ut
1467 2104 1642 2134 tractata

119 2163 245 2200 comis
275 2175 337 2213 ap.
369 2159 488 2198 Ovid.
519 2159 614 2197 Met.
646 2159 752 2208 XIII,
785 2159 880 2201 410.

234 2218 467 2258 Secundum
496 2217 596 2255 haec
629 2217 671 2255 in
702 2219 786 2269 ipsa
810 2216 1032 2254 Cassandra
1063 2215 1294 2266 ambiguum
1323 2213 1561 2266 plerumque
1587 2210 1645 2258 fit,

119 2283 260 2315 utrum
301 2282 418 2330 poeta
452 2276 658 2314 declarare
696 2276 875 2315 voluerit
914 2275 997 2313 Vim
1046 2274 1199 2312 illatam
1240 2287 1292 2310 an
1332 2270 1644 2309 abstractionem

120 2336 323 2387 captivae3
355 2335 526 2372 alterum
544 2333 623 2372 hoc
644 2334 860 2386 simplicius
884 2346 966 2370 essc
990 2345 1142 2370 censeo.
1204 2330 1325 2382 Apud
1343 2330 1481 2380 Eurip.
1498 2326 1645 2365 Troad.

120 2396 188 2435 69.
211 2396 278 2434 70.
300 2392 502 2431 Minerva:
555 2390 644 2432 Οὐκ
683 2388 796 2439 οἶςθ’
835 2388 1109 2444 ’ὑβρισθεῖσάν
1142 2405 1188 2441 με
1225 2388 1294 2429 καὶ
1333 2384 1460 2434 ναοὺς
1498 2382 1645 2437 ἒμούς;

123 2446 219 2491 Οἶδ’
247 2445 365 2502 ἡνίκ’
396 2450 501 2497 Αἴας
532 2446 636 2490 εἷλκε
670 2446 942 2501 Κασσάνδρα-ν
977 2449 1057 2503 βία.
1119 2448 1169 2485 Et
1200 2446 1308 2498 apud
1338 2443 1540 2496 Lycopllr.
1562 2443 1644 2483 358

120 2509 206 2560 ipsa
237 2508 310 2545 ait:
367 2507 473 2554 Τέως
515 2503 1075 2559 βιαίως-ἕλκυσθήσομαι.
1136 2505 1208 2542 Itis
1240 2503 1414 2540 narratis
1447 2501 1509 2538 usi
1550 2506 1646 2537 sunt

120 2572 262 2618 poetae
282 2571 319 2602 ct
339 2565 511 2602 artifices
531 2565 701 2603 diversis
722 2565 850 2602 modis
882 2579 956 2616 pro
977 2563 1141 2601 consilio
1164 2562 1332 2612 quisque
1355 2573 1449 2608 suo,
1482 2559 1644 2595 omnino

121 2631 254 2662 tamen
267 2623 335 2671 sic,
357 2628 403 2660 ut
417 2622 640 2660 Cassandra
661 2623 811 2673 capillis
825 2621 1020 2672 prehensa
1035 2619 1297 2657 abstrahatur
1315 2618 1363 2655 ab
1378 2616 1509 2665 Aiace,
1534 2617 1644 2667 signo

122 2682 219 2720 deae
250 2681 431 2732 apposito
464 2687 534 2718 aut
566 2680 614 2717 ab
645 2693 687 2716 ea
722 2679 985 2731 apprehenso.
1046 2678 1213 2728 Captiva
1254 2689 1297 2712 ea
1331 2676 1385 2712 sic
1417 2675 1643 2712 abducitur.

121 2740 289 2777 Factum
321 2744 381 2775 cst
414 2744 544 2775 tamen
579 2737 709 2774 nescio
742 2737 967 2787 quomodo,
1009 2741 1056 2772 ut
1089 2736 1137 2772 (lc
1168 2741 1308 2785 stupro
1338 2733 1450 2771 illato
1485 2733 1550 2771 vel
1580 2732 1645 2769 in-

121 2797 285 2836 serendo
318 2796 493 2847 cogitent
533 2795 734 2840 homian
786 2795 904 2831 ctiam
937 2793 1004 2831 ubi
1038 2792 1136 2832 nihil
1163 2799 1242 2841 cst,
1282 2791 1393 2842 quod
1424 2805 1469 2829 eo
1503 2790 1644 2829 ducat:

122 2863 169 2894 ut
200 2856 239 2892 in
271 2854 364 2906 ipsis
394 2853 558 2903 genimis
587 2859 627 2890 ct
659 2852 760 2890 vasis
792 2851 928 2903 picti5‚
970 2851 1010 2888 in
1043 2851 1186 2900 quibus
1217 2849 1314 2887 nihil
1349 2849 1473 2887 oculis
1502 2848 1645 2886 obiici-

121 2921 189 2952 tur
220 2926 340 2963 quam
372 2911 593 2949 Cassandra
626 2910 796 2960 supplex
829 2910 924 2947 (leae
956 2909 995 2947 vi
1030 2909 1079 2945 ab
1097 2907 1214 2945 Aiace
1236 2908 1450 2945 abstracta.
1510 2907 1644 2956 Neque

121 2973 161 3010 in
193 2970 395 3010 veteribus
427 2969 614 3022 operibus
645 2967 754 3006 aliud
774 2967 870 3018 quid
896 2966 1160 3018 significatum
1195 2966 1294 3015 suit3
1325 2966 1382 3004 uti
1402 2965 1532 3018 primo
1556 2964 1643 3001 loco
