1779 3420
166 233 269 281 922

490 228 545 276 P.
583 224 939 277 VIRGILII
976 222 1358 272 MARONIS

165 354 539 421 Idaeumque,
600 351 759 402 etiam
812 365 1032 413 curru3‚
1098 349 1257 400 etiam
1309 362 1454 396 arma
1502 353 1694 395 tenen-

955 428 1084 469 tem.

1592 418 1694 468 485

169 496 528 547 Circumstant
550 490 757 550 animae
785 488 966 539 dextra
987 489 1245 555 laevaque
1269 485 1601 552 frequentes

165 568 279 617 Nec
299 564 492 613 vidisse
510 560 680 611 semel
701 559 821 609 satis
847 567 945 609 est:
973 559 1114 607 iuvat
1134 574 1307 623 usque
1326 558 1543 616 morari,

166 638 234 687 Et
265 632 513 684 conferre
533 630 783 696 gradum,
825 637 877 678 et
898 627 1148 678 veniendi
1170 627 1375 676 discere
1399 642 1615 678 caussas,

166 710 234 757 At
249 709 493 755 Danaum
506 716 775 767 proceres,
802 697 1370 762 Agamemnoniaeque
1390 694 1693 761 phalanges,

166 779 239 827 Ut
257 774 441 823 videre
461 772 650 834 virum,
672 769 1041 835 fulgentiaque
1063 784 1208 816 arma
1226 783 1325 833 per
1344 764 1578 831 umbraS,
1592 770 1695 817 490

166 844 377 910 Ingenti
398 841 668 908 trepidare
690 848 865 900 metu3
903 855 1022 904 pars
1045 846 1254 887 vertere
1276 845 1438 899 terga,

169 917 285 966 Ceu
313 912 590 979 quondam
608 911 815 977 petiere
836 909 981 967 ratis;
1018 925 1138 974 pars
1158 906 1351 956 tollere
1375 921 1568 954 vocem

165 986 445 1048 Enguam:
473 983 716 1047 inceptus
738 980 942 1029 clamor
961 978 1243 1027 frustratur
1265 975 1469 1026 hiantis,

238 1058 415 1120 Atque
440 1053 526 1101 hic
552 1050 860 1102 Priamiden
882 1049 1137 1098 laniatum
1163 1062 1393 1113 corpore
1420 1052 1537 1093 toto

261 1158 330 1194 485
353 1155 510 1199 Ἰδαῖος,
545 1157 619 1190 sive
644 1156 784 1190 Daretis
809 1156 834 1188 f.
860 1167 890 1188 v.
916 1154 1017 1188 Iliad.
1055 1165 1084 1197 ε,
1121 1154 1176 1189 11.
1214 1153 1272 1194 20,
1305 1151 1377 1184 sive
1411 1149 1533 1193 auriga
1568 1146 1696 1181 Priami

166 1207 267 1240 Iliad.
293 1218 336 1249 ω,
362 1207 443 1247 325,
469 1205 563 1250 quod
589 1205 718 1238 verius.
768 1215 837 1248 que
862 1202 964 1235 abest
988 1214 1008 1233 a
1033 1207 1116 1234 tert.
1141 1198 1310 1233 Rottend.
1360 1205 1395 1230 et
1419 1198 1595 1230 iam—et
1621 1197 1693 1228 iam

167 1253 306 1287 divisim
331 1253 491 1286 nonnulli
519 1251 690 1285 scribunt.
739 1250 810 1283 Sed
844 1250 952 1282 etiam
977 1248 1164 1281 Cledonius
1199 1244 1465 1279 demonstrandi
1498 1242 1568 1276 vim
1602 1241 1637 1275 h.
1671 1241 1696 1274 Ι.

166 1301 321 1343 habere,
348 1300 487 1334 Servius
513 1305 628 1332 autem
653 1311 728 1331 curn
750 1298 890 1329 Donato
917 1308 981 1340 per
1006 1296 1128 1328 adhuc
1151 1292 1451 1339 interpretandum
1472 1302 1548 1323 esse
1563 1295 1695 1322 monet.

167 1348 354 1381 Enimvero
381 1348 489 1380 etiam
516 1354 567 1379 est
592 1357 679 1390 pro,
715 1344 914 1378 etiamnum.
965 1355 1113 1375 currum
1146 1343 1247 1375 Rom.
1282 1352 1358 1373 eum
1395 1337 1475 1371 aliis
1508 1350 1528 1370 a
1561 1348 1605 1369 m.
1640 1348 1696 1380 pr.

167 1408 225 1440 ap.
250 1394 340 1428 Pier.
390 1406 523 1427 currus
547 1402 657 1438 atque
682 1395 772 1426 Ven.
821 1404 849 1424 c.
874 1391 1018 1435 iamque
1043 1389 1150 1422 Goth.
1177 1395 1261 1421 tert.
1311 1393 1477 1419 tenentes
1509 1396 1565 1427 ap.
1599 1386 1695 1416 Serv.

167 1443 213 1476 ad
236 1443 301 1485 IX,
325 1443 407 1477 373.

168 1502 239 1523 sec.

168 1549 245 1571 cum
270 1536 325 1569 ed.
351 1537 440 1570 Ven.
467 1547 508 1568 ex
533 1534 595 1567 lib.
621 1536 647 1575 1,
672 1532 753 1569 414.

335 1488 405 1524 487
430 1489 523 1522 satis
547 1488 659 1520 semel
685 1496 741 1520 est
765 1498 818 1531 pr.
845 1485 969 1518 Hamb.

802 1533 923 1566 dicere
948 1531 1002 1564 ed.
1032 1532 1122 1566 lunt.

168 1584 224 1617 ed.
250 1586 340 1617 lunt.
388 1584 514 1616 Danai
536 1581 671 1615 Zulich.
695 1594 727 1614 v.
756 1580 801 1614 ad
826 1581 918 1619 VIII,
940 1580 1017 1615 161.
1039 1579 1222 1610 Burmann.

167 1632 292 1664 Hamb.
323 1643 354 1665 v.
380 1642 456 1675 sup.
481 1628 551 1664 452
577 1634 613 1661 et
638 1627 733 1661 alibi.
783 1628 941 1671 (-492.
968 1634 1070 1658 rates
1102 1624 1231 1657 Medic.
1270 1621 1368 1664 Wr.)

503 1440 572 1475 486
589 1439 795 1485 frementes
819 1438 909 1472 Gud.
947 1450 966 1470 a
991 1449 1036 1469 111.
1061 1449 1115 1481 pr.
1159 1436 1408 1482 frequentant
1434 1430 1585 1464 Dorvill.
1606 1443 1625 1463 a
1651 1442 1694 1463 m.

1064 1484 1135 1518 488
1155 1494 1310 1530 poscere
1334 1482 1435 1512 Rom.
1462 1485 1496 1511 et
1519 1477 1580 1511 alii
1603 1476 1696 1510 Pier.

1216 1528 1286 1564 489
1311 1530 1359 1560 Et
1384 1530 1428 1559 D.
1459 1525 1596 1570 aliquot
1620 1536 1696 1557 cum

1318 1574 1389 1609 490
1419 1572 1581 1606 umbram
1605 1570 1697 1604 alter

1463 1620 1534 1655 493
1565 1620 1695 1652 Incer-

168 1686 231 1712 tus
255 1678 391 1711 Nonius
417 1678 451 1709 in
477 1678 593 1709 hiare.
642 1675 771 1709 Similis
796 1674 946 1707 varietas
972 1684 1048 1716 sup.
1074 1684 1104 1705 v.
1132 1671 1212 1706 270.
1262 1671 1451 1714 Inceptum
1476 1667 1614 1710 Menag.
1640 1677 1694 1708 pr.

158 1724 368 1771 frustravit
394 1725 501 1757 Goth.
528 1735 602 1767 pr.;
639 1722 747 1755 tertio
782 1722 884 1754 deest
916 1732 983 1754 vox
1016 1719 1150 1752 ultima.

169 1780 285 1805 totum
310 1784 364 1816 pr.
386 1771 512 1804 Hamb.

169 1854 305 1892 ordine
325 1868 399 1906 pro
416 1852 594 1905 vulgari,
625 1851 773 1903 ingenti
795 1850 903 1889 mul-

167 1912 365 1960 titudine,
384 1918 431 1950 ut
449 1912 497 1961 H,
520 1913 615 1952 766.
635 1912 747 1949 Serv.
807 1910 904 1952 483.

168 1972 275 2008 Sunt
305 1970 574 2008 Troianorum
612 1968 775 2006 nomina
795 1996 805 2016 ‚
854 1966 904 2004 de

169 2029 314 2079 quibus
342 2029 424 2067 vid.
447 2029 538 2067 Var.
570 2028 675 2065 Lect.
703 2028 826 2064 etiam,
845 2047 903 2054 --

168 2088 291 2124 eliam
313 2087 441 2139 simpl.
463 2100 537 2139 pro
556 2085 787 2123 etiamnum.
820 2081 902 2135 (Si-

167 2144 314 2182 militer
331 2146 399 2183 Ge.
421 2145 486 2193 Ill,
510 2146 624 2187 189.:
654 2141 900 2192 ,‚Invalidus‚

169 2203 322 2241 etiam
336 2216 413 2254 que
435 2210 629 2252 tremens,
661 2214 681 2238 e
697 2201 765 2238 tia
779 2214 817 2237 m
836 2200 901 2237 in—

168 2261 273 2298 scius
312 2261 439 2302 aevi.“
477 2260 591 2313 lVr.)
674 2258 770 2300 487.
803 2258 901 2299 488.

169 2319 220 2356 ad
253 2320 404 2358 animas
444 2317 656 2358 referenda
690 2329 770 2355 esse
814 2315 902 2367 quis

169 2376 359 2416 dubitet‘?

226 2435 310 2477 489
333 2460 384 2464 ——
408 2435 505 2476 493.
560 2433 668 2472 Inter
708 2431 903 2470 feliciores

168 2490 289 2530 huius
317 2493 408 2531 libri
430 2493 538 2530 locos
561 2503 774 2530 numerare
795 2489 902 2527 soleo

168 2548 291 2588 hunc.
352 2551 589 2602 Opinionem
627 2550 809 2601 profecto
854 2547 903 2585 de

169 2606 324 2645 Aeneae
360 2609 512 2646 virtute
548 2608 647 2645 facit
694 2619 902 2644 summam.

169 2665 250 2703 Nec
270 2671 405 2703 tamen
429 2666 615 2716 Virgilius
641 2664 757 2702 aliter
781 2677 901 2713 quam

170 2723 336 2762 Homeri
383 2723 608 2762 imitatione
641 2722 682 2759 in
720 2722 901 2772 praecla—

169 2796 261 2821 rum
294 2781 372 2820 hoc
410 2777 629 2832 φάντασμα
664 2778 818 2816 incidit.
860 2791 899 2815 v.

169 2840 316 2893 Odyss.
345 2843 379 2888 λ,
408 2838 504 2888 604,
534 2837 602 2876 ubi
645 2836 694 2874 de
728 2835 901 2873 Hercule

169 2899 276 2937 inter
305 2898 451 2936 Manes.
517 2897 599 2934 Cea
627 2894 833 2947 quondam
862 2906 900 2930 v.

171 2956 280 2995 ttiad.
306 2961 351 3006 θ,
374 2956 440 2998 75.
477 2970 510 3004 ο,
548 2956 631 2996 320
666 2966 750 3003 sqq.
813 2953 899 2988 ext-

1245 1715 1315 1751 494
1346 1719 1468 1760 Atque
1502 1712 1553 1747 ibi
1584 1712 1694 1747 Witt.

959 1862 1092 1900 gaam
1122 1860 1279 1895 vocem,
1313 1840 1483 1899 τρισμόν
1511 1841 1694 1893 intellige.

962 1905 1046 1945 vid.
1073 1905 1217 1957 Odyss.
1239 1920 1283 1954 ω,
1302 1904 1326 1945 5
1351 1915 1435 1954 sqq.
1476 1900 1575 1940 Vide
1596 1912 1693 1938 vero

962 1977 1012 2003 ne
1035 1977 1084 2001 ex
1102 1969 1242 2002 nostro
1272 1974 1410 2000 rerum
1444 1972 1562 1997 sensu
1595 1957 1695 2003 haec

963 2022 1177 2070 diiudices,
1217 2026 1288 2058 aut
1320 2018 1558 2071 phantasma
1597 2016 1695 2053 alie-

961 2094 1060 2120 num
1085 2080 1133 2118 de
1154 2085 1226 2118 tuo
1244 2078 1411 2116 inferas:
1443 2075 1590 2126 alioqui
1617 2074 1694 2112 ad-

961 2144 1119 2191 spectus
1137 2136 1349 2185 hiscentis,
1380 2147 1473 2183 nec,
1494 2147 1586 2172 cum
1608 2146 1694 2171 ma—

961 2198 1067 2235 xime
1090 2197 1212 2245 velit,
1243 2195 1349 2233 clara
1370 2205 1469 2232 voce
1488 2190 1598 2242 loqui
1618 2204 1694 2230 va-

961 2255 1105 2303 lentis,
1146 2255 1178 2292 si
1212 2253 1264 2291 ad
1292 2252 1504 2290 oculorum
1533 2261 1694 2286 sensum

961 2327 1143 2362 revoces,
1184 2313 1308 2350 risum
1344 2320 1507 2348 movere
1538 2312 1694 2359 potest3

962 2372 1136 2410 alienum
1166 2382 1346 2421 quoque,
1379 2367 1428 2406 de
1449 2366 1580 2404 Aenea
1600 2365 1693 2402 olim

961 2430 1011 2468 ab
1042 2428 1194 2468 Achille
1226 2429 1335 2467 victo
1370 2425 1552 2477 cogitare.
1611 2423 1694 2460 Re·-

961 2487 1151 2526 tinendae
1200 2492 1241 2524 et
1286 2483 1559 2523 revolvendae
1599 2486 1694 2519 sunt

961 2546 1095 2584 animo
1124 2544 1308 2583 notiones
1336 2548 1521 2581 veterum
1558 2538 1692 2577 homi-

962 2617 1078 2653 num,
1098 2615 1199 2653 quae
1219 2601 1454 2640 obversatae
1473 2603 1569 2635 sunt
1592 2609 1693 2648 poe—

961 2668 1026 2699 tae
1049 2661 1199 2699 animo:
1229 2655 1508 2710 philosophico
1539 2654 1693 2693 acumi-

961 2733 1010 2757 ne
1028 2719 1088 2757 uti
1107 2732 1189 2756 non
1209 2717 1304 2754 lieet
1323 2716 1365 2753 in
1385 2721 1504 2766 poeta
1519 2743 1530 2763 ,
1562 2726 1693 2764 quan-

960 2777 1013 2814 do
1042 2782 1081 2813 te
1115 2789 1178 2813 res
1199 2774 1251 2812 ad
1278 2787 1438 2812 sensum
1460 2783 1694 2822 moremque

959 2840 1137 2873 revocat.

1018 2891 1113 2933 494.
1155 2890 1345 2941 Sequitur
1388 2887 1609 2941 episodium
1644 2885 1693 2923 de

959 2949 1174 3001 Deiphobo
1189 2979 1200 2999 ,
1223 2949 1262 2987 in
1282 2962 1361 2999 quo
1381 2944 1606 2999 argumenti
1629 2943 1692 2981 di-
