1779 3420
148 202 279 247 1008
517 191 1124 242 EXCURSUS
1198 191 1296 239 111

142 329 388 378 intercepta,
425 329 474 362 ut
514 323 711 361 Misenum
752 323 795 360 in
825 321 1058 373 peninsulae
1099 320 1271 358 formam
1313 325 1416 357 esset
1445 319 1669 358 redactum.

143 386 284 425 Plures
313 390 404 422 tum
434 394 630 420 cavernae
661 387 756 418 sunt
786 380 991 432 oppletae3
1023 378 1123 416 aliae
1154 378 1322 417 ulterius
1358 377 1523 427 ductae,
1566 377 1672 415 inter

146 458 244 496 quas
282 439 528 480 nobilissima
561 453 582 476 a
615 438 806 487 Coccei03
861 437 945 476 vid.
976 436 1135 474 ibidem.
1182 437 1231 475 cf.
1265 436 1485 475 Hamilton.
1526 436 1675 486 Campi

146 501 374 551 Phlegraei
401 499 514 536 Toni.
554 497 589 535 Π
628 497 681 549 pl.
722 497 790 537 28.
821 497 899 543 29,
938 494 1125 545 idemque
1169 494 1211 532 in
1252 494 1414 532 Pln'los.
1457 496 1670 532 Transact.

146 560 235 600 Vol.
264 558 367 608 LXI,
400 560 437 606 1,
468 569 508 607 p.
539 557 592 598 15
623 567 708 605 sqq.

530 869 1123 929 EXCURSUS
1184 869 1287 926 ΙΙΙ

356 1010 546 1054 Eadem
578 1008 896 1068 topographia
927 1009 992 1052 acl
1023 1017 1222 1052 mentem
1258 1006 1485 1051 Allaronis.

272 1140 488 1178 Videamus
519 1152 628 1177 nunc
658 1139 841 1177 locorum
873 1139 1016 1188 situm,
1066 1138 1194 1190 qualis
1225 1152 1246 1175 a
1277 1143 1393 1190 poeta
1423 1137 1608 1189 proditus
1639 1143 1680 1174 et

157 1199 363 1239 exhibitus
408 1203 489 1246 est,
539 1197 581 1235 in
630 1210 709 1247 quo
751 1197 800 1235 ab
841 1197 1021 1249 [nterpp.
1062 1198 1206 1249 passim
1246 1196 1397 1234 multae
1434 1208 1679 1247 magnaeque

154 1259 296 1297 turbae
327 1256 443 1294 fiunt.
1488 1253 1492 1257 ⁴

270 1315 380 1353 [nfra
399 1315 567 1362 Cumas,
609 1312 682 1350 sub
704 1312 1027 1363 promontorium
1048 1313 1243 1351 Misenum
1272 1312 1478 1365 appellunt
1507 1312 1680 1350 Troiani.

155 1376 212 1414 Eo
237 1373 343 1411 enim
364 1373 520 1411 ducunt
550 1371 707 1419 omnia,
738 1377 786 1408 ut
814 1385 896 1409 non
923 1371 965 1408 in
991 1371 1160 1419 baiano,
1202 1371 1312 1421 quod
1343 1370 1463 1422 vulgo
1488 1370 1681 1417 creditur,

157 1432 346 1485 quodque
370 1431 464 1469 alias
489 1436 702 1467 narratum
734 1442 785 1466 ex
805 1429 968 1466 Aurelio
990 1430 1140 1467 Victor.
1165 1430 1212 1467 O.
1237 1431 1284 1467 G.
1302 1430 1350 1467 R.
1379 1443 1411 1467 e.
1436 1431 1461 1470 9
1491 1428 1682 1478 intelligi-

156 1498 247 1539 tur,
293 1489 362 1526 sed
393 1491 434 1526 in
459 1489 640 1525 (Izmwno
663 1488 790 1524 liltore
821 1487 1088 1525 Troianorum
1122 1487 1254 1525 classis
1284 1487 1497 1524 stationem
1526 1486 1682 1524 habue-

157 1549 225 1589 rit.
287 1548 368 1586 Nec
389 1547 504 1584 aliter
531 1545 702 1583 Ovidius
727 1545 820 1582 Met.
843 1546 950 1594 XIV,
985 1549 1066 1587 107
1083 1559 1140 1596 sq.
1170 1546 1316 1593 tradit,
1354 1545 1424 1583 ubi
1442 1545 1593 1596 Virgilii
1612 1557 1683 1582 ve..

158 1606 283 1657 stigiis
315 1605 475 1643 insistit.
543 1603 732 1642 Procedit
766 1603 861 1641 inde
888 1604 1041 1642 Aeneas
1078 1604 1130 1642 ad
1164 1605 1370 1655 Apollinis
1407 1605 1604 1654 templum
1643 1609 1683 1640 et

161 1665 337 1716 Sibyllae
357 1671 532 1701 antrum.

283 1722 497 1771 Templum
527 1720 567 1757 in
595 1725 732 1757 monte
762 1732 845 1757 esse
879 1719 1021 1758 debuit
1052 1718 1108 1772 (v.
1139 1722 1165 1761 9
1193 1733 1338 1768 ARCES,
1377 1719 1521 1771 quibas
1553 1732 1682 1756 ALTUS

162 1780 312 1831 Apollo
333 1777 584 1830 praesiclel);
631 1790 706 1815 nec
733 1778 847 1827 longe
879 1792 901 1814 a
934 1778 1088 1827 Cumis3
1127 1777 1266 1828 itaque
1298 1778 1397 1815 falsa
1428 1784 1487 1815 est
1507 1777 1684 1828 vulgaris

164 1838 321 1890 opinio,
354 1836 451 1874 dum
479 1835 617 1872 ruinas
641 1835 780 1886 templi
801 1835 995 1886 Apollinis
1027 1835 1079 1873 ad
1099 1836 1231 1872 laeum
1251 1837 1457 1873 Avernum
1480 1841 1685 1873 ostentant

163 1895 390 1948 hospitibus
415 1893 491 1930 loci
521 1893 689 1930 accolae.
750 1893 849 1941 Sed,
882 1893 913 1929 si
936 1893 977 1930 in
1004 1899 1139 1931 monte
1165 1894 1343 1931 Cumano
1374 1894 1453 1931 suit
1476 1894 1683 1944 templum,

163 1955 312 1992 iterum
347 1951 527 1990 dubitari
552 1957 707 2003 potest,
747 1965 798 1988 an
824 1952 1042 1988 Cumarum
1070 1951 1161 1988 colli
1187 1951 1421 2002 impositum
1459 1951 1602 2000 fuerit,
1646 1957 1685 1988 et

164 2013 205 2050 in
230 2012 315 2063 ipsa
337 2010 458 2055 urbe,
495 2010 605 2060 quod
634 2009 796 2047 Servius
825 2009 1000 2061 putavit.
1060 2009 1145 2046 Silii
1172 2009 1333 2059 quidem
1364 2009 1584 2047 auctoritas
1612 2023 1686 2060 pa—

164 2084 256 2109 rum
276 2082 339 2106 me
358 2074 506 2115 movet,
538 2068 603 2105 lib.
625 2068 713 2116 XII,
744 2069 811 2116 86,
844 2068 912 2105 ubi
933 2067 1105 2105 Annibal
1124 2068 1267 2105 Cumas
1293 2081 1539 2119 oppugnans,
1560 2068 1682 2105 adeo-

165 2142 242 2180 que
265 2127 364 2165 urbe
394 2126 577 2164 nondum
598 2131 808 2177 receptus,
843 2125 938 2163 dum
963 2126 1181 2176 perlustrat
1202 2125 1346 2173 aditus,
1364 2126 1580 2176 fizlgentia
1601 2140 1686 2163 cer—

165 2189 224 2224 nit
256 2187 375 2223 Arois
406 2185 559 2233 templa
592 2185 715 2234 izcg0;
748 2197 841 2221 nam
871 2183 969 2221 nihil
1001 2183 1193 2235 impedit,
1225 2197 1304 2234 quo
1336 2183 1468 2221 minus
1490 2183 1684 2235 templum

166 2245 208 2282 in
238 2256 393 2281 summo
427 2242 527 2279 arcis
556 2243 704 2279 vertice
730 2242 905 2292 positum
936 2242 1053 2278 etiam
1084 2247 1200 2279 extra
1223 2242 1376 2279 moenia
1408 2241 1582 2293 conspici
1610 2255 1686 2292 po-

166 2301 303 2340 tuerit.
363 2300 416 2338 At
434 2300 656 2351 graviorem
679 2299 971 2337 dubitationem
1000 2300 1112 2348 facit,
1145 2299 1254 2350 quod
1280 2300 1319 2337 in
1339 2300 1439 2337 urbe
1462 2299 1591 2337 media
1620 2299 1687 2336 lu-

169 2373 238 2397 cus
260 2365 295 2395 et
314 2365 465 2396 secreta
485 2358 620 2409 religio
641 2357 835 2409 Sibyllae,
867 2371 968 2408 quae
989 2358 1175 2409 contigua
1205 2363 1291 2395 erat
1313 2358 1478 2409 templo,
1514 2358 1583 2394 vix
1605 2369 1687 2393 esse

168 2417 322 2469 potuit,
367 2422 408 2453 et
434 2416 563 2466 quod,
595 2416 627 2453 si
653 2416 695 2453 id
730 2430 879 2467 ponaS,
919 2422 1144 2453 ceterorum
1175 2416 1382 2464 locorum,
1425 2415 1688 2465 inprimisque

169 2474 450 2525 speluncarum
464 2504 473 2522 ,
504 2475 603 2511 situs
624 2488 706 2511 non
725 2473 819 2511 satis
839 2477 1040 2511 convenit.
1100 2474 1239 2523 [taque
1257 2474 1413 2522 Paolus,
1446 2473 1516 2510 Vir
1537 2472 1687 2509 doctis-

171 2533 312 2580 simus,
343 2531 385 2568 in
405 2533 562 2568 Puteol.
584 2532 752 2583 Antissq.
775 2532 843 2569 fol.
864 2532 1003 2569 XXIX
1021 2532 1161 2583 templi
1181 2532 1315 2569 locum
1342 2531 1385 2569 in
1404 2531 1603 2568 montium
1622 2530 1687 2567 iu-

171 2603 218 2640 go
241 2589 291 2626 ad
317 2589 460 2626 Cumas
485 2590 759 2639 quaerendum
791 2589 1032 2638 arbitratus,
1064 2589 1147 2626 eius
1174 2589 1311 2627 ruinas
1343 2603 1483 2626 arcum
1498 2587 1684 2637 felicem,

172 2660 291 2698 quein
324 2653 494 2695 vocant,
535 2659 616 2683 esse
646 2647 867 2684 contendit.
926 2648 986 2685 Ita
1015 2648 1128 2684 lucus
1157 2649 1339 2693 Divisa),
1383 2658 1454 2696 per
1483 2658 1601 2694 quem
1623 2645 1688 2683 via

174 2704 225 2742 ad
243 2717 334 2741 eum
355 2710 464 2751 erat,
495 2704 536 2739 in
561 2704 689 2753 silvis,
727 2718 898 2753 quarum
928 2704 1115 2754 reliquias
1136 2704 1200 2740 ille
1226 2704 1337 2741 loeus
1366 2702 1508 2751 habet,
1540 2708 1578 2740 et
1598 2716 1689 2754 spe—

173 2763 315 2800 luncae
336 2760 376 2798 in
397 2761 626 2812 propinquo
653 2768 759 2799 sunt.
819 2762 880 2798 Ex
904 2761 949 2798 iis
972 2768 1105 2798 tamen
1126 2760 1234 2809 locis,
1265 2762 1306 2797 in
1329 2761 1472 2811 quibus
1494 2760 1542 2798 de
1563 2760 1689 2812 Apol-

174 2820 265 2858 linis
286 2818 453 2857 Cumani
483 2819 632 2869 templo
664 2819 816 2869 agitur,
847 2818 889 2855 in
923 2831 1012 2856 arce
1043 2832 1112 2855 seu
1147 2819 1324 2869 acropoli
1352 2818 1569 2856 Cumarum
1588 2817 1691 2856 illud

174 2878 293 2916 fuisse
326 2876 581 2914 manifestum
615 2875 675 2913 fit.
735 2875 894 2913 Scilicet
925 2875 1184 2926 cogitandum
1221 2882 1331 2925 erat,
1369 2876 1522 2914 Aeneae
1561 2882 1692 2913 aetate

176 2935 318 2973 urbem
351 2935 570 2974 Cumarum
598 2933 780 2972 nondum
809 2933 955 2984 fuisse,
986 2946 1060 2971 nec
1083 2933 1262 2972 extitisse
1288 2940 1376 2972 tum
1401 2934 1477 2973 nisi
1500 2933 1692 2985 templum
