1811 3388
426 231 838 282 AENEIDOS
877 233 1013 282 LIB.
1054 237 1139 298 vl,
1181 241 1471 295 875—892

1612 256 1711 302 999

203 357 510 421 Purpureos
527 372 771 423 spargam
790 355 953 407 flores
966 399 978 421 ‚
1008 360 1347 429 animamque
1367 373 1573 434 nepotis
1610 380 1709 428 885

201 427 293 473 His
311 424 501 475 saltem
525 427 870 477 adcumulem
893 428 1076 493 donis,
1115 440 1167 480 et
1192 431 1381 497 fungar
1401 436 1538 488 inani

197 497 441 546 Munere.

515 497 601 547 Sic
622 506 734 547 tota
752 499 946 564 passim
970 501 1192 565 regione
1211 513 1463 567 vagantur

198 564 347 614 Aeris
369 565 423 613 in
449 568 646 634 campis
667 568 809 632 latis,
849 577 1008 636 atque
1030 572 1208 621 omnia
1231 573 1466 626 lustrant.

200 637 348 696 Quae
376 645 663 703 postquam
689 638 944 689 Anchises
973 650 1159 691 natum
1188 660 1288 708 per
1317 645 1523 709 singula
1553 645 1707 709 duxit,

194 704 551 772 Incenditque
571 708 810 757 animum
829 708 1004 760 famae
1024 712 1284 762 venientis
1307 731 1514 766 amore:

1610 723 1707 768 890

193 774 324 822 Exin
348 774 491 825 bella
510 777 623 826 viro
644 788 913 828 memorat
937 797 1072 846 quae
1095 780 1292 833 deinde
1311 785 1563 848 gerenda,

192 845 580 912 Laurentisque
603 846 762 898 docet
783 848 1038 916 popu105‚
1076 851 1379 920 urbemque
1398 855 1591 915 Latini3

286 949 357 984 886
381 950 452 983 Hic
482 951 568 985 salt.
603 951 675 988 alii.
723 954 795 987 Sed
826 953 987 987 Heinsius
1013 966 1033 987 e
1058 956 1161 990 codd.
1190 958 1262 990 His
1285 958 1463 1002 reposuit,
1496 965 1557 993 aut
1589 960 1705 1003 potius

189 995 387 1036 revocavit3
414 996 465 1030 sic
489 998 580 1030 enim
603 998 672 1032 iam
695 999 778 1034 inde
802 1002 845 1035 ab
868 1001 960 1036 Aldo
986 1001 1129 1036 editum.
1178 1004 1286 1038 donis
1301 1005 1473 1049 effungar
1489 1006 1632 1040 Mentel.
1650 1019 1704 1052 pr.

188 1043 313 1076 inanis
335 1043 463 1077 Medic.
489 1051 525 1077 et
547 1045 672 1090 fragm.
698 1048 831 1090 Vatic.,
857 1056 1004 1093 uterque
1028 1060 1049 1083 a
1072 1062 1116 1083 m.
1141 1062 1195 1095 pr.

355 1091 422 1126 888
446 1093 570 1125 Aeriis
600 1094 702 1127 Rom.
737 1101 772 1128 et
804 1096 949 1129 Mentel.
984 1095 1073 1138 duo,
1112 1097 1203 1130 alter
1237 1098 1342 1131 etiam
1373 1099 1449 1132 sine
1478 1101 1530 1133 in.
1576 1102 1705 1134 Aereis

187 1100 259 1122 sec.

1290 1052 1359 1087 887
1382 1054 1543 1086 IVIunera
1564 1054 1704 1098 Menag.

186 1135 332 1180 Regius.
382 1138 570 1183 Vulgatam
596 1140 701 1174 etiam
725 1154 781 1186 ap.
806 1143 925 1176 Schol.
949 1142 1081 1176 Lucani
1105 1143 1177 1188 legi
1201 1151 1299 1179 notat
1331 1147 1445 1180 Burm.
1492 1146 1611 1180 Malim
1635 1146 1702 1181 Vi-

187 1194 262 1216 rum
287 1184 429 1217 doctum
453 1185 631 1228 docuisse,
657 1189 832 1232 quomodo
857 1190 967 1224 Aeris
989 1191 1108 1236 campi
1128 1191 1322 1236 accipiendi
1347 1192 1436 1234 sint;
1467 1204 1510 1226 ne
1533 1205 1703 1236 moneam,

186 1228 224 1263 in
248 1230 371 1264 inferis
395 1233 578 1266 aetherem
607 1235 795 1269 memorari
828 1238 964 1278 solere,
998 1247 1090 1279 non,
1122 1250 1252 1272 aerem.

369 1280 438 1313 890
452 1278 583 1325 famae
606 1282 766 1316 melioris
789 1284 915 1318 Medic.
943 1295 985 1316 ex
1008 1283 1142 1327 Colot.,

186 1276 273 1311 talb.

1348 1240 1417 1275 889
1454 1242 1564 1282 Quem
1594 1241 1702 1273 Mon-

1174 1285 1268 1330 quod
1301 1297 1343 1318 ex
1368 1285 1444 1319 aliis
1469 1286 1556 1320 locis
1581 1292 1700 1320 trans—

184 1323 293 1357 latum
320 1337 397 1358 esse
424 1327 513 1359 bene
537 1335 658 1360 monet
682 1330 795 1362 Burm.
833 1332 890 1376 (ex
921 1331 980 1372 IV,
1014 1331 1119 1366 22&
1157 1333 1294 1373 „famae
1328 1332 1482 1366 melioris
1517 1334 1699 1367 amantis.“

188 1372 287 1414 Wr.)

385 1373 450 1408 891
477 1375 620 1407 Exhinc
643 1376 746 1408 multi
772 1375 850 1421 hic,
888 1384 927 1411 ut
952 1383 987 1410 et
1012 1377 1097 1411 alibi
1120 1377 1247 1412 solent.
1297 1379 1402 1413 Bella
1425 1381 1554 1413 exinde
1576 1381 1698 1414 Franc.

185 1419 326 1462 (Exim,
351 1432 375 1452 n
401 1432 420 1453 a
445 1422 643 1454 recentiore
668 1435 770 1455 manu
795 1424 1053 1469 superscripta,
1083 1424 1205 1470 fragm.
1231 1427 1333 1470 Vat.,
1366 1426 1518 1460 fortasse
1545 1439 1587 1461 ex
1609 1439 1697 1473 pro-

181 1465 364 1499 nuntiandi
387 1467 545 1510 ratione5
569 1469 727 1504 sed-vid.
752 1472 796 1505 V.
819 1472 861 1506 L.
886 1472 932 1506 ad
955 1472 1031 1514 VII,
1055 1470 1137 1509 341.
1163 1474 1263 1518 Wr.)

181 1574 258 1612 pro
292 1559 488 1601 Anchisae
512 1562 645 1602 herois
672 1578 843 1616 persona
870 1574 911 1606 et

180 1620 429 1674 temporibus
450 1636 461 1671 3
524 1621 729 1674 Virgiliani
773 1624 910 1675 potius

179 1677 268 1716 aevi
287 1676 472 1716 habenda
494 1680 585 1717 talis
605 1680 739 1719 luctus
755 1688 910 1720 testan—

179 1734 222 1772 di
256 1735 460 1787 elegantia.
529 1739 634 1776 Sunt
664 1745 800 1777 tamen
836 1753 910 1792 per

177 1806 218 1830 se
282 1794 536 1845 pulcerrima.
626 1795 908 1848 (Structuram

176 1850 297 1889 huius
330 1853 522 1891 orationis
544 1883 555 1903 ,
601 1855 752 1892 nemini
781 1855 911 1908 impe-

177 1909 365 1948 ditiorem
396 1911 543 1960 visam,
574 1912 765 1963 expedivi
794 1914 836 1952 in
864 1914 910 1953 V.

174 1967 217 2005 L.
247 1967 298 2005 ad
338 1968 404 2016 IV,
437 1971 532 2010 683.
592 1970 778 2008 Ceterum
814 1975 909 2010 satis

173 2031 296 2064 notus
317 2024 382 2063 hie
411 2025 530 2064 flores
559 2028 770 2078 spargendi
797 2043 906 2079 mos;

173 2082 257 2125 vid,
308 2083 572 2122 Kirchmann.
620 2085 670 2122 de
715 2085 747 2122 F
750 2087 904 2124 unerib.

176 2141 289 2179 Rom.
304 2141 370 2180 lib.
391 2141 418 2179 I.
443 2155 526 2193 cap.
550 2144 614 2183 11.
642 2141 760 2196 lVr.)
807 2144 902 2186 885.

173 2201 357 2237 animam
384 2200 635 2237 accumulem
663 2200 777 2237 donis
807 2207 903 2239 nota

172 2257 366 2308 elegantia
386 2271 460 2309 pro
479 2257 646 2308 vulgari,
680 2257 797 2307 dona,
824 2259 903 2297 flo-

170 2328 257 2364 res⁷
288 2315 330 2353 in
353 2316 523 2353 animam
545 2315 756 2353 cumulem.
787 2318 904 2354 inani

170 2387 355 2422 munere,
389 2385 435 2410 eo
458 2386 596 2421 sensu,
628 2386 706 2423 quo
733 2373 802 2412 lib.
829 2374 900 2424 XI,

169 2432 237 2473 51.
260 2432 328 2472 52.
366 2431 492 2469 Duxit
512 2430 608 2468 hinc
625 2444 785 2468 versum
804 2432 900 2483 pul-

169 2487 383 2526 cerrimum
409 2489 561 2526 Statius
585 2488 745 2540 Epieed.
771 2489 899 2527 Patris

168 2545 214 2584 V.
235 2545 330 2584 Silv.
351 2549 389 2596 3,
420 2546 504 2588 285
536 2547 596 2583 lte
629 2544 804 2600 (Venite)
831 2549 899 2597 pis·

169 2605 321 2641 Manes
347 2633 357 2651 ‚
418 2604 667 2655 Graiumque
703 2606 895 2642 examina

170 2669 334 2709 vatum,
380 2662 661 2713 Illuslremque
710 2664 894 2699 (mimam

167 2719 361 2756 Lethaeis
379 2721 560 2770 spargite
578 2720 702 2756 sertis.

225 2777 373 2816 887-—
388 2778 483 2818 893.
515 2778 632 2814 Aeris
653 2778 695 2814 in
719 2779 890 2828 campis.

165 2833 250 2870 Etsi
269 2845 401 2871 aerem
420 2833 461 2870 in
478 2834 612 2885 Elysio
634 2834 786 2886 spirare
812 2848 894 2872 non

165 2890 326 2927 dubito:
357 2891 462 2928 conf.
484 2904 569 2942 sup.
591 2892 682 2930 Var.
709 2893 815 2930 Lect.
843 2891 895 2929 ad

164 2962 201 2986 v.
226 2946 334 2998 7043
364 2961 456 2986 cum
477 2953 611 2987 tamen
630 2951 736 2988 aeris
757 2951 897 3001 campi

967 1565 1154 1605 insolenti
1174 1567 1295 1606 modo
1318 1567 1523 1618 dicantur,
1555 1569 1696 1621 spretis

970 1624 1333 1664 Grammaticorum
1361 1626 1469 1679 apud.
1510 1627 1694 1665 Servium

968 1688 1009 1719 et
1029 1683 1198 1720 Cerdam
1223 1683 1383 1735 argutiis
1409 1689 1550 1736 putare
1572 1684 1691 1722 male-

967 1739 1059 1778 bam
1091 1753 1229 1792 graece
1263 1741 1440 1791 dictum,
1490 1754 1564 1793 pro
1599 1742 1694 1779 locis

969 1797 1189 1849 caliginosis
1206 1797 1246 1837 h.
1269 1812 1300 1838 e.
1321 1799 1468 1838 inferis.
1518 1799 1582 1836 Sic
1601 1795 1692 1852 ἀήρ,

969 1850 1125 1909 ηέρόεις
1151 1869 1277 1908 saepe.
1317 1863 1356 1894 et
1389 1871 1476 1908 sup.
1506 1858 1589 1898 828
1617 1871 1691 1894 no—

968 1921 1069 1951 elem
1101 1913 1150 1951 de
1180 1912 1242 1951 his
1271 1914 1367 1952 locis
1396 1912 1506 1953 haud
1534 1915 1692 1965 resuge-

965 1976 1043 2009 rat.
1101 1972 1238 2009 Sentio
1265 1977 1398 2010 tamen
1427 1978 1466 2010 et
1496 1969 1574 2008 hoc
1602 1985 1690 2009 mo-

964 2027 1118 2066 lestiam
1148 2028 1316 2067 habere:
1364 2042 1454 2067 cum
1489 2041 1510 2064 a
1542 2029 1689 2080 campis

963 2084 1106 2136 Elysiis
1139 2086 1261 2137 caligo
1295 2086 1428 2124 abesse
1459 2085 1617 2135 debeat;
1649 2093 1688 2125 et

962 2156 1049 2193 sup.
1072 2142 1154 2184 640
1183 2143 1332 2181 lectum
1363 2149 1479 2182 esset:
1510 2143 1688 2194 Largior

960 2200 1029 2237 lzz'o
1049 2214 1213 2251 campos
1230 2201 1366 2238 aether
1383 2209 1418 2238 et
1438 2202 1587 2238 lumine
1614 2215 1684 2238 ve-

959 2259 1027 2295 stit
1052 2259 1285 2308 Purpureo,
1316 2259 1517 2310 solemque
1549 2272 1680 2306 suum,

958 2329 1034 2352 sua
1055 2315 1186 2353 sidera
1202 2324 1357 2354 norunt.
1420 2315 1576 2353 Scilicet
1594 2327 1682 2353 ere-

957 2378 1073 2423 ptum
1108 2373 1154 2410 iis
1191 2380 1248 2411 est
1287 2374 1446 2411 caelum
1480 2378 1682 2423 nostrum5

956 2443 1051 2467 nam
1069 2430 1111 2468 in
1133 2430 1266 2468 inseris
1296 2437 1390 2469 sunt
1411 2446 1421 2480 5
1462 2437 1501 2468 at
1532 2429 1681 2468 habent

955 2501 1086 2525 aerem
1125 2502 1271 2526 suum:
1326 2487 1525 2527 aetherem
1566 2487 1680 2526 illum

954 2558 1103 2596 purum
1148 2552 1187 2584 et
1235 2551 1430 2597 apertum.
1496 2546 1679 2583 Dicamus

954 2616 1045 2654 ergo
1087 2603 1260 2654 Campos
1297 2606 1401 2642 aeris·
1431 2616 1513 2641 esse
1550 2603 1676 2640 dictos

952 2660 1134 2699 locorum
1153 2690 1163 2709 ‚
1213 2661 1281 2712 qui
1329 2661 1399 2699 tali
1441 2674 1529 2699 aere
1552 2691 1561 2709 ,
1601 2674 1675 2711 pro

953 2718 1084 2767 caelo,
1114 2719 1319 2757 fruuntur.
1377 2719 1453 2756 Pro
1477 2719 1673 2767 interpre-

952 2776 1105 2814 tatione
1143 2789 1223 2814 esse
1252 2782 1382 2827 potest
1415 2776 1523 2812 locus
1560 2773 1671 2810 Statii

953 2847 1039 2885 sup.
1059 2833 1111 2871 ad
1136 2847 1176 2872 v.
1207 2836 1289 2875 637
1320 2832 1563 2882 adscriptus:
1598 2844 1669 2868 ne-

953 2905 1042 2929 mus
1060 2913 1110 2920 —
1131 2893 1174 2928 in
1193 2905 1269 2942 quo
1285 2890 1407 2940 salsa
1433 2889 1515 2925 ‹lie-s
1535 2888 1667 2925 caelo-

953 2963 1029 3001 que
1074 2949 1303 2986 simillimus
1343 2945 1488 2984 aether.
1557 2943 1666 2982 Dicta
