1779 3420
75 214 174 261 998

406 207 461 256 P.
499 202 858 255 VIRGILII
895 197 1273 250 MARONIS

78 340 290 387 Funera
312 374 325 397 ,
376 348 548 399 quum
612 328 883 380 tumulum
951 324 1355 393 praeterlabere
1420 338 1613 373 recen-

871 407 985 447 tem
1001 402 1013 448 !

1512 396 1614 446 875

80 481 193 528 Nec
216 490 355 542 puer
374 470 530 522 Iliaca
551 471 837 537 quisquam
859 467 928 517 de
949 475 1110 532 gente
1130 464 1347 516 Latinos

81 551 145 599 In
166 554 375 596 tantum
396 558 492 608 spe
514 540 672 590 tollet
690 555 840 600 avos3

878 553 981 587 nec
999 535 1236 588 Romula
1267 531 1546 601 quondam

83 617 210 669 Ullo
236 632 292 665 se
313 621 525 663 tantum
543 610 700 661 tellus
721 607 936 660 iactabit
956 606 1191 658 alumno,

84 692 202 739 Heu
226 686 417 753 pietaS‚
454 681 749 748 heuprisca
770 678 933 741 fides,
970 677 1275 742 invictaque
1298 672 1445 723 bello

85 760 339 810 Dextera!
377 769 490 802 non
511 751 585 802 illi
607 768 664 801 se
687 750 974 818 quisquam
996 748 1199 814 inpune
1224 744 1434 795 tulisset

1519 747 1621 796 880

89 828 294 881 Obvius
318 832 548 885 armam,
586 839 683 872 seu
707 836 878 888 quum
901 817 1072 886 pedes
1094 818 1196 867 iret
1219 816 1273 865 in
1296 814 1531 878 hostem,

91 903 198 949 Seu
221 894 516 963 spumantis
541 893 666 959 equi
683 890 904 941 foderet
928 888 1216 939 calcaribus
1237 901 1430 936 armos,

88 974 208 1019 Heu
232 1008 245 1028 ,
281 963 587 1014 miserande
619 967 780 1030 puer!
819 961 859 1010 si
889 977 995 1027 qua
1032 957 1138 1008 fata
1171 973 1355 1024 aspera
1389 970 1625 1021 rumpaS‚

92 1044 175 1090 Tu
196 1034 482 1089 Marcellus
505 1035 619 1086 eriS.

691 1031 942 1084 Manibus
964 1029 1087 1080 date
1122 1028 1227 1077 lilia
1250 1026 1450 1095 plenis:

185 1156 253 1194 875
277 1158 430 1191 Funera
453 1161 535 1199 post
557 1153 718 1200 gemitus
743 1158 777 1185 et
800 1149 982 1185 tumulum
997 1147 1224 1192 improbabat
1239 1150 1360 1179 acutus
1374 1143 1479 1177 iudex
1494 1141 1628 1176 Schra—

92 1206 168 1240 der.
193 1205 229 1238 in
254 1205 319 1237 Ms.
346 1210 380 1236 et
405 1201 497 1235 coni.
534 1213 705 1235 munera:
737 1205 778 1233 ut
813 1198 881 1235 885
902 1217 947 1222 —
967 1197 1048 1233 887.
1099 1195 1201 1228 Cous.
1232 1194 1318 1227 Not.
1346 1188 1630 1240 praeterlabare

92 1252 221 1288 Medic.
247 1263 267 1285 a
291 1263 337 1285 m.
369 1261 423 1295 pr.
458 1261 534 1283 cum
570 1247 708 1293 aliquot
744 1245 821 1281 aliis
855 1245 976 1278 Heius.

94 1302 184 1335 Ven.
232 1300 272 1333 in
301 1306 409 1331 tanta
445 1309 509 1343 spe
542 1295 652 1331 Witt.
699 1296 738 1328 in
771 1301 918 1328 tantum
954 1302 1039 1339 spes
1073 1291 1174 1323 Rom.

1081 1242 1151 1278 877
1185 1242 1225 1275 in
1262 1248 1405 1273 tantam
1438 1249 1537 1285 spem
1571 1235 1628 1270 ed.

1264 1288 1334 1323 880
1367 1287 1557 1333 quisquam
1591 1295 1632 1317 se

94 1348 175 1389 alii3
202 1353 238 1380 et
261 1345 313 1380 sic
336 1352 417 1379 ante
443 1344 564 1377 Heius.
589 1343 730 1376 lectum.
779 1340 939 1386 (-883.
969 1338 1075 1380 Vide,
1099 1349 1143 1370 an
1167 1336 1204 1370 in
1228 1335 1297 1368 fine
1322 1346 1371 1367 vs.
1398 1334 1479 1368 883.
1498 1331 1631 1365 rectius

97 1393 259 1441 posueris
286 1391 502 1426 exelamandi
528 1390 686 1435 signum,
711 1396 748 1423 ut
772 1388 843 1422 hoc
868 1388 964 1421 dicat
989 1392 1115 1431 poeta:
1148 1382 1321 1416 utinam
1344 1391 1488 1424 rumpas
1512 1378 1631 1423 aliquo

96 1443 203 1476 modo
228 1442 299 1474 fata
324 1439 472 1484 aspera!
521 1438 579 1472 Sic
604 1436 794 1478 efficietur,
820 1441 860 1469 ut
884 1445 1014 1468 nomen
1038 1431 1218 1472 Marcelli,
1256 1449 1301 1454 —
1335 1440 1407 1461 non
1432 1429 1499 1461 iam
1523 1426 1632 1468 illius,

97 1490 158 1535 qui
182 1488 279 1522 bello
307 1487 437 1521 Punico
465 1486 619 1519 secundo
643 1496 786 1529 magnas
811 1495 867 1516 res
896 1481 1030 1527 gessit,
1063 1479 1127 1513 sed
1151 1477 1262 1524 ipsius
1288 1475 1352 1509 filii
1387 1473 1551 1508 Octaviae
1585 1492 1633 1498 —

98 1537 157 1571 hic
181 1537 321 1569 demum
345 1534 500 1580 positum
524 1533 737 1577 singularem
762 1531 891 1564 habeat
924 1528 993 1562 vim
1028 1527 1073 1560 ad
1109 1524 1373 1559 miserationem
1408 1521 1634 1561 movendam;

99 1595 169 1629 quo
193 1582 335 1616 nomine
360 1581 541 1614 enuntiato
566 1586 675 1625 poeta
707 1577 887 1624 praesenti
919 1575 1045 1609 dolore
1077 1574 1246 1617 abreptus
1279 1583 1319 1605 ea
1355 1571 1424 1604 iam
1457 1569 1635 1602 dicentem

99 1631 184 1665 facit
206 1629 402 1672 Anchisen,
427 1640 517 1675 quae
541 1626 688 1673 proprie
712 1626 758 1660 ad
781 1625 875 1659 iusta
898 1622 1061 1657 funebria
1085 1626 1261 1666 spectant.
1292 1617 1388 1663 Wr.)

102 1724 405 1778 Walch.Agric.
434 1738 474 1777 p.
505 1727 590 1767 213
617 1737 674 1775 sq.
713 1719 834 1775 er.)

106 1810 159 1816 -—
192 1786 289 1826 872.
328 1787 367 1826 3.
413 1783 595 1833 Campus
636 1789 734 1832 aget
759 1794 838 1831 ge-

105 1844 226 1881 mitus
251 1843 453 1890 virorum,
486 1846 583 1878 noto
607 1851 719 1877 more
748 1851 838 1890 pro,

105 1902 147 1940 in
174 1914 315 1952 campo
347 1905 487 1951 agetur
507 1928 517 1947 ,
566 1898 644 1935 erit
672 1896 841 1948 gemitus

108 1957 174 2012 (ut
191 1956 368 2012 ἄγεσθαι
397 1970 472 2009 pro
501 1955 685 2009 ἔχεσθαι,
718 1950 840 2007 εἶναι)

107 2018 150 2056 in
179 2017 322 2055 funere
353 2014 546 2054 Marcelli.
606 2012 685 2052 Sed
711 2012 846 2066 funus

108 2089 286 2114 seorsum
325 2073 568 2112 memoravit
589 2102 599 2120 ‚
650 2077 691 2110 et
725 2082 846 2124 prae-

110 2135 215 2172 clare
236 2133 288 2172 ad
307 2132 484 2171 Tiberim
500 2131 663 2170 retulit:
689 2134 844 2182 quanto

111 2207 204 2231 cum
237 2192 351 2231 luctu
385 2192 509 2230 sunus
535 2191 689 2228 factum
727 2187 846 2227 vide—

111 2252 192 2300 bis,
225 2264 317 2289 cum
346 2250 412 2288 ille
441 2246 729 2288 tumulabitur!
788 2246 846 2283 De

113 2309 274 2362 publico
302 2308 382 2347 hoc
411 2308 455 2346 in
488 2306 670 2346 Marcelli
704 2305 845 2344 sunere

113 2369 230 2407 luctu
249 2381 288 2406 v.
309 2367 383 2405 Dio
404 2367 430 2406 1.
449 2379 482 2404 c.
514 2372 554 2404 et
581 2367 695 2404 Serv.
724 2362 777 2401 ad
804 2376 845 2404 v.

116 2428 232 2471 8623
270 2426 393 2464 funus
435 2430 569 2462 autem
615 2423 658 2461 in
697 2422 848 2474 Campo

116 2483 264 2521 Martio
291 2484 446 2522 factum
479 2488 539 2520 est
564 2480 719 2533 ingenti
757 2492 850 2517 cum

119 2547 327 2593 apparatu.
345 2554 384 2580 v.
415 2541 470 2579 ib.
531 2543 627 2582 875.
652 2539 854 2578 tumulum

118 2607 310 2637 recentem
333 2628 344 2648 ,
397 2598 645 2636 Mausoleum
683 2595 854 2648 Augusti

120 2658 164 2695 in
191 2658 339 2708 Campo
369 2656 518 2694 Martio
545 2655 597 2693 ad
623 2655 752 2706 ripam
784 2654 855 2692 Ti-

120 2716 247 2765 beris,
274 2714 383 2766 quod
401 2720 516 2752 sexto
537 2727 609 2752 suo
635 2712 856 2751 Consulatu

124 2775 188 2827 (U.
208 2773 249 2812 C.
272 2772 374 2826 726)
397 2777 668 2810 exstruxerat.
688 2771 853 2808 Sueton.

124 2848 157 2871 c.
179 2835 274 2875 100.
313 2831 419 2870 conf.
452 2829 599 2868 Strabo
622 2829 670 2877 V,
699 2841 737 2879 p.
757 2829 855 2868 236.

125 2892 242 2929 Nunc
269 2892 367 2932 876.
395 2891 479 2931 877
505 2901 580 2940 pro
606 2884 784 2938 vulgari:
811 2883 856 2922 in

127 2955 283 2988 tantam
299 2960 411 3001 spem
441 2946 554 2985 tollet
582 2957 669 2995 eos;
698 2949 857 2983 tantam

895 1720 946 1759 de
965 1732 1006 1757 se
1025 1730 1136 1771 spem
1160 1715 1289 1755 saciet.
1320 1720 1368 1753 ut
1390 1719 1431 1752 et
1468 1712 1539 1752 Gr.
1569 1710 1635 1752 ἕλ-

894 1779 1011 1819 πίσιν
1031 1776 1227 1828 ἐπαίρειν.
1287 1776 1385 1816 879.
1405 1773 1502 1814 880.
1522 1782 1636 1822 egre-

896 1836 960 1888 gia
981 1834 1178 1882 inversio,
1210 1831 1307 1870 dum
1328 1836 1418 1883 post
1439 1828 1529 1878 illa,
1559 1840 1637 1866 ne-

898 1893 1047 1934 minem
1087 1892 1367 1930 Romanorum
1414 1901 1506 1925 cum
1549 1886 1637 1938 ipso

900 1965 1018 2005 posse
1064 1947 1291 2001 comparari
1316 1976 1326 1996 ,
1385 1943 1639 1999 pergendum

901 2016 991 2049 erat
1012 2025 1021 2049 :
1069 2022 1149 2046 non
1185 2005 1353 2045 iactabit
1394 2019 1434 2042 se
1478 2011 1640 2041 tantam

901 2070 986 2108 ullo
1007 2068 1091 2106 alio
1110 2066 1277 2105 alamno
1300 2065 1437 2101 Roma
1456 2075 1531 2101 nec
1548 2061 1640 2114 pie-

901 2133 987 2166 tate
1005 2156 1016 2176 ,
1069 2137 1143 2163 nec
1191 2123 1272 2162 fide
1290 2152 1301 2172 ,
1362 2134 1436 2159 nee
1473 2120 1639 2159 virtute.

902 2188 1000 2228 881.
1020 2186 1116 2227 882.
1135 2179 1370 2234 Comparari
1382 2179 1483 2217 solet
1494 2177 1640 2229 Odyss.

903 2260 930 2293 ι,
951 2244 1018 2284 49.
1038 2244 1107 2291 50,
1138 2240 1208 2279 sed
1237 2238 1419 2278 ornatior
1441 2236 1640 2289 Virgilius.

903 2303 1002 2344 883.
1033 2301 1079 2338 Si
1097 2313 1180 2352 qua
1198 2299 1265 2337 via
1285 2311 1332 2336 ac
1351 2295 1523 2345 ratione,
1533 2294 1641 2346 sata

903 2373 1094 2410 rampaS,
1129 2358 1308 2396 fatorum
1340 2354 1525 2394 ordinem
1557 2351 1643 2390 dis-

906 2418 1062 2457 solvere
1076 2446 1086 2466 ,
1104 2422 1189 2454 tam
1212 2415 1362 2453 durum
1382 2413 1513 2451 fatum
1539 2410 1644 2449 effu-

907 2489 998 2528 gere
1018 2475 1095 2514 tibi
1121 2475 1262 2523 liceat,
1294 2479 1343 2511 tu
1374 2471 1425 2510 ad
1453 2470 1505 2510 M.
1532 2469 1644 2508 Mar—

912 2535 1023 2581 celli,
1052 2534 1090 2572 b.
1110 2532 1261 2571 Punico
1287 2532 1319 2570 ll
1342 2529 1464 2579 clari,
1496 2539 1644 2567 nomen

912 2607 958 2631 ac
974 2592 1140 2644 gloriam
1164 2604 1204 2629 es
1223 2594 1507 2643 perventurus.
1546 2584 1644 2637 (Sed

912 2651 996 2690 vid.
1021 2651 1066 2690 V.
1091 2651 1133 2689 L.
1154 2649 1206 2687 ad
1227 2648 1268 2687 h.
1289 2661 1348 2686 vs,
1382 2644 1500 2697 lVr.)
1559 2643 1645 2682 No-

913 2722 1006 2747 men
1028 2715 1165 2746 autem
1188 2720 1272 2744 non
1291 2704 1366 2743 nisi
1393 2703 1436 2741 in
1462 2702 1542 2740 fine
1571 2701 1645 2740 de-

912 2780 1026 2805 mum
1066 2769 1332 2803 memoratum
1353 2792 1363 2811 ‚
1418 2761 1536 2814 pleno
1565 2761 1647 2799 iam

913 2829 1148 2876 erumpente
1192 2822 1314 2860 animi
1360 2819 1516 2859 affectu.
1574 2819 1646 2858 Illa

915 2881 1175 2924 884-886,
1206 2879 1407 2918 Manibus
1435 2880 1529 2917 date
1556 2878 1648 2916 lilia

916 2946 992 2980 ete.
1024 2939 1208 2979 molliora
1234 2939 1339 2978 sorte
1375 2942 1493 2986 sunt,
1528 2948 1649 2987 quam
