1827 3436
376 265 789 322 AENEIDOS
828 265 973 314 LIB.
1010 263 1074 324 II,
1108 264 1403 314 605-616

131 401 294 454 Eruit.

1556 264 1656 312 353

365 398 463 448 Hic
485 399 623 447 Iuno
649 395 837 443 Scaeas
856 390 1156 441 saevissima
1178 396 1359 455 portas

133 473 307 523 Prima
328 477 502 530 tenet,
540 465 859 530 sociumque
880 461 1068 513 furens
1093 477 1120 509 a
1144 459 1368 508 navibus
1395 473 1587 522 agmen

132 546 297 592 Ferro
324 539 563 588 adcincta
585 543 755 585 vocat.

133 615 247 663 Iam
266 625 502 659 summas
525 607 655 656 arcis
677 602 939 667 Tritonia,
978 600 1183 666 respice
1199 640 1210 662 ,
1249 596 1414 648 Pallas

1559 601 1659 650 615

134 680 365 744 Insedit,
404 677 593 729 nimbo
619 674 885 740 effulgens
912 681 964 722 et
987 674 1242 735 Gorgone
1267 685 1433 719 saeva.

231 834 300 870 612
324 833 444 866 socias
463 830 624 873 Dorvill.,
650 842 668 862 e
694 840 796 861 versu
819 837 916 870 sequ.

631 877 788 922 (-—615.
815 885 920 906 arces
936 872 1066 904 Medio
1102 871 1196 913 IVr.)

138 895 208 928 que
228 880 394 915 accendit
413 879 462 912 ad
483 880 571 911 iras.

1013 822 1082 859 614
1117 821 1296 867 supplevit
1324 819 1473 853 Dorvill.
1504 832 1661 853 saevas-

1295 869 1364 902 616
1389 868 1534 900 Insidet
1563 875 1599 899 et
1625 879 1661 899 71.

138 930 254 973 Bigot.
307 926 456 960 Obsedit
477 938 545 958 sec.
566 926 694 957 Mox-et.
710 949 718 965 ‚
745 931 780 955 ut
797 934 829 954 v.
848 921 929 955 450.
978 919 1048 952 Sed
1075 926 1109 951 et
1134 919 1308 950 Homerus
1338 912 1488 958 ἐφέζετο
1520 911 1663 957 Περγά-

140 988 196 1022 μῳ
220 971 328 1020 ἄκρῃ.
377 972 496 1006 nimbo
514 981 550 1005 ει
575 971 736 1018 fitlgens
757 968 884 1002 Medic.

934 965 1065 1010 nymbo
1087 964 1248 1011 fulgens
1285 962 1340 995 ed.
1374 961 1521 994 Mediol.
1573 961 1664 1005 effu—

139 1026 246 1070 giens
267 1023 321 1054 ed.
344 1022 386 1054 D.
409 1020 529 1053 Heius.
581 1018 688 1052 limbo
708 1018 838 1049 Moret.
856 1027 924 1047 sec.
945 1025 1009 1057 pro
1029 1025 1100 1045 var.
1118 1011 1223 1051 lect„
1248 1016 1287 1042 ut
1314 1009 1381 1041 iam
1413 1008 1496 1041 olim
1522 1008 1664 1048 lectum,

140 1072 177 1103 in
200 1069 375 1104 Servianis
397 1074 568 1100 notatum.
615 1066 743 1111 clypeo
762 1060 896 1096 Zulich.
916 1074 935 1094 a
955 1072 999 1093 m.
1021 1072 1091 1093 sec.
1125 1060 1163 1092 F.
1197 1057 1342 1090 Insedit
1370 1055 1508 1096 nimbo,
1540 1056 1598 1100 eff}
1630 1063 1666 1087 ec

145 1120 188 1151 G.
228 1119 406 1163 Gorgona
440 1116 563 1148 Franc.
613 1111 774 1156 (Bothius
815 1120 905 1143 corr.
947 1107 1006 1152 effi
1043 1108 1091 1140 in
1131 1109 1267 1151 Gorg-3
1318 1103 1388 1136 vid.
1433 1104 1519 1136 Not.
1565 1102 1663 1145 Wr.)

144 1259 296 1299 infestis
323 1258 395 1296 Ilio
426 1257 500 1295 diis
535 1254 760 1308 praecipui,
798 1253 880 1290 Ne-

145 1325 319 1372 ptunUS,
364 1317 485 1362 Iuno,
539 1313 709 1351 Athene.
780 1310 880 1350 Vide

145 1376 211 1416 vel
232 1374 344 1413 Iliad.
368 1390 406 1423 υ,
428 1375 482 1414 33
500 1386 558 1422 sq.

206 1431 460 1475 612—614.
492 1431 592 1468 Iuno
620 1428 750 1480 praeit
782 1426 880 1475 dux,

147 1492 349 1542 —prima
368 1488 514 1540 quippe
533 1488 575 1525 in
595 1487 705 1525 urbis
726 1487 882 1537 ingres-

150 1564 196 1587 su
220 1546 319 1601 (vid.
341 1548 391 1595 Q.
415 1546 462 1587 V.
485 1545 671 1593 XXVIII,
704 1547 743 1585 2.
777 1558 810 1582 a.
843 1548 882 1580 et

149 1608 242 1647 Not.
271 1606 320 1643 ad
354 1604 444 1653 XII,
476 1606 572 1646 577.
607 1602 718 1655 lVr.)
740 1626 793 1630 —
814 1615 881 1638 so-

149 1667 256 1702 cium
275 1677 439 1713 agmen,
462 1661 657 1710 Achivos,
679 1682 736 1689 —
753 1666 882 1707 vocat,

150 1729 198 1760 ut
241 1721 349 1774 apud
386 1720 622 1758 ·Homerum
672 1719 883 1770 Neptunus

150 1780 263 1820 Iliad.
293 1795 329 1829 v,
362 1780 414 1820 83
436 1792 519 1829 sqq.
547 1784 587 1815 et
608 1776 752 1829 Apollo
776 1774 884 1827 apud

152 1838 321 1877 eundem
334 1836 528 1874 Troianos
543 1835 592 1873 de
603 1835 728 1873 muris
745 1834 887 1871 Troiae

151 1897 352 1935 inclamat.
384 1894 571 1932 Imitatur
589 1899 775 1931 nostrum
793 1893 886 1929 Sta-

152 1955 233 1993 tius
263 1953 312 1991 de
344 1953 522 2001 Venere,
562 1952 597 1990 V
633 1951 758 1989 Theb.
788 1952 885 1990 281.

154 2013 269 2060 Quae
291 2023 411 2062 super
430 2010 470 2049 h.
488 2010 513 2049 l.
544 2009 734 2062 Spencius
763 2007 886 2059 Poly-

155 2076 249 2108 met.
266 2083 304 2121 p.
328 2070 381 2110 56
404 2068 605 2120 disputat,
639 2067 735 2105 dum
761 2066 886 2104 Iuno-

156 2141 249 2165 nem
284 2134 486 2164 armatam
517 2126 712 2173 miratur,
751 2124 817 2161 hic
847 2129 887 2160 et

157 2185 187 2234 I,
208 2188 259 2226 16
293 2183 419 2221 aliena
440 2189 554 2232 sunt,
584 2183 652 2220 sed
672 2182 887 2220 dicendum

159 2248 268 2291 erat,
311 2241 387 2278 alia
418 2241 562 2278 Iunoni
590 2240 738 2289 tribui,
783 2253 887 2290 qua-

158 2306 276 2338 tenus
293 2298 471 2349 religiose
493 2298 660 2347 colitur,
693 2294 765 2335 aut
794 2296 890 2334 artis

160 2357 348 2410 operibus
371 2356 633 2407 exprimitur,
666 2356 762 2404 alia,
787 2368 890 2405 qua—

159 2422 276 2453 tenus
313 2414 513 2466 poeticum
557 2420 615 2451 est
655 2426 805 2451 numen
839 2411 891 2449 ad

159 2487 242 2523 res,
274 2472 453 2511 humana
480 2472 521 2510 vi
554 2471 742 2522 maiores,
776 2483 892 2509 exse-

161 2531 339 2583 quendas
359 2530 608 2582 adoptatum.

221 2589 317 2631 615.
340 2591 436 2630 616.
474 2588 601 2626 Pallas
641 2586 789 2625 insidet
822 2599 891 2623 ar-

164 2659 248 2684 cem
264 2647 498 2698 Pergamum
512 2676 521 2694 ,
542 2652 590 2684 ut
612 2644 721 2697 apud
740 2645 894 2682 Home-

164 2716 255 2741 rum
274 2704 416 2755 Apollo
441 2703 554 2744 Iliad.
579 2719 607 2753 ε,
631 2702 726 2752 460,
747 2702 817 2740 sed
838 2701 893 2739 ibi

167 2761 219 2797 ad
233 2761 450 2810 tuendum,
480 2761 521 2799 h.
559 2761 584 2799 l.
617 2761 668 2798 ad
703 2766 893 2799 everten-

170 2817 287 2867 dum,
334 2819 473 2856 saltem
506 2825 700 2870 tanquam
744 2818 896 2856 victrix

170 2875 345 2926 acropoli
363 2882 568 2927 occupata.
618 2875 750 2913 nimbo
771 2876 897 2928 efful-

168 2946 268 2982 gens
287 2940 323 2968 et
349 2932 534 2982 Gorgone
562 2947 714 2980 εαριάς
751 2932 897 2984 aegide.

171 2989 211 3026 Si
240 2994 458 3038 utrumque
489 2990 630 3027 eodem
673 2991 794 3028 modo
836 2989 899 3027 ‹li-

238 3057 447 3106 VIRGIL.
486 3057 626 3106 ΤοΜ.
663 3056 727 3105 ΙΙ.

938 1256 1049 1288 ctum
1090 1254 1170 1296 est,
1218 1252 1264 1284 ut
1289 1246 1355 1284 illa
1384 1245 1582 1296 fulgebat,
1621 1251 1668 1283 ut

938 1306 1096 1358 aegide,
1126 1305 1182 1343 ita
1207 1305 1364 1353 nimbo,
1394 1303 1575 1351 nimbus,
1599 1303 1668 1353 qui

941 1366 990 1404 de
1024 1365 1193 1402 obscura
1228 1364 1312 1401 fere
1341 1361 1406 1400 vel
1440 1368 1528 1399 atra
1560 1361 1669 1398 nube

939 1423 1109 1470 dieitur,
1140 1421 1180 1459 h.
1201 1421 1226 1458 l.
1249 1421 1296 1458 de
1327 1419 1498 1458 eandida
1536 1425 1577 1457 et
1603 1419 1669 1456 lu-

939 1482 1027 1520 cida
1048 1480 1154 1519 nube
1172 1478 1427 1530 accipiendus
1451 1478 1539 1526 erit,
1559 1476 1670 1528 quod

940 1540 1033 1578 alibi
1071 1552 1153 1577 non
1190 1537 1303 1575 facile
1343 1536 1542 1584 occurrit3
1593 1534 1671 1573 nisi

940 1611 1067 1636 unum
1088 1597 1222 1634 locum
1256 1596 1327 1633 inf.
1355 1595 1424 1643 IX,
1458 1597 1550 1642 110,
1589 1596 1666 1634 111

940 1655 1022 1694 huc
1054 1654 1208 1692 trahas:
1246 1655 1333 1690 llio
1356 1655 1539 1703 primum
1566 1664 1672 1689 noua

943 1715 1013 1751 lux
1055 1714 1179 1750 oculis
1215 1711 1376 1763 affiilsit
1393 1741 1401 1758 ,
1455 1718 1491 1746 et
1531 1711 1674 1759 ingens

949 1774 1074 1811 Irisus
1099 1770 1150 1808 ab
1178 1784 1325 1807 scm-ora
1355 1768 1509 1805 coelum
1540 1775 1673 1804 trans-

1364 1826 1515 1865 Verum
1552 1824 1674 1877 effici-

940 1903 1042 1939 gens
1062 1893 1121 1925 est
1137 1900 1211 1938 pro
1243 1885 1479 1937 conspicua,
1512 1888 1582 1920 aut
1612 1881 1675 1933 (f-

930 1946 1074 1998 fiilget
1093 1946 1168 1982 illa
1194 1944 1339 1994 aegide
1355 1974 1365 1992 ,
1401 1943 1493 1993 quia
1517 1941 1675 1992 fulgen-

943 2011 1025 2042 tem
1046 2003 1221 2054 aegidem
1242 2007 1372 2049 tenet,
1405 2015 1425 2037 a
1455 2014 1531 2051 qua
1564 1999 1675 2036 relu-

944 2068 1007 2100 cet
1027 2060 1201 2108 nz'mbus,
1236 2059 1361 2097 nubes
1384 2059 1566 2105 obscura,
1599 2069 1677 2107 qua

942 2120 1010 2158 illa
1044 2119 1237 2169 cingitur,
1268 2117 1378 2167 quod
1406 2117 1582 2155 sollenne
1608 2119 1678 2163 est,

943 2177 1015 2216 ubi
1038 2177 1087 2214 de
1107 2176 1180 2214 diis
1199 2175 1310 2212 iratis
1335 2174 1477 2225 agitur,
1506 2174 1553 2212 cf.
1581 2172 1678 2210 Exc.

945 2234 1067 2273 eund.
1095 2234 1187 2271 XIII
1214 2232 1266 2269 ad
1295 2232 1362 2269 lib.
1394 2232 1420 2269 I.
1464 2229 1680 2284 (posterius

947 2292 1045 2331 mihi
1087 2291 1282 2329 Latinitas
1320 2290 1405 2340 pati
1445 2303 1528 2327 non
1561 2287 1680 2327 vide—

946 2357 1028 2389 tur.
1069 2347 1219 2401 IVcl'z.)
1282 2348 1335 2384 De
1374 2347 1510 2385 nimbo
1551 2345 1680 2397 capita

949 2409 1117 2446 deorum
1136 2406 1335 2443 ambiente
1353 2406 1393 2443 in
1406 2412 1524 2457 poeta
1542 2409 1681 2442 nostro

949 2466 1122 2518 cogitare
1174 2478 1254 2502 non
1304 2464 1409 2501 licet.
1473 2461 1683 2515 (effiilgere

948 2523 1129 2577 proprie:
1150 2521 1410 2573 conspicuum
1431 2533 1512 2558 esse
1532 2519 1683 2571 fulgido

950 2589 992 2621 et
1022 2581 1216 2620 rutilante
1242 2579 1476 2631 splendore,
1508 2584 1556 2617 ut
1584 2576 1683 2625 auri,

949 2641 1161 2688 ssannnae3
1231 2638 1390 2675 nimbus
1436 2636 1558 2688 igitur
1605 2635 1683 2683 ille,

951 2711 1095 2750 quem,
1138 2702 1185 2734 ut
1226 2695 1354 2733 iratae
1394 2695 1511 2743 deae,
1551 2700 1684 2731 atrum

952 2757 1071 2794 fuisse
1102 2760 1418 2792 consentaneum
1449 2758 1527 2801 est,
1559 2751 1685 2801 fulge—

953 2815 1025 2852 bat
1059 2819 1099 2851 et
1122 2812 1318 2850 rutilabat
1351 2811 1408 2848 ab
1445 2807 1685 2847 incendii

954 2870 1193 2910 flammis
1243 2870 1409 2916 Parum,
1441 2874 1488 2905 ut
1507 2866 1603 2904 mihi
1621 2865 1685 2902 vi-

958 2931 1091 2977 detur,
1115 2928 1278 2979 proprie
1298 2926 1364 2963 Sil.
1387 2926 1473 2962 Ital.
1495 2924 1562 2971 III,
1581 2922 1686 2964 695:

957 2992 1104 3038 „veste
1161 2984 1346 3022 sacerdos
1413 2982 1686 3031 Essulgens

1340 3052 1406 3096 23

943 1844 1093 1867 currere
1126 1827 1296 1866 nimbus.
