1779 3420
118 222 216 271 448
455 220 508 267 Ρ.
546 217 899 267 VIRGILII
930 215 1297 266 MARONIS

117 347 259 394 Heu!
296 342 424 407 fuge
447 342 677 392 crudelis
698 351 887 406 terras,
926 339 1052 405 suge
1072 341 1193 391 litus
1216 357 1444 392 avarum.

115 418 253 464 Nam
278 411 576 476 Polydorus
598 428 711 476 ego,
782 413 879 461 Hic
902 410 1173 461 confixum
1192 409 1366 460 ferrea
1390 411 1516 460 texit
1561 414 1628 462 45

120 482 380 533 Telorum
406 498 578 546 seges‚
618 491 670 531 et
688 482 864 530 iaculis
888 482 1109 530 increvit
1134 481 1308 532 acutis,

121 555 263 602 Tum
285 568 413 601 vero
436 551 647 616 ancipiti
671 560 915 600 mentem
937 550 1229 600 formidine
1252 566 1465 616 pressus

120 622 387 688 Obstupui
409 660 420 683 ,
476 629 846 686 steteruntque
897 637 1082 669 comae
1106 661 1118 682 ,
1166 628 1219 668 et
1257 636 1357 669 vox
1392 618 1630 668 faucibus

899 689 1079 740 haesit.

189 762 342 808 Hunc
384 757 713 822 Polydorum
757 759 869 808 auri
911 758 1187 825 quondam
1221 774 1345 807 cum
1385 757 1631 824 pondere

898 844 1095 892 magno

118 895 304 947 Infelix
328 897 566 946 Priamus
588 894 769 946 furtim
792 897 1071 947 mandarat
1098 896 1352 946 alendum
1563 899 1632 949 50

210 1002 257 1036 44
281 1014 445 1035 umatum
464 1014 532 1035 sec.
551 1002 696 1042 Hamb.‚
721 1014 916 1047 perperam.
937 1003 981 1035 cf.
1008 1003 1122 1036 Burm.
1173 1002 1356 1045 (crudeles
1373 1000 1501 1035 Medic.
1535 1002 1630 1044 lVr.)

118 1049 164 1083 46
196 1049 359 1093 implevit
385 1048 522 1093 aliquot
546 1049 637 1081 Pier.
664 1060 739 1081 cum
770 1061 823 1094 pr.
846 1050 1017 1083 Rottend.
1045 1056 1081 1082 et
1107 1052 1227 1094 Sprot.
1322 1046 1368 1084 47
1402 1049 1513 1082 Nunc
1543 1060 1633 1081 vero

119 1095 209 1128 alter
229 1095 351 1127 Hamb.
445 1096 491 1130 48
516 1103 768 1140 steteruntque
787 1095 922 1139 aliquot
947 1096 1038 1129 Pier.
1068 1102 1104 1128 et
1134 1098 1270 1138 Burm.,
1303 1102 1342 1128 nt
1370 1108 1445 1139 sup.
1476 1096 1519 1136 ΙΙ,
1551 1093 1631 1130 774.

118 1150 324 1186 stetereque
343 1142 465 1175 Franc.
515 1149 551 1174 et
575 1142 675 1174 abest
694 1155 713 1174 a
734 1143 879 1175 Dorvill.
975 1143 1020 1177 49
1046 1155 1179 1189 magno
1208 1155 1238 1175 c.
1263 1155 1302 1189 p.
1331 1151 1439 1175 ‘z'asto
1468 1141 1629 1175 Parrhas.

119 1200 252 1233 magno
270 1201 298 1221 c.
317 1201 352 1234 p.
371 1188 551 1233 quondam
571 1188 739 1231 Cuningh.
771 1201 812 1221 ex
839 1189 938 1222 Huls.
988 1189 1169 1234 (Bothius,
1203 1189 1282 1233 quia
1313 1201 1364 1223 vs,
1391 1187 1436 1224 48
1477 1200 1550 1221 non
1582 1188 1631 1221 ita

117 1235 227 1267 multo
249 1241 351 1273 ante,
377 1236 418 1276 11,
436 1233 528 1276 774.,
548 1234 658 1267 lectus
678 1235 803 1277 fuerit,
828 1243 956 1280 poetae
973 1243 1110 1278 autem,
1137 1243 1172 1269 et
1199 1236 1234 1268 in
1257 1236 1311 1268 his
1340 1235 1528 1280 Virgilius,
1560 1247 1631 1268 non

119 1281 257 1314 soleant
271 1307 280 1323 ,
303 1281 369 1313 nisi
391 1289 471 1326 post
490 1281 621 1314 maiora
644 1281 849 1324 intervalla,
875 1284 1017 1316 eosdem
1036 1296 1156 1316 versus
1175 1289 1358 1327 repetere,
1381 1282 1514 1328 duplici
1532 1282 1631 1325 glos-

120 1334 252 1361 semate
275 1328 490 1372 inquinatum
510 1328 600 1361 hunc
616 1328 731 1361 locum
755 1329 946 1362 arbitratur
974 1330 1248 1374 legendumque:
1285 1328 1474 1376 Obstupui.
1522 1331 1633 1362 IIunc

118 1376 204 1409 auri
226 1375 407 1419 quondum
426 1387 503 1408 cum
522 1375 685 1421 pondere
700 1388 834 1422 magno
854 1383 941 1418 cet„
966 1376 1090 1410 mediis
1115 1376 1265 1410 omissis.
1313 1377 1511 1418 Accedere,
1538 1376 1632 1422 quod

117 1421 268 1455 formido
292 1425 428 1455 Aeneae
444 1428 635 1454 monstrum
658 1421 726 1455 hoc
748 1423 897 1456 videntis
918 1424 986 1456 iam
1003 1436 1107 1469 supra
1129 1423 1304 1469 descripta
1331 1423 1377 1456 sit
1405 1436 1472 1457 vss.
1500 1425 1546 1458 29
1579 1435 1631 1468 sq.

117 1469 170 1501 Ad
191 1468 277 1500 illud
294 1475 390 1502 recte
415 1468 606 1512 respondet
628 1468 786 1511 Iahnius,
812 1469 860 1503 ita
884 1478 1067 1504 sexcentos
1086 1483 1207 1504 versus
1225 1470 1261 1503 in
1285 1471 1439 1503 Homero
1462 1470 1631 1503 delendos

117 1516 214 1555 fore3
241 1527 304 1548 nec
326 1515 435 1548 multo
458 1514 589 1548 maiore
609 1515 793 1549 intervallo
812 1520 897 1550 Aen.
917 1519 958 1558 ll,
978 1518 1059 1553 775.
1082 1529 1264 1550 recurrere
1285 1519 1342 1558 111,
1368 1518 1466 1557 153.;
1502 1524 1538 1550 et
1566 1517 1630 1558 IX,

120 1563 198 1598 189.
233 1561 492 1595 hemistichium
524 1563 588 1603 IX,
617 1562 698 1597 236.
725 1563 851 1608 repeti.

118 1607 304 1649 maiorem,
338 1615 377 1641 ut
395 1620 450 1641 res
468 1609 625 1650 ferebat,
659 1609 842 1643 horrorem
872 1611 930 1645 hic
964 1611 1153 1655 significari
1174 1610 1328 1653 indicat,
1363 1623 1464 1655 quam
1485 1623 1551 1644 VSS.
1573 1612 1630 1646 29.

120 1668 189 1699 sq.;
215 1655 260 1688 ad
281 1667 380 1699 quem
401 1655 645 1688 declarandum
663 1668 731 1688 non
754 1657 838 1690 satis
855 1658 1044 1691 vehemens
1065 1665 1119 1690 est
1137 1657 1186 1691 sic
1206 1658 1297 1690 nude
1319 1659 1470 1702 positum
1488 1658 1630 1690 verbum

901 1566 991 1597 Tum
1020 1564 1108 1597 illud
1135 1564 1250 1608 ipsum
1281 1566 1373 1597 Tam
1400 1577 1486 1598 vero
1518 1563 1628 1597 multo
1694 1606 1695 1609 Ἰ

122 1701 311 1747 Obstupui.
358 1701 517 1746 Denique
537 1701 627 1743 vide,
653 1715 752 1746 quam
770 1712 861 1748 apte,
886 1704 916 1738 si
934 1704 1098 1738 Bothium
1119 1704 1306 1749 sequimur,
1332 1705 1457 1738 eodem
1476 1705 1511 1737 in
1528 1716 1631 1737 versu

120 1749 163 1781 ab
185 1748 425 1781 incitatissima
447 1748 607 1781 oratione
628 1750 671 1781 ad
694 1751 849 1783 sedatam
874 1752 1109 1784 narrationem
1133 1758 1343 1784 transeatur.
1392 1753 1517 1796 Neque
1538 1751 1630 1785 enim

120 1795 197 1827 fore
217 1802 321 1839 puto,
347 1794 406 1839 qui
424 1794 511 1828 haec
528 1804 705 1839 comparet
726 1809 799 1829 eum
822 1797 885 1838 iis,
918 1811 1006 1843 quae
1036 1802 1120 1832 Aen.
1149 1800 1175 1840 I,
1205 1799 1302 1834 135.:
1338 1801 1463 1840 „Quos
1493 1811 1561 1844 ego
1584 1818 1630 1823 —-

120 1841 190 1874 Sed
209 1848 322 1874 motos
346 1848 499 1886 praestat
517 1853 725 1886 componere
741 1843 899 1880 fluctus.“
927 1845 1023 1890 lVr.)

120 1889 233 1921 Burin.
257 1900 297 1919 cx
314 1888 614 1933 interpretatione.

120 1969 316 2008 Troianus
355 1983 455 2008 sum.
525 1971 614 2009 Non
654 1987 774 2012 cruor
799 1975 847 2012 cle

119 2029 253 2078 stipite
276 2058 286 2076 ‚
339 2028 406 2066 sed
457 2028 505 2066 de
547 2042 635 2068 meo
679 2044 847 2084 corpore

119 2091 268 2123 manat.

178 2141 245 2184 45.
265 2142 330 2183 46.
363 2143 484 2193 aS'eges
503 2144 668 2182 telorum
681 2147 846 2184 increvit

120 2201 266 2237 iaculi-s·
304 2202 457 2247 acutis,
505 2200 545 2239 h.
578 2214 608 2239 e.
653 2203 754 2252 tela,
796 2210 844 2242 ut

120 2257 258 2294 emissa
280 2264 395 2295 erant
415 2257 456 2294 in
475 2271 558 2307 me,
595 2258 634 2296 in
664 2259 742 2297 hoc
771 2268 842 2299 tu-

120 2315 228 2351 mulo
271 2312 407 2366 (sentit
453 2329 605 2353 mecum
651 2318 842 2369 Pompon.

120 2371 268 2423 Sabin.)
299 2379 565 2410 excreverunt
592 2373 632 2411 in
669 2376 842 2425 arbores,

120 2428 227 2465 unde
266 2428 394 2465 iacula
425 2436 628 2479 petuntur.
686 2433 743 2470 Ita
775 2436 842 2471 ia-

121 2486 222 2521 vulis
254 2492 312 2522 est
341 2500 453 2523 casus
485 2489 650 2536 tertius,
697 2504 772 2541 pro
800 2493 842 2527 ιἰι

121 2543 271 2578 iacula.
346 2543 499 2592 Alioqui
552 2547 663 2595 copia
715 2548 841 2584 otiosa

122 2598 271 2636 dictum
293 2606 413 2646 esset,
445 2615 555 2649 seges
589 2603 752 2640 telorum.
777 2606 841 2640 in-

120 2657 240 2691 crevi!
284 2670 331 2692 ex
369 2658 546 2705 iaculis,
599 2658 638 2695 h.
672 2672 704 2696 e.
736 2662 837 2697 telis.

122 2711 234 2764 (Mihi
256 2712 353 2750 haec
373 2714 426 2751 ita
448 2715 675 2765 accipienda
698 2717 841 2754 viden—

120 2776 214 2818 tur,
238 2776 283 2808 ut
305 2784 377 2821 pro
399 2784 465 2819 eo,
489 2772 596 2821 quod
616 2772 747 2810 dicere
764 2787 841 2812 vo-

120 2827 224 2865 lebat
254 2833 388 2878 poeta:
419 2843 568 2879 euque,
611 2830 689 2867 tela
719 2845 747 2868 s.
781 2830 841 2868 ia-

120 2885 233 2933 cula,
271 2887 537 2934 increverunt,
591 2887 646 2924 sic
673 2888 841 2940 scripse-

119 2943 190 2980 rit:
228 2956 341 2992 seges
373 2945 536 2980 increvit
575 2945 745 2992 iaculis;
784 2946 841 2984 ita

1094 1846 1142 1881 50
1166 1846 1340 1879 commisit
1355 1845 1530 1879 ulendum
1547 1847 1628 1879 Exc.

902 1976 1050 2013 iaculis
1088 1976 1163 2015 erit
1199 1976 1411 2016 ablativus.
1482 1974 1629 2013 Similis

903 2033 1068 2072 ablativi
1111 2048 1208 2072 usus
1255 2034 1360 2072 infra
1405 2047 1465 2072 vs,
1514 2032 1627 2075 134:

903 2104 1149 2142 „arcemque
1180 2091 1374 2130 adtollere
1414 2096 1462 2128 te
1476 2090 1628 2140 ctis;“

901 2148 970 2186 ubi
999 2148 1083 2187 vid.
1113 2149 1242 2201 Heyn.
1288 2147 1406 2202 IsVr.)
1485 2146 1629 2200 (Igitur

901 2206 990 2243 telis
1019 2207 1096 2244 fuit
1124 2208 1354 2256 consossus3
1395 2207 1445 2247 cf.
1478 2206 1627 2244 Auson.

901 2263 1086 2316 Epitaph.
1108 2265 1218 2303 XIX.
1245 2265 1359 2302 aliter
1380 2271 1500 2314 atque
1520 2263 1628 2314 apud

901 2321 1154 2372 Euripidem,
1186 2323 1253 2371 qui
1277 2335 1367 2360 eum
1399 2323 1506 2359 serso
1530 2335 1629 2358 con-

901 2378 1024 2415 cisum
1045 2378 1213 2431 narrat.)
1272 2379 1339 2420 47.
1359 2379 1627 2427 Pressa-ssor-

900 2436 1075 2483 midine,
1109 2442 1207 2486 puta
1227 2437 1401 2486 positum
1430 2449 1504 2487 pro
1533 2436 1627 2473 vul—

900 2493 1008 2542 gari,
1039 2507 1282 2542 oppress-mn.
1326 2491 1499 2544 (pressus
1515 2507 1620 2530 men-

899 2557 976 2585 tem
995 2548 1221 2599 formidine
1251 2550 1283 2586 is
1315 2550 1483 2598 dicitur,
1515 2552 1627 2589 cuius

900 2606 1077 2642 animum
1106 2607 1279 2644 formido
1314 2614 1354 2644 et
1395 2621 1514 2645 curae
1550 2622 1626 2645 an-

898 2669 1019 2712 gunt,
1050 2669 1215 2701 vexant.
1250 2664 1399 2717 chlz.)

958 2719 1025 2759 49.
1056 2719 1120 2757 Ad
1141 2734 1224 2770 sqq.
1248 2734 1285 2759 v.
1305 2722 1471 2762 Excurs.
1500 2723 1551 2761 ΙΙΙ
1577 2723 1626 2762 de

899 2776 1112 2827 Polydoro.
1143 2778 1229 2815 Rex
1242 2786 1326 2816 erat
1337 2779 1404 2817 Pol
1407 2787 1624 2831 yninestor.

901 2830 975 2884 (Q
995 2834 1061 2875 50.
1102 2835 1297 2873 Infelix
1326 2835 1367 2877 h.
1391 2838 1416 2876 l.
1446 2838 1626 2877 Priamus

899 2890 1048 2928 dicitur
1074 2905 1154 2929 non
1182 2893 1233 2930 ob
1267 2894 1444 2933 dirutam
1466 2896 1625 2935 Troiam

899 2954 968 2986 aut
989 2949 1150 2988 omnino
1175 2950 1396 3002 adversam,
1425 2966 1544 3004 quam
1561 2953 1626 2992 ille
