1779 3420
129 196 230 245 274
461 193 515 241 Ρ.
556 191 909 241 VIRGILII
948 188 1323 239 MARONIS

132 322 435 369 Insonuere
464 333 617 366 cavae
641 317 1015 383 gemitumque
1045 314 1248 365 dedere
1280 329 1552 364 cavernae.

128 393 223 453 Et,
262 389 303 438 si
323 386 428 438 fata
452 386 642 449 deum,
681 389 723 437 si
748 404 905 437 mens
926 404 1038 436 non
1062 386 1207 436 laeva
1229 383 1432 444 suisset,

136 459 437 526 Impulerat,
473 456 620 509 ferro
645 458 917 523 Argolicas
939 455 1164 507 foedare
1191 455 1442 515 latebras3
1599 454 1667 505 55

138 530 413 597 Troiaque
438 545 583 579 nunc
607 537 793 593 staret,
839 527 1146 594 Priamique
1171 544 1259 577 arx
1284 526 1382 577 alta
1404 539 1666 575 maneres

208 628 290 678 56.
330 637 525 673 s'rAREs

223 776 271 811 53
295 776 529 819 sonitumque
561 772 678 816 Bigot.
718 784 759 806 ex
787 772 970 817 interpret.

131 824 228 869 quod
261 822 373 868 prima
403 822 524 854 fronte
553 820 713 853 arridere
744 825 887 865 potest,
924 818 954 851 si
981 831 1013 852 v.
1044 820 1115 854 243
1137 818 1357 852 memineris:
1384 826 1491 851 utero
1508 818 1669 850 sonitum

131 879 265 917 quater
285 881 390 902 arma
412 869 556 901 dedere.
605 867 676 900 sed
698 878 764 900 nec
781 868 942 913 gemitus
969 878 1034 898 nec
1061 878 1176 899 cavae
1197 865 1426 910 respondent.
1522 864 1568 900 54
1593 876 1667 897 non

132 931 240 951 coeca
260 917 330 949 duo
351 915 505 959 Guelph.
530 914 566 947 in
585 914 736 948 collect.
755 918 840 947 Sax.
936 912 982 949 55
1008 913 1243 960 Impulerant
1270 914 1407 957 Hugen.
1429 912 1532 945 mule.
1582 919 1667 944 ten-

135 972 218 998 tare
245 962 409 997 latebras
440 962 565 994 Hamb.
596 973 649 1006 pr.
688 973 753 1007 pro
782 974 853 995 var.
894 961 978 994 lect.
1007 961 1216 1006 repetitum,
1251 967 1289 993 ut
1318 961 1503 992 Burmann.
1536 964 1668 998 monet,

133 1025 174 1044 cx
195 1024 227 1044 v.
248 1012 305 1046 38.
337 1011 484 1057 aperire
502 1010 630 1042 Hamb.
659 1021 728 1042 sec.
768 1007 906 1055 fodere
920 1008 1029 1041 Goth.
1050 1015 1130 1040 tert.
1152 1020 1193 1040 ex
1214 1006 1519 1053 interpretatione.
1543 1019 1576 1038 v.
1595 1012 1668 1039 not.

133 1060 179 1093 56
205 1066 323 1091 staret
352 1067 388 1090 ec
411 1069 601 1097 maneres,
637 1057 705 1089 hoc
730 1068 749 1088 a
779 1069 823 1089 m.
847 1068 901 1102 pr.
930 1056 1061 1088 Medic.
1095 1055 1139 1087 ad
1166 1055 1368 1088 Servianam
1393 1066 1570 1088 normam:
1608 1052 1667 1095 „Si

132 1114 250 1139 staret
282 1103 434 1148 legeris,
468 1116 637 1137 maneres
670 1103 854 1148 sequitur,
887 1111 1036 1148 propter
1069 1099 1401 1146 ὁμοιοτέλευτον.-“
1458 1102 1572 1136 Etiam
1605 1099 1667 1134 alii

133 1153 236 1186 codd.
260 1152 406 1185 variant.
431 1163 461 1184 v.
485 1150 605 1183 Heius.
655 1151 725 1183 Sed
746 1159 1101 1184 stares—maneres
1122 1152 1310 1191 Romanus,
1335 1161 1456 1182 omnes
1477 1149 1570 1182 Pier.
1585 1147 1668 1181 alii-

134 1212 201 1245 que
223 1200 328 1245 probi
350 1199 453 1232 codd.
502 1198 716 1242 Pomponius
742 1198 891 1231 Sabinus
914 1198 1002 1231 haec
1023 1197 1151 1230 habet:
1186 1205 1305 1230 staret
1335 1203 1370 1229 et
1397 1204 1562 1229 maneret
1580 1195 1669 1240 legit

134 1247 366 1293 Apronianus.
417 1247 517 1278 Esset
546 1252 663 1278 tamen
695 1245 763 1277 hoc
794 1245 908 1278 altero
940 1245 1131 1289 vulgarius.
1181 1245 1548 1289 (staret—-maneres
1571 1243 1668 1276 anti—

134 1307 203 1340 qua
233 1302 284 1327 est
316 1293 470 1327 Medicei
498 1292 626 1334 lectio,
662 1301 677 1324 t
704 1292 806 1331 litera
845 1292 952 1326 minio
984 1292 1244 1338 superscripta,
1288 1298 1326 1324 ut
1359 1291 1460 1324 fieret
1493 1299 1668 1323 maneret.

136 1341 301 1376 Heinsius
325 1341 408 1387 quid
435 1341 471 1373 in
505 1339 652 1384 singulis
683 1339 783 1372 libris
813 1339 1008 1380 invenerit,
1042 1351 1114 1372 non
1142 1344 1266 1384 potest
1295 1351 1336 1371 ex
1362 1338 1435 1371 eius
1458 1346 1541 1371 nota
1564 1337 1669 1382 plane

134 1389 322 1433 cognosci3
358 1394 455 1422 certe
484 1387 632 1420 Mentel.
662 1399 727 1430 pn,
764 1387 922 1432 optimae
954 1393 1059 1419 notae
1092 1387 1268 1428 codicem,
1294 1398 1371 1419 cum
1391 1385 1552 1418 Mediceo
1580 1397 1670 1418 con-

136 1436 265 1471 sentire
288 1436 369 1468 inde
402 1434 578 1467 discimus.
628 1435 724 1480 Lips.
758 1434 830 1468 obl.
861 1443 1237 1475 stares—maneres,
1271 1433 1335 1465 sed
1361 1432 1496 1478 liquido
1519 1438 1668 1478 apparet

136 1484 231 1530 prius
250 1483 286 1516 in
305 1495 348 1515 eo
373 1482 541 1527 scriptum
559 1480 667 1515 fuisse
688 1490 817 1516 staret.
866 1486 915 1515 Ac
934 1481 990 1514 vix
1015 1488 1070 1515 est
1098 1481 1263 1523 dubium,
1297 1480 1381 1525 quin
1406 1487 1537 1513 mutata
1567 1479 1667 1512 verbi

136 1543 287 1578 persona
308 1531 428 1563 turbas
458 1530 492 1562 h.
514 1529 538 1562 l.
562 1529 795 1569 excitaverit3
827 1536 960 1562 mutata
986 1537 1099 1562 autem
1130 1541 1149 1562 a
1177 1535 1286 1574 poeta
1306 1527 1446 1562 videtur
1465 1534 1539 1560 tum
1557 1527 1602 1560 ad
1621 1525 1666 1561 τὸ

138 1575 447 1623 ὁμοιοτέλεντον,
472 1576 613 1609 minime
634 1576 845 1610 conveniens
867 1577 947 1609 huic
974 1577 1076 1618 loco,
1109 1575 1310 1609 evitandum
1326 1601 1334 1616 ,
1371 1582 1442 1607 tum
1463 1586 1532 1620 quo
1553 1574 1668 1607 verius

136 1626 241 1660 animi
268 1625 431 1658 affectum
470 1624 702 1668 exprimeret3
741 1636 821 1656 nam
858 1623 946 1656 nihil
979 1624 1014 1656 in
1043 1624 1130 1656 urbe
1166 1623 1277 1656 Troia
1309 1622 1364 1655 vel
1401 1622 1581 1667 augustius
1612 1621 1668 1654 vel

137 1677 277 1707 Aeneae
294 1671 406 1706 carius
419 1697 427 1712 ‚
452 1683 552 1716 quam
573 1671 697 1703 domus
715 1671 856 1704 Priami.
904 1674 1016 1715 Atque
1036 1679 1155 1704 staret
1173 1677 1210 1702 ut
1231 1669 1425 1714 reciperem
1441 1695 1449 1710 ,
1482 1669 1592 1702 movit
1613 1681 1668 1701 me

1030 779 1207 804 catervae
1240 773 1362 816 Sprot.
1388 780 1454 815 pro
1485 781 1558 802 var.
1585 768 1667 801 lect.

137 1721 242 1754 etiam
276 1720 376 1753 locus
421 1718 614 1752 consimilis
647 1720 724 1760 VII,
757 1718 859 1753 684.:

912 1730 1024 1763 „quos
1054 1718 1150 1750 dives
1174 1717 1330 1761 Anagnia
1355 1730 1377 1762 p
1391 1717 1530 1757 ascit,
1571 1718 1668 1757 Quos

138 1771 308 1802 Amasene
325 1767 478 1811 pater;“
506 1765 567 1798 ubi
591 1765 683 1798 idem
712 1778 732 1799 a
754 1765 971 1799 nominativo
1000 1766 1045 1799 ad
1074 1765 1268 1798 vocativum
1296 1763 1464 1797 transitus
1492 1764 1668 1809 antiquam

138 1815 352 1857 lectionem,
378 1813 441 1848 sed
462 1813 497 1845 in
516 1813 636 1860 paucis
660 1813 849 1847 admodum
870 1813 992 1855 libris,
1017 1813 1282 1847 obliteraverat.
1311 1812 1408 1855 Wr.)

140 1960 190 1984 na
220 1945 240 1984 f
248 1958 268 1983 e
280 1944 390 1983 ris.“
428 1944 497 1983 IsV
492 1941 547 1997 r.)
608 1943 730 1981 alvus
749 1957 874 1981 curva

130 2001 409 2055 compagibus
451 2001 493 2041 h.
531 2014 564 2039 e.
600 2014 651 2040 ex
686 2014 875 2054 compage

138 2063 340 2115 lignorum
374 2073 607 2099 curvorum.
665 2062 771 2098 stetit
797 2068 876 2098 tre-—

140 2135 251 2159 mens
268 2150 278 2169 ,
332 2133 407 2172 pro
438 2117 696 2157 contremuit.
767 2127 875 2157 utero

139 2193 295 2217 recusso
308 2207 318 2227 ‚
363 2190 612 2230 repercusso.
679 2191 876 2215 cavernae

142 2237 300 2276 doctius
321 2249 442 2287 quam
454 2248 630 2275 caverna
643 2233 684 2273 h.
698 2247 730 2273 e.
749 2248 875 2286 equus

142 2309 290 2343 cavu8‚
320 2298 461 2335 κοῖλον
483 2289 600 2347 δόρυ.
661 2293 806 2346 Odyss.
830 2297 876 2343 θ,

143 2355 240 2396 507.
271 2351 415 2406 (cavae
433 2366 629 2392 cavernae
647 2351 720 2391 vix
739 2352 878 2391 feren-

144 2411 243 2450 dum
255 2440 265 2459 ‚
296 2410 371 2449 nisi
397 2410 579 2449 iunxeris
609 2424 739 2448 cavae
767 2413 878 2448 inso-

144 2483 288 2517 nuere,
323 2468 347 2506 i.
376 2481 408 2507 e.
441 2482 623 2508 cavum
655 2468 780 2519 quid
810 2482 880 2506 so·-

145 2539 289 2576 nuere3
319 2526 376 2564 sic
396 2526 502 2564 infra
525 2527 570 2575 V,
602 2528 722 2569 866.:
749 2527 880 2575 „Tum

144 2598 303 2625 rauca
342 2583 513 2622 adsiduo
551 2585 667 2635 longe
703 2585 784 2622 sale
812 2598 880 2622 sa-

145 2657 200 2682 xa
231 2657 248 2681 s
262 2656 320 2681 on
332 2642 388 2680 ab
401 2656 459 2680 an
472 2645 527 2680 t.“
574 2642 646 2682 Ge.
665 2642 730 2690 IV,
762 2645 882 2686 370.:

147 2703 512 2752 „saxosusque
558 2713 750 2738 sonans
791 2700 881 2751 Hy-

147 2759 273 2813 panis.
284 2760 309 2782 “
368 2757 467 2797 Aen.
494 2757 579 2807 Vll,
625 2758 737 2799 141.:
779 2758 882 2808 „Hic

148 2824 263 2871 pater
285 2817 539 2869 omnipotens
560 2822 622 2854 ter
637 2816 746 2854 caelo
775 2816 822 2854 cl
835 2830 881 2853 a·-

150 2891 242 2915 rus
271 2875 321 2914 ab
349 2875 432 2914 alto
464 2874 749 2913 Intonuit.“
788 2874 881 2914 Vid.

148 2935 271 2973 etiam
298 2933 346 2976 V.
368 2934 410 2972 L.
441 2932 494 2970 ad
516 2933 581 2982 IV,
612 2931 709 2975 443.
743 2932 791 2982 V,
813 2932 881 2975 24.

930 1948 972 1980 et
1000 1941 1052 1980 ad
1080 1942 1191 1991 VIII,
1231 1941 1328 1984 559.
1379 1947 1668 1993 praetereaque

931 2002 1062 2053 Heyn.
1089 2001 1180 2039 Not.
1209 2001 1262 2039 ad
1290 2001 1338 2049 ΙΙ,
1370 2001 1467 2041 487.
1527 1999 1668 2038 Imita-

930 2066 1001 2098 tur
1021 2059 1232 2112 Virgilium
1252 2060 1438 2097 Lucanus
1462 2057 1527 2107 111,
1549 2057 1667 2099 418.:

932 2120 1084 2171 „Saepe
1105 2132 1159 2156 ca
1172 2131 1260 2157 vas
1286 2123 1401 2155 motu
1421 2122 1552 2155 terrae
1570 2129 1667 2154 mu·-

934 2177 1018 2229 gire
1048 2177 1353 2216 cavernas.“
1390 2176 1504 2225 Wr.)
1531 2176 1667 2227 gemi-

934 2244 997 2273 tus
1016 2248 1090 2286 pro
1111 2235 1249 2273 sonitu
1269 2234 1505 2274 resultante.

994 2293 1049 2335 54
1082 2307 1139 2345 sq.
1193 2292 1559 2343 Et-irtzpulerat,
1621 2290 1670 2329 Et

935 2365 1030 2390 sane
1057 2352 1281 2404 impulisset
1308 2351 1495 2389 Laocoon
1523 2349 1668 2388 Troia-

936 2424 1035 2458 nOS‚
1075 2410 1290 2459 effecisset,
1339 2415 1387 2448 ut
1417 2407 1510 2459 equi
1543 2406 1669 2446 latera

936 2468 1227 2520 refringerent,
1275 2474 1376 2520 puta
1415 2466 1545 2505 securi
1590 2465 1669 2504 im-

939 2532 1056 2578 pacta
1079 2533 1154 2565 etc.
1181 2533 1222 2565 et
1240 2526 1434 2565 interiora
1455 2524 1669 2577 aperirent.

940 2584 1170 2633 Enimvero,
1202 2599 1289 2622 eece
1317 2598 1463 2621 manus
1486 2585 1669 2620 iuvenem

940 2648 1015 2680 etc.
1044 2645 1081 2680 si
1095 2643 1200 2693 fata
1232 2642 1352 2679 deum
1384 2655 1463 2678 non
1488 2640 1671 2691 fuissent

939 2699 982 2741 h.
1002 2713 1034 2739 e.
1055 2700 1086 2738 si
1119 2700 1238 2738 fatale
1271 2714 1353 2738 non
1386 2699 1523 2737 suisset
1545 2694 1671 2750 (Αἷσα

938 2755 1016 2812 γὰρ
1063 2752 1118 2811 ἦν
1158 2764 1234 2799 etc,
1284 2757 1429 2809 Odyss.
1469 2761 1523 2806 θ,
1573 2756 1670 2796 511.

940 2815 1121 2865 Quintus
1150 2816 1230 2855 Cal.
1258 2815 1461 2854 Palladem
1490 2813 1674 2853 nominat

939 2874 1038 2924 ΧΠ,
1076 2873 1192 2928 387).
1250 2889 1363 2913 mens
1396 2875 1533 2921 laeva,
1569 2872 1674 2911 stul-

939 2933 1029 2972 titia
1049 2933 1333 2973 Troianorum.
1371 2946 1411 2971 v.
1433 2930 1516 2971 Ecl.
1546 2930 1575 2980 l,
1610 2933 1674 2973 16.
