1827 3436
358 241 762 295 AENEIDOS
800 239 1015 299 LlB.1,
1053 242 1313 287 93—102

1529 245 1595 288 85

97 371 394 438 Sarpedon3
427 369 516 418 ubi
552 376 629 415 tot
657 365 850 415 Simois
884 370 1136 426 conrepta
1174 360 1271 409 sul)
1300 360 1457 408 undis
1499 368 1594 413 100

94 446 246 492 Scuta
275 442 447 488 virum
477 437 756 501 galeasque
791 442 843 482 et
874 431 1030 480 fortia
1065 446 1291 495 corpora
1322 430 1495 480 volvit.

157 509 295 558 Talia
334 507 538 557 iactanti
576 504 802 554 stridens
833 500 1085 568 aquilone
1117 497 1354 565 procella

183 648 248 682 100
271 646 435 692 Sarpeclo
456 643 581 677 Medic.
605 655 624 676 a
645 654 698 686 pr.
720 653 764 674 m.
790 641 873 685 (vid.
893 642 937 673 V.
961 641 999 672 L.
1018 639 1062 672 ad
1084 640 1174 677 vul,
1193 639 1273 673 506.
1304 638 1401 679 th.)
1435 637 1501 671 Sub
1521 650 1593 670 un-

87 694 155 726 das
177 693 236 726 alii
261 705 316 736 ap.
339 696 435 725 Serv.

486 693 631 723 versum
653 689 744 720 hune
772 687 901 731 repetit
929 686 990 719 ins.
1020 687 1110 726 Vffl,
1136 686 1215 719 539.
1249 684 1344 727 &hinc
1363 685 1449 716 illud
1474 686 1594 717 undas

86 738 233 783 petitum
254 739 406 779 videtur,
431 738 501 770 vid.
520 738 562 769 V.
579 737 618 769 L.
648 734 702 767 ad.
724 735 787 766 Ge.
803 734 862 774 lv,
886 740 937 770 4.;
974 733 1094 765 undas
1113 739 1227 763 tamen
1249 731 1375 775 probat
1395 731 1590 763 Weichvrt.

86 786 131 818 de
161 788 282 819 Ver-ss.
314 786 451 818 iniuria
483 783 662 828 suspectis
689 793 766 824 pag.
798 782 875 818 68.;
918 780 1027 812 undis
1066 779 1154 810 bene
1186 777 1343 810 defendit
1372 778 1465 810 Jahn.
1496 779 1588 812 lVr),¹

89 834 151 866 101
177 841 329 878 pectora
352 831 498 864 Oudart.
521 828 643 862 llamb.
665 839 732 860 sec.
752 833 787 859 et
804 826 902 859 Leid.
924 838 987 858 nce
1005 836 1074 857 non
1092 824 1199 857 Goth.
1221 830 1303 856 tert.

85 944 131 975 ut
148 937 359 975 Homerica
380 932 526 984 δεινός,
548 930 672 981 αἰνὸς,
698 929 803 984 οἷπη-

83 991 172 1047 νής.
206 996 295 1041 lelo,
321 993 447 1041 hasta,
469 1006 508 1030 v.
531 991 640 1029 Iliad.
658 1006 691 1042 χ,
710 993 805 1031 319.

84 1054 200 1101 iat-el,
239 1051 368 1103 periit,
397 1056 534 1090 κεῖται.
567 1061 806 1099 quamquam

84 1116 121 1146 et
159 1122 302 1160 corpus
340 1107 523 1145 Hectoris
557 1105 807 1156 sepulturam

83 1166 155 1203 sub
186 1166 393 1204 moenibus
424 1165 532 1202 urbis
561 1162 724 1210 habuit,
766 1175 806 1199 v.

83 1224 192 1261 Iliad.
217 1239 258 1272 ω,
292 1225 394 1270 7863
438 1235 516 1258 non
540 1233 635 1258 vero
657 1222 806 1270 Sarpe—

84 1280 215 1329 donis,
263 1280 329 1330 qui
364 1280 404 1316 in
433 1278 591 1330 Lyciam
624 1277 701 1314 suit
734 1277 806 1313 ab-

83 1338 238 1375 ductus.
272 1337 344 1389 (De
374 1336 579 1387 sepultura
609 1334 708 1371 haec
738 1347 806 1370 ac-

82 1395 259 1446 cipienda
314 1400 428 1445 putat
468 1390 804 1439 Vvunderlichius‚

82 1453 363 1501 Maronemque
392 1451 440 1488 (le
473 1449 713 1500 Sarpedonis
743 1461 805 1484 se-

81 1510 243 1561 pultura
269 1509 384 1545 aliter
403 1507 614 1544 tradidisse
636 1518 804 1557 persua—

82 1581 169 1604 sum
195 1567 334 1612 habet,
367 1578 485 1614 quam
513 1564 732 1601 Homerum
760 1562 802 1600 ll.

79 1640 120 1671 π,
167 1627 261 1665 667.
312 1624 434 1669 Quod
462 1635 534 1659 cur
566 1622 618 1658 ita
645 1626 802 1657 statua-

78 1694 165 1718 mus
184 1711 193 1729 ‚
256 1680 406 1718 nullam
462 1679 580 1716 video
631 1690 801 1714 causam.

81 1739 266 1776 Praesens
289 1740 390 1774 iacet
410 1743 547 1787 aptum
566 1736 605 1772 in
619 1748 662 1772 re
680 1747 799 1786 prae—

78 1796 196 1833 terita
224 1794 406 1846 quidem,
444 1794 513 1830 sed
538 1793 648 1843 quasi
674 1792 800 1829 sensi-

78 1854 152 1890 bus
191 1853 355 1905 propius
386 1850 657 1898 admovenda,
690 1849 799 1899 quod

76 1912 245 1948 maxime
269 1910 340 1957 sst‚-
365 1909 432 1946 ubi
456 1921 591 1946 recens
622 1907 728 1957 viget
759 1907 798 1943 in

76 1969 206 2005 animo
228 1980 363 2005 rerum
389 1966 597 2013 memoria,
628 1970 675 2002 ut
696 1964 798 2000 infra

76 2025 120 2074 ΙΙ,
143 2026 255 2066 275.;
286 2023 384 2072 „Hei
402 2022 511 2071 mihi,
543 2022 668 2072 qualis
691 2023 799 2058 erat!

75 2089 269 2132 quantum
288 2087 466 2118 mutatus
488 2080 535 2116 ab
556 2080 624 2116 illo
645 2079 795 2116 Hecto-

76 2153 139 2187 re,
172 2140 237 2189 qui
267 2139 404 2176 redit
435 2138 599 2175 exuvias
629 2136 795 2173 indutus

77 2196 261 2234 Achilli.“
312 2196 379 2233 ubi
417 2195 498 2233 vid.
529 2193 638 2231 Ialm.
701 2192 794 2230 ibid.

75 2257 195 2295 662:
271 2253 463 2302 „lamque
501 2252 547 2288 ad
583 2252 627 2288 fit
668 2251 794 2287 multo

76 2311 215 2348 Priami
267 2311 314 2348 de
371 2310 559 2359 sanguine
602 2306 794 2358 Pyrrhus,

74 2369 217 2405 Natum
241 2376 332 2405 ante
359 2381 428 2404 ora
457 2367 599 2417 patris,
639 2371 794 2416 patrem

73 2426 138 2475 qui
172 2426 452 2462 obtruncat
483 2424 532 2461 ad
555 2425 681 2460 aras.“
730 2422 794 2470 ΙΙΙ,

74 2483 176 2520 inin:
225 2484 462 2532 „Postquam
496 2495 558 2519 res
599 2480 710 2516 Asiae
738 2502 794 2508 —

74 2547 248 2577 evertere
276 2541 404 2576 visum
428 2539 597 2589 superis,
630 2536 792 2574 cecidit-

73 2610 147 2646 que
178 2598 390 2648 superbum
422 2596 557 2644 llium,
597 2601 636 2632 et
665 2594 792 2630 onmis

73 2653 194 2691 humo
228 2656 381 2692 sumat
412 2653 607 2704 Neptunia
633 2651 791 2689 Troiaf‘

75 2710 173 2747 adde
194 2712 271 2760 Vll,
303 2713 396 2752 363.
428 2711 497 2758 Xl,
533 2713 645 2750 172:
679 2708 792 2758 „Ma-

74 2781 144 2815 gna
187 2775 345 2819 tropaea
379 2769 532 2815 serunt,
569 2781 667 2817 quos
707 2766 791 2803 dat

78 2830 141 2859 tua
172 2825 331 2862 dextera
361 2825 484 2862 leto.“
529 2824 638 2876 ll'r.)
694 2826 790 2860 Sur—

78 2880 202 2929 }›etlon
225 2885 384 2932 ingen-5,
421 2879 629 2932 πελώριος,

136 2940 221 2978 100.
247 2941 335 2979 101.
357 2939 571 2977 Contendit
593 2952 680 2976 rum
702 2938 788 2976 Ho—

865 945 973 969 mero
1010 931 1120 970 Iliad.
1151 947 1191 983 μ,
1227 932 1282 972 22
1322 942 1377 979 sq.
1416 927 1481 968 καὶ
1518 931 1588 967 Σι-

865 987 974 1042 μόεις
1007 985 1080 1029 ὅθι
1111 989 1168 1039 (in
1190 988 1302 1025 euius
1323 984 1475 1038 littore)
1497 991 1588 1025 πολ.-

864 1044 913 1087 λα’
937 1044 1108 1100 βοάγρια
1129 1045 1196 1086 καὶ
1219 1039 1458 1098 τρυφάλειαι
1474 1040 1588 1082 Κάπ-

864 1117 988 1144 πεσον
1017 1103 1060 1144 ἐν
1091 1104 1274 1157 κονίῃσι,
1317 1100 1384 1140 καὶ
1403 1099 1588 1151 ἡμιθέων

863 1161 979 1214 γένος
1028 1157 1204 1212 ἀνδρῶν.
1268 1159 1339 1196 Ins.
1385 1158 1463 1205 XI,
1504 1160 1587 1199 257

870 1220 978 1269 Quos
1001 1220 1145 1255 Simois
1170 1224 1330 1267 premat
1365 1216 1431 1252 ille
1456 1217 1583 1251 viros:

864 1275 971 1326 quod
994 1276 1123 1313 minus
1146 1274 1336 1312 audacter
1353 1272 1506 1309 dictum
1523 1271 1585 1309 vi-

865 1333 950 1371 deri
972 1339 1124 1384 potest,
1153 1344 1272 1382 quam
1307 1330 1418 1367 volvi
1435 1330 1585 1379 flumi-

863 1406 910 1427 ne
930 1389 969 1428 h.
990 1391 1013 1428 l.
1041 1398 1153 1427 scula
1180 1397 1214 1425 et
1231 1389 1387 1438 galeas.
1430 1386 1484 1423 De
1506 1400 1585 1436 quo

865 1447 965 1485 v.ad
989 1450 1079 1488 119.
1142 1445 1303 1496 Egregie
1336 1450 1467 1481 autem
1490 1443 1585 1480 red-

865 1505 948 1542 dita
961 1511 1021 1542 est
1045 1503 1258 1542 Simoentis
1281 1507 1445 1549 natura,
1480 1514 1582 1550 qua-

862 1562 938 1599 lem
951 1575 1035 1599 eam
1058 1560 1191 1599 adhuc
1210 1572 1289 1597 esse
1309 1563 1584 1595 memorarunt

860 1620 887 1657 ii
906 1620 973 1669 qui
995 1619 1094 1656 haee
1112 1619 1198 1655 loca
1224 1616 1424 1654 adierunt.
1462 1615 1583 1652 Prae-

859 1677 908 1713 lia
951 1682 1081 1714 autem
1118 1676 1223 1713 inter
1264 1672 1501 1710 Simoente‘m
1543 1678 1582 1709 et

859 1734 1149 1771 Scamandrum
1188 1733 1305 1770 sacta.
1365 1728 1429 1781 (cs.
1462 1730 1582 1766 Com-

857 1798 979 1829 ment.
1007 1792 1054 1828 cle
1079 1792 1164 1828 acie
1183 1790 1403 1826 Homerica
1426 1800 1464 1838 p.
1488 1787 1580 1827 154.

858 1850 928 1886 To.
954 1849 1004 1886 VI
1039 1849 1269 1885 Commentt.
1299 1846 1387 1882 SOG.
1418 1845 1472 1880 R.
1511 1843 1579 1896 G.)

856 1907 991 1944 Potest
1019 1918 1110 1943 sane
1141 1903 1270 1942 oratio
1301 1902 1415 1939 nimis
1438 1907 1577 1938 ornata

856 1963 982 2001 videri
1015 1976 1064 2000 ex
1098 1962 1252 2000 Aeneae
1282 1972 1472 2011 persona3
1511 1958 1580 1995 sed

854 2021 1074 2059 innumeris
1094 2020 1190 2057 locis
1208 2023 1349 2070 poetae
1371 2029 1459 2053 cum
1481 2016 1580 2066 epici

857 2085 937 2116 tun]
960 2078 1097 2128 tragici
1120 2091 1164 2114 ae
1197 2074 1312 2127 lyrici
1341 2074 1410 2110 sibi
1440 2074 1578 2110 indul-

853 2143 946 2186 gent
973 2136 1013 2173 in
1043 2141 1209 2181 ornatu,
1249 2132 1365 2170 etiam
1393 2130 1460 2168 ubi
1483 2131 1578 2167 alios

854 2195 1060 2243 loquentes
1088 2192 1298 2230 inducunt.
1359 2188 1458 2226 Vide
1484 2202 1522 2225 v,
1545 2201 1576 2225 c.

852 2251 922 2288 ins.
954 2250 1114 2288 Iunonis
1150 2248 1271 2287 verba
1303 2248 1384 2287 229
1419 2259 1501 2295 sqq.
1538 2251 1577 2282 et

854 2308 957 2345 lovis
991 2308 1074 2348 257
1101 2320 1182 2357 sqq.
1214 2316 1342 2354 neque
1371 2302 1469 2350 hoe,
1502 2302 1575 2339 nisi

853 2366 890 2402 in
924 2364 1133 2402 immodica
1164 2363 1362 2415 pigmenta
1386 2366 1576 2397 excurrat

852 2429 994 2474 poeta,
1038 2422 1136 2459 vitio
1170 2420 1301 2467 dabis,
1355 2417 1422 2454 ubi
1457 2417 1575 2454 semel

852 2479 1098 2528 memineris',
1151 2479 1282 2516 [ovem
1314 2481 1353 2512 et
1385 2475 1574 2512 lunonem

853 2551 931 2574 non
964 2537 1157 2588 propriis,
1208 2534 1276 2571 sod
1310 2539 1448 2584 poetae
1478 2545 1573 2569 ver-

850 2595 908 2632 bis
929 2595 998 2631 uti.

911 2650 1146 2692 102—105.
1178 2648 1346 2685 ica-(ansi
1364 2645 1490 2696 simpl.
1511 2645 1573 2681 di-

851 2709 966 2746 centi.
1000 2708 1198 2745 Homerus
1227 2706 1304 2742 Od.
1335 2718 1362 2750 ε,
1395 2705 1475 2743 313
1496 2699 1573 2748 ’Ὡς

850 2764 928 2818 ἄρα
947 2781 1015 2817 μιν
1038 2759 1191 2804 εἰπόντ’
1216 2763 1328 2803 ἔλασε
1347 2758 1445 2812 μέγα
1464 2762 1572 2809 κῦμα

849 2820 939 2862 κατ’
973 2820 1100 2874 ἄκρης
1123 2818 1269 2860 Λεινόν
1294 2812 1567 2867 ἐπεσσύμενον

852 2905 900 2910 -
921 2879 1044 2931 μέσον
1065 2876 1107 2917 ὁέ
1139 2878 1180 2917 οἷ
1199 2875 1310 2917 ἱστόν
1334 2874 1419 2921 ἔαξε
1443 2869 1568 2922 Δεινὴ

848 2935 1098 2991 μισγομένων
1125 2931 1284 2987 ἀνέμων
1302 2933 1478 2974 ἐλθοῦσα
1500 2925 1571 2968 θύ-
