1811 3388
367 210 772 259 AENEmOS
811 211 951 260 ΜΒ.
987 211 1073 274 lv,
1105 216 1394 266 587-596
1545 224 1644 269 693

141 336 297 381 Ferte
324 334 405 381 citi
427 332 690 396 flammas,
730 333 848 383 date
884 335 1006 398 tela,
1046 336 1284 402 inpellite
1305 354 1496 389 remos
1524 372 1589 379 ——

143 401 282 462 Quid
308 401 533 467 loquor?
573 411 661 451 aut
687 402 779 452 ubi
802 411 955 454 sum?
994 408 1141 467 Quae
1170 416 1412 456 mentem
1443 409 1640 459 insania

913 482 1115 525 mutat?
1152 506 1219 513 —-
1541 482 1639 532 595

136 536 322 587 Infelix
339 539 501 589 Dido!
539 557 681 589 nunc
710 550 761 590 te
786 540 918 591 faeta
942 543 1083 610 inpia
1107 551 1361 609 tangunt?

205 623 318 671 594.
349 635 485 669 DATE
526 637 657 671 VELA

226 723 296 757 594
319 725 359 755 1³.
385 736 414 756 c.
437 723 584 768 serrum
618 726 707 759 Gud.
742 738 807 769 pro
841 727 908 760 div.
940 728 1022 761 lect.
1069 729 1156 762 date
1187 730 1261 762 tela
1292 730 1416 764 Medic.
1451 743 1526 764 cum
1559 733 1635 764 aliis

133 767 309 813 plerisque
335 770 454 803 Heius.
480 771 615 804 duobus
651 784 691 804 ex
724 773 831 806 Goth.
868 775 940 807 Eri.
988 775 1135 809 Variant
1170 788 1308 820 quoque
1334 777 1568 811 Grammatici.
1603 792 1633 811 v.

132 815 266 856 Heius.,
292 816 348 859 qui
374 824 469 849 recte
494 817 542 849 nil
567 819 685 852 movit.
735 820 941 863 (Admodum
966 822 1060 854 tenui
1084 823 1183 855 unius
1218 824 1354 867 Menag.
1387 835 1440 867 pr.
1474 824 1633 857 auctori—

132 868 226 903 tate,
252 870 411 905 quantum
437 870 593 907 constat,
618 865 740 898 nititur
764 866 870 899 lectio
896 867 996 907 vz⁷el‹1;
1029 880 1092 901 nec
1117 868 1336 911 mirabimur,
1373 882 1473 914 quum
1509 871 1633 904 admo·

132 907 211 939 dum
236 909 399 952 frequens
423 910 468 942 sit
494 911 575 942 vela
599 912 708 952 dare,
733 919 900 945 mutatum
934 926 1009 946 esse
1043 915 1118 948 tela
1151 916 1192 948 ab
1227 916 1342 960 aliquo
1376 917 1410 948 in
1447 917 1541 950 vela.
1590 920 1632 950 Et

131 954 225 997 quod
252 956 330 987 vela
355 963 467 988 exstat
491 957 582 1000 apud
609 959 777 1002 quosdam
803 960 1071 1002 Grammaticos,
1109 962 1232 994 horum
1265 963 1333 994 fide
1359 963 1481 995 merito
1515 964 1632 1007 potior

130 1000 310 1033 habendus
337 1010 389 1034 est
412 1004 570 1045 Servius,
605 1005 661 1048 qui
697 1006 739 1037 ad
774 1018 822 1039 vs,
855 1008 933 1041 592.
967 1007 1017 1040 ita
1052 1008 1193 1041 scribit:
1228 1010 1340 1049 „Nam
1376 1009 1462 1042 haec
1495 1022 1514 1042 a
1548 1022 1630 1044 sana

129 1054 244 1079 mente
270 1059 337 1080 non
363 1050 574 1093 procedunt,
609 1057 644 1083 ut
670 1051 816 1095 imperet
842 1053 1061 1086 absentibus:
1087 1057 1161 1096 Ite,
1189 1054 1329 1100 ferte
1364 1056 1494 1088 tela.“
1541 1058 1630 1089 Nam

129 1105 215 1137 quae
241 1095 331 1137 apud
359 1096 504 1127 eundem
529 1097 572 1128 ad
598 1109 646 1129 vs.
673 1098 749 1132 595.
775 1098 954 1141 leguntur,
990 1100 1044 1132 his
1077 1102 1270 1143 contraria,
1301 1102 1425 1134 absunt
1458 1103 1499 1135 ab
1535 1105 1628 1135 anti—

128 1140 307 1183 quioribus
342 1141 557 1175 editionibus
621 1144 724 1184 Quod
756 1153 868 1177 aulem
902 1146 1096 1179 Harduinus
1132 1155 1237 1192 negat
1271 1148 1352 1181 vela
1382 1149 1472 1181 dare
1506 1149 1628 1182 Latine

128 1186 216 1225 dici,
240 1187 303 1218 nisi
330 1188 479 1220 addatur
505 1191 642 1230 ventis,
667 1191 790 1222 falsum
817 1198 888 1230 est3
914 1193 957 1225 cf.
985 1196 1067 1226 Aen.
1093 1195 1118 1235 I,
1142 1195 1198 1229 35.
1223 1196 1264 1235 Il,
1291 1195 1390 1236 136.;
1425 1207 1627 1240 quamquam

127 1232 155 1264 is
182 1232 229 1265 ita
256 1233 417 1277 imposuit
442 1237 655 1276 Bumnanno,
688 1244 726 1269 ut
752 1237 807 1270 hic
832 1239 943 1282 promi
969 1246 1099 1272 tantum
1126 1241 1202 1273 vela
1229 1253 1268 1273 ex
1294 1241 1428 1273 horreis
1454 1250 1488 1274 et
1511 1254 1627 1275 arma-

126 1280 304 1310 mentariis
330 1281 448 1312 iubere
473 1282 641 1314 Didonem
669 1283 860 1322 existimet3
885 1286 920 1316 in
945 1297 1011 1329 quo
1038 1286 1198 1320 desidero
1224 1287 1384 1320 iudicium
1405 1288 1469 1320 viri
1491 1288 1626 1321 doctis—

127 1325 212 1357 simi.
263 1327 329 1358 Sed
368 1327 453 1359 illud
488 1327 571 1359 milii
607 1328 705 1370 xide,
738 1329 772 1361 in
809 1331 966 1363 oratione
1003 1333 1270 1366 concitatissima
1305 1346 1405 1378 quam
1437 1334 1625 1378 langueant

125 1370 230 1403 haec:
257 1373 341 1404 date
367 1374 465 1413 vela,
492 1374 636 1418 primum
663 1376 706 1407 ob
733 1376 887 1409 subiecta
912 1378 990 1410 illa:
1016 1379 1182 1424 inpellite
1206 1393 1340 1420 remos3
1376 1387 1447 1412 tum
1481 1381 1558 1424 quia
1587 1381 1624 1415 id

124 1417 235 1461 ipsum
265 1419 344 1450 vela
370 1420 459 1452 dare
487 1433 605 1464 parum
631 1421 735 1454 habet
758 1423 906 1456 roboris.
955 1426 1050 1466 Nec,
1076 1425 1133 1469 qui
1161 1427 1243 1459 vela
1268 1427 1528 1471 praetulerunt,
1554 1428 1623 1460 vim

124 1476 263 1496 sensere
289 1465 463 1507 repetitae
489 1467 593 1499 toties
620 1479 792 1501 consonae
817 1478 849 1508 t,
885 1470 1082 1514 aptissimae
1107 1472 1198 1504 illius
1224 1473 1362 1517 quidem
1386 1473 1430 1506 ad
1454 1473 1538 1506 iram
1571 1475 1622 1507 si-

122 1510 280 1543 milemve
305 1511 408 1544 animi
436 1513 732 1558 perturbatioqem
756 1515 1025 1558 significandam.
1058 1518 1223 1562 Sophocl.
1259 1519 1344 1552 Oed.
1380 1521 1420 1552 R.
1455 1532 1503 1552 vs.
1540 1522 1620 1556 370.

123 1557 177 1589 ed.
202 1558 291 1590 Erfi:
319 1557 484 1601 „zvqszbg
507 1557 556 1592 τά
582 1556 623 1592 τ’
649 1559 750 1603 ω’τα,
786 1559 852 1595 τόν
876 1574 914 1596 τε
945 1564 1061 1606 νοῦν,
1093 1561 1139 1598 τά
1172 1561 1210 1599 τ’
1248 1561 1388 1608 ὄμματ’
1426 1562 1496 1600 εἷ.“
1533 1568 1620 1600 adde

121 1615 255 1635 versum
282 1605 381 1636 Ennii
408 1606 450 1637 ab
477 1613 617 1638 auctore
642 1607 863 1640 Rhetoricor.
890 1610 933 1642 ad
958 1611 1110 1643 Herenn.
1136 1613 1195 1653 IV,
1220 1613 1273 1646 12.
1304 1612 1450 1656 aliisque
1475 1613 1619 1647 servati:

121 1652 171 1690 „0
199 1650 298 1690 Tite,
325 1657 416 1691 tute,
452 1653 553 1693 Tati,
590 1652 656 1684 tibi
690 1660 787 1687 tanta
819 1662 968 1699 tyranne
1002 1657 1148 1690 tulisti.“
1196 1658 1266 1690 Cfr.
1301 1659 1403 1691 etiam
1434 1661 1520 1692 Aen.
1555 1661 1619 1701 IX,

118 1696 194 1730 37.:
220 1699 350 1736 „Ferte
375 1697 436 1729 citi
460 1698 625 1743 ferrum,
660 1700 746 1732 date
781 1702 874 1742 tela,
906 1703 1091 1736 ascendite
1124 1707 1280 1737 murosJ‘
1328 1707 1447 1749 Itaque
1480 1706 1618 1739 restitui

118 1742 202 1774 tela.
231 1743 325 1786 lVr.)
372 1745 566 1789 impendite
596 1757 713 1779 remos
747 1747 845 1780 Leid.
895 1749 1091 1791 (incendite
1124 1752 1155 1785 1.
1197 1752 1292 1794 lVr.)
1386 1751 1455 1787 595
1488 1752 1619 1797 loquar

116 1787 215 1820 Leid.
241 1801 295 1821 un.
345 1789 404 1822 abi
427 1800 514 1823 sant
538 1790 689 1832 zalich„
723 1804 792 1826 non
826 1793 1027 1837 invenuste,
1060 1796 1174 1830 iudice
1209 1798 1319 1830 Burm.
1368 1797 1466 1830 Nihil
1500 1805 1616 1832 tamen

116 1835 161 1867 ad
186 1836 373 1878 vulgatam:
409 1836 469 1869 ubi
499 1838 602 1870 sam?
649 1839 730 1870 Mox
765 1852 858 1884 qaae
889 1854 933 1873 m.
970 1843 993 1877 ι’,
1027 1851 1153 1875 versat
1186 1849 1259 1876 tres
1294 1855 1350 1887 ap.
1381 1845 1516 1884 Burm.,
1546 1857 1615 1878 non

114 1881 222 1920 male3
249 1894 290 1914 ex
317 1882 432 1925 glossa
458 1890 583 1916 tamen.
679 1886 747 1919 596
770 1899 868 1919 nunc
891 1896 927 1919 te
959 1887 1077 1922 Heius.
1111 1896 1226 1922 tuetur
1261 1902 1278 1923 e
1310 1891 1436 1923 Medic.
1470 1891 1615 1935 aliisque

115 1939 188 1960 cum
222 1928 311 1961 Pier.
353 1928 412 1961 alii
445 1942 531 1961 num
564 1939 617 1970 te3
653 1932 756 1964 etiam
791 1933 1013 1967 Grammatici
1048 1947 1103 1979 ap.
1139 1936 1256 1969 Heius.
1304 1949 1389 1969 nam
1424 1937 1612 1971 Clidonius.

114 1975 184 2006 iam
211 1974 296 2019 tes.
322 1976 406 2018 ch.
433 1983 466 2007 et
490 1977 648 2010 Parrhas.
696 1979 805 2010 Porro
830 1978 940 2024 ficeta
966 1982 989 2013 i.
1016 1993 1033 2013 e
1059 1982 1184 2015 Medic.
1225 1984 1443 2027 (quamquam
1475 1983 1504 2016 is
1541 1996 1612 2017 non

113 2020 310 2052 nominatur
344 2021 400 2053 hic
438 2022 480 2053 ab
515 2023 676 2061 Heiusi03
721 2031 815 2056 certe
856 2026 904 2057 ita
943 2033 995 2058 est
1031 2029 1123 2071 apud
1156 2029 1302 2072 Foggin.
1336 2030 1430 2073 Wr.)
1467 2030 1611 2074 aliisque

113 2067 425 2110 praestantioribus
450 2069 601 2112 recepit:
626 2069 740 2112 Vulgo
758 2070 857 2114 fata.
887 2072 948 2115 (ita
973 2073 1080 2106 Palat.
1106 2080 1141 2106 et
1163 2076 1197 2109 9.
1224 2077 1279 2109 11.
1308 2075 1403 2117 171.)
1434 2076 1479 2109 cf.
1513 2078 1608 2116 Not„

114 2113 207 2156 quod
230 2113 318 2145 bene
343 2120 484 2158 poterat
508 2115 655 2159 exponi:
681 2115 770 2160 sata
793 2118 922 2162 impia,
950 2120 1060 2151 fatum
1093 2120 1253 2163 crudele,
1286 2120 1459 2165 iniquum,
1493 2122 1608 2155 infau-

888 2218 1106 2250 strumenta
1130 2214 1239 2262 belli,
1270 2221 1516 2253 monstratur
1541 2216 1605 2254 di-

113 2219 152 2243 se
172 2213 348 2255 accusat,
380 2208 634 2259 imprecatur.
678 2208 828 2246 abscis-

112 2278 158 2300 sa
179 2264 304 2314 simpl.
322 2264 479 2311 evulsa,
519 2264 557 2302 h.
587 2278 617 2302 e.
648 2266 829 2304 evellens.

112 2322 278 2357 illuserit
306 2327 395 2372 post
430 2322 514 2358 Aba.
552 2329 598 2360 ut
636 2322 651 2359 Ι
690 2323 828 2374 Georg.

115 2378 194 2418 157
225 2379 347 2415 Falce
363 2393 517 2428 premes
537 2404 585 2408 —
609 2383 822 2417 νοοαιένιὲς.

110 2434 157 2471 cs.
175 2435 309 2473 Burin.
351 2433 407 2487 (et
434 2437 522 2473 Not.
552 2436 826 2475 Wunderlich.

109 2491 159 2528 ad
190 2492 284 2529 Aen.
317 2492 361 2538 ll,
391 2494 484 2534 581.
519 2492 630 2546 er.)
686 2497 826 2531 nostris

108 2551 261 2598 regnis,
294 2548 411 2598 mihi,
440 2556 640 2600 tamquam
656 2552 822 2601 reginae.

107 2605 234 2643 Illusit
273 2613 404 2644 autem
445 2607 616 2645 discessu
658 2614 746 2646 tuto
783 2614 822 2645 et

107 2662 266 2712 impune
288 2664 388 2701 sacto
417 2670 503 2714 post
530 2671 662 2702 tantas
690 2666 730 2702 in
758 2679 820 2703 me

107 2718 279 2757 iniurias.
347 2736 460 2758 arma
488 2753 495 2767 ‚
559 2722 818 2760 instrumenta

106 2776 258 2812 navalia
282 2783 319 2813 et
338 2776 376 2814 h.
399 2779 422 2817 l.
448 2779 511 2814 alii
541 2781 744 2828 expedivi!
766 2803 818 2808 —

105 2831 167 2867 alii
203 2834 420 2882 deripient,
463 2835 644 2885 rapient,
683 2837 818 2887 rapide

105 2890 284 2926 educent.
346 2888 475 2940 (arma
509 2904 588 2928 esse
620 2892 655 2932 h.
685 2894 708 2930 l.
757 2895 815 2931 ina

887 2269 1064 2308 visione:
1103 2272 1309 2321 expedient
1338 2271 1431 2323 [alii]
1471 2287 1600 2322 arma,

887 2327 964 2363 (ιίιῖ
984 2328 1174 2376 (ίιυ-ῐριέιιι
1190 2343 1326 2366 naves·
1367 2330 1471 2367 Caes.
1491 2330 1535 2368 B.
1555 2331 1601 2369 G.

886 2382 913 2430 I,
941 2385 1000 2424 8.:
1031 2386 1211 2422 Helvetii
1232 2414 1240 2422 .
1261 2415 1268 2422 .
1290 2414 1298 2422 .
1319 2386 1489 2423 navibus
1508 2389 1601 2425 iun—

884 2442 956 2477 clc's
987 2441 1212 2493 ralibusqzae
1238 2443 1504 2492 compluribus
1522 2445 1599 2495 fa-

883 2499 954 2534 ctis
971 2526 980 2544 ‚
1015 2498 1079 2535 alii
1107 2500 1224 2537 vadis
1261 2500 1457 2538 Rhodani
1478 2530 1486 2537 .
1508 2529 1516 2538 .
1536 2531 1543 2538 .
1564 2506 1601 2539 si

877 2568 1130 2605 perrumpere
1186 2565 1349 2606 possent
1371 2587 1381 2604 ,
1446 2561 1592 2596 conati.

884 2612 1019 2651 ΙἈΙᾰ-Ιι.Ι
1049 2634 1104 2641 --
1147 2613 1202 2650 De
1234 2628 1289 2652 vs,
1315 2613 1410 2656 594.
1442 2615 1521 2654 vid.
1550 2616 1595 2654 V.

875 2668 918 2706 L.
953 2670 1017 2708 IV
1016 2667 1065 2722 r.)

933 2782 1026 2823 596.
1064 2783 1156 2823 597.
1198 2783 1321 2820 Variis
1350 2785 1496 2831 modis,
1551 2792 1591 2822 ut

876 2837 1106 2888 plerumque
1123 2841 1167 2877 lit
1186 2840 1225 2877 iu
1239 2841 1442 2879 sententiis
1455 2843 1590 2890 acutis,

876 2894 971 2932 hacc
987 2897 1107 2947 accipi
1126 2904 1292 2948 possunt
1312 2905 1350 2936 et
1375 2901 1482 2935 vario
1500 2912 1587 2936 vum
