1779 3420
144 217 249 268 958
463 211 519 260 P.
557 207 925 261 VIRGILII
973 205 1358 259 MARONIS

147 343 310 406 Isque
339 336 433 387 ubi
470 334 793 384 tendentem
824 334 1109 383 adversum
1145 350 1244 399 per
1280 334 1518 396 gramina
1548 332 1679 381 vidit

147 414 390 471 Aenean,
430 405 611 455 alacris
641 405 845 470 palmas
870 414 1122 470 utrasque
1144 402 1396 463 tetendit3
1576 406 1678 456 685

147 478 478 543 Effusaeque
502 475 651 540 genis
675 475 950 534 lacrimae3
991 483 1044 522 et
1073 490 1173 522 vox
1197 473 1386 523 excidit
1412 489 1532 524 ore:

149 548 356 601 Venisti
380 545 626 607 tandem,
664 554 864 610 tuaque
891 552 1187 608 exspectata
1211 543 1418 609 parenti

149 619 288 671 Vicit
317 619 418 667 iter
440 615 639 665 durum
665 615 868 680 pietas?
908 613 1064 662 datur
1090 629 1182 661 ora
1206 614 1359 674 tueri,

148 694 305 750 Nate,
341 696 458 747 tua,
499 694 552 734 et
577 693 731 733 notas
759 684 943 733 audire
968 692 1021 732 et
1049 682 1285 732 reddere
1319 689 1513 733 voces?

154 760 240 810 Sic
297 755 554 824 equidem
604 753 870 804 ducebam
931 754 1138 818 animo,
1204 753 1473 820 rebarque
1534 751 1682 803 sutu-

945 841 1085 887 rum,
1580 828 1682 874 690

154 902 430 963 Tempora
461 894 839 956 dinumeran53
888 910 990 944 nec
1027 911 1117 944 me
1152 910 1283 961 mea·
1315 909 1439 942 cura
1471 890 1682 944 fefellit.

224 996 339 1042 687.
372 1002 641 1038 SPECTATA

247 1143 317 1177 687
342 1148 556 1187 exspectata
577 1139 813 1184 antiquiorem
833 1151 1003 1185 quemque
1021 1139 1178 1173 codicem
1201 1139 1389 1183 exhibere,
1425 1151 1546 1174 omnes
1564 1140 1682 1174 faten-

153 1197 230 1231 tur3
258 1189 350 1222 adde
373 1190 473 1221 Rom.
498 1194 536 1219 et
553 1187 667 1221 Vatic.
694 1188 818 1230 fragm.
838 1194 895 1228 et,
921 1187 1007 1220 licet
1024 1188 1265 1231 recentiores,
1292 1200 1368 1221 cum
1388 1189 1460 1221 Erf.
1484 1195 1554 1222 tres
1575 1189 1682 1221 Goth.

152 1239 230 1272 Nec
249 1236 355 1269 aliter
380 1235 459 1268 edd.
481 1241 642 1277 veteres,
667 1242 702 1267 et
720 1246 839 1267 omnes
860 1235 1031 1277 Aldinae,
1068 1242 1105 1268 et
1125 1236 1208 1268 inde
1236 1243 1467 1281 propagatae.
1525 1236 1684 1271 Necdum

153 1284 241 1318 mihi
264 1289 424 1323 constat,
450 1282 541 1314 unde
569 1282 709 1326 vulgata
739 1290 908 1328 spectata
939 1282 1087 1316 venerit.
1136 1283 1326 1317 Passeratii
1358 1283 1516 1317 codicem
1546 1295 1611 1328 pro
1643 1295 1683 1315 ea

153 1332 274 1365 laudat
291 1330 463 1363 Guellius.
513 1330 715 1373 Propagata
745 1328 807 1361 illa
838 1335 892 1362 est
919 1342 984 1374 per
1012 1332 1099 1363 Dan.
1128 1330 1266 1364 Heinsii
1295 1331 1388 1373 edd.,
1425 1331 1487 1363 sed
1509 1330 1576 1363 iam
1601 1336 1684 1363 ante

153 1378 190 1412 in
217 1378 298 1412 edd.
316 1376 547 1411 Plautinianis
569 1375 751 1409 Pulmauni
773 1377 936 1410 occurrit.
987 1379 1147 1410 Tuentur
1168 1384 1282 1411 tamen
1308 1390 1382 1411 earn
1401 1378 1468 1410 viri
1489 1377 1595 1420 docti,
1619 1389 1684 1410 nec

154 1425 303 1466 iniuria,
337 1436 413 1457 cum
441 1424 747 1467 grammaticorum
775 1429 811 1455 et
840 1424 1065 1458 librariorum
1092 1426 1186 1458 fraus
1214 1426 1249 1458 in
1278 1425 1451 1458 similibus
1479 1424 1589 1467 locis,
1624 1423 1684 1457 ubi

155 1474 200 1506 de
226 1471 331 1505 metri
351 1471 490 1504 ratione
519 1471 664 1505 solliciti
692 1477 812 1512 erant,
845 1472 1011 1516 frequens
1041 1473 1098 1505 sit.
1148 1474 1408 1517 Interpretatur
1441 1484 1581 1517 quoque
1609 1484 1685 1504 eam

155 1519 316 1554 Servius:
342 1519 513 1562 probata,
551 1526 585 1551 ut
613 1520 703 1558 VIII,
732 1519 797 1553 151
825 1526 861 1550 et
885 1518 996 1553 rebus
1022 1528 1190 1566 spectata
1215 1522 1401 1554 iuventus.
1450 1521 1581 1553 Contra
1607 1521 1685 1566 ipse

155 1566 297 1612 quidem
320 1568 455 1598 Aeneas
487 1572 563 1599 crat
583 1574 816 1612 expectatum
841 1578 960 1599 verum
980 1567 1098 1612 paullo
1120 1567 1240 1600 durius
1253 1569 1376 1613 pietas
1399 1567 1471 1600 eius
1493 1574 1686 1614 expectata

154 1614 292 1647 venisse
315 1613 505 1646 diceretur.
553 1617 618 1654 At,
655 1612 684 1645 si
708 1614 793 1645 vicit
810 1613 889 1654 iter,
915 1613 1213 1647 accommodatius
1238 1623 1419 1661 spectata.
1468 1614 1684 1647 Schraderus

155 1660 192 1694 in
224 1660 422 1693 Emendatt.
452 1672 533 1692 mss.
563 1659 793 1693 conficiebat:
829 1668 986 1705 tuaque,
1020 1670 1230 1707 exspectate
1249 1663 1422 1708 parenti,
1463 1663 1570 1696 Vicit.
1618 1660 1683 1693 Inf-

157 1709 251 1749 VllI,
276 1708 321 1742 37
346 1709 374 1739 Ο
396 1715 476 1740 sate
501 1715 611 1753 gente
639 1707 1037 1754 deunz—-Exspectate
1066 1709 1145 1742 solo
1175 1711 1359 1742 Laurenti
1384 1710 1556 1754 arvisque
1572 1709 1684 1741 Laci-

158 1756 227 1788 πίε.
276 1755 322 1786 Et
342 1766 419 1797 sup.
439 1755 481 1795 ΙΙ,
510 1755 580 1787 282
615 1753 745 1799 quibus
782 1755 921 1787 Ilei-eor
951 1755 995 1788 ab
1026 1758 1100 1789 oris
1130 1759 1352 1802 Exspectate
1380 1758 1492 1790 venis.
1544 1754 1683 1799 (Lectio

157 1802 296 1845 Heynio
318 1801 472 1844 probata
489 1800 608 1843 placet
627 1800 731 1833 etiam
750 1801 933 1845 Lennepio
968 1803 1012 1835 ad
1038 1804 1184 1835 Terent.
1208 1805 1319 1836 Maur.
1346 1816 1380 1847 p.
1414 1803 1495 1837 417.
1527 1801 1685 1836 Servium

157 1856 326 1894 spectata
353 1847 501 1890 legisse,
538 1848 671 1879 frustra
698 1848 941 1888 contenditur3
986 1849 1056 1882 vid.
1082 1849 1225 1882 omnino
1259 1851 1302 1890 Q.
1331 1851 1375 1882 V.
1397 1851 1477 1892 XII,
1504 1849 1559 1884 14.
1612 1849 1684 1881 Nec

159 1895 266 1928 ullum
297 1895 491 1938 productae
521 1894 637 1926 brevis
672 1894 829 1938 syllabae
869 1896 1085 1939 exemplum,
1129 1897 1224 1941 quod
1249 1897 1331 1929 huic
1362 1904 1456 1929 recte
1486 1895 1684 1940 comparari

158 1941 288 1987 possit,
315 1941 410 1984 apud
438 1941 624 1986 Virgilium
650 1940 834 1975 invenitur.
883 1944 1005 1987 Itaque
1033 1944 1251 1976 redeundum
1277 1944 1345 1976 iam
1379 1950 1433 1976 est
1459 1944 1504 1976 ad
1527 1943 1685 1976 codic-um

157 1988 366 2030 lectionem,
405 2000 493 2032 quae
527 1989 610 2021 satis
638 1989 858 2037 commodum
885 1990 1004 2023 fundit
1024 2002 1178 2023 sensum:
1214 1999 1273 2024 tua
1293 1993 1429 2035 pietas,
1464 1991 1582 2035 quod
1608 1990 1685 2022 du-

158 2036 253 2068 dum
279 2047 586 2080 speraveram,
610 2035 693 2068 vicit
711 2036 780 2067 iter
802 2036 936 2069 durum.
985 2039 1028 2070 Et
1049 2038 1275 2071 confirmatur
1294 2038 1382 2071 haec
1408 2038 1516 2071 lectio
1544 2036 1685 2082 egregie

158 2095 224 2127 per
254 2094 498 2127 praegressum
527 2084 687 2116 tandem.
718 2083 812 2126 Wr.)
862 2093 1038 2130 exoptata
1062 2086 1152 2117 Ven.
1202 2086 1421 2130 tandemque
1450 2094 1537 2118 tuae
1554 2097 1685 2128 exspe—

158 2138 261 2163 ctata
281 2142 315 2174 p.
338 2130 530 2163 Comment.
553 2130 679 2173 Cruqu.
700 2130 744 2162 ad
763 2131 887 2164 Horat.
916 2133 929 2164 l
950 2132 1018 2164 od.
1035 2133 1093 2167 23.
1140 2134 1312 2178 parentis
1337 2132 1465 2165 Medic.
1516 2133 1583 2177 (—
1603 2132 1684 2166 689.

159 2185 246 2209 tuas
268 2177 396 2209 Medic.
420 2189 439 2209 a
458 2189 502 2212 m.
526 2190 579 2221 pr.
609 2178 707 2221 lVr.)
806 2179 876 2213 690
893 2180 1054 2212 <mimum
1077 2180 1177 2211 Leid.
1204 2193 1221 2212 a
1248 2193 1292 2214 ni.
1315 2192 1370 2223 pr.
1421 2178 1579 2212 dicebam
1599 2180 1686 2211 ani-

159 2237 215 2256 mo
237 2224 330 2256 coni.
356 2226 578 2257 Heumannus
607 2236 672 2267 pro
703 2225 959 2269 praedicebam.
1010 2226 1080 2260 Sed
1104 2239 1136 2262 v.
1162 2229 1357 2268 Burmann„
1400 2226 1459 2272 qui
1482 2227 1614 2259 ducere
1642 2225 1687 2257 ad

160 2270 314 2303 calculos
347 2278 383 2303 et
405 2271 561 2304 rationes
585 2272 704 2304 refert.
753 2272 969 2318 Simpliciter
989 2274 1155 2306 cha-imas
1174 2275 1315 2316 animo,
1352 2280 1389 2306 ut
1409 2275 1573 2319 agimus,
1600 2274 1685 2317 agi-

161 2326 295 2359 tamus,
322 2316 507 2350 habemus.
603 2320 671 2353 691
694 2320 940 2353 denumerans
966 2333 1018 2364 pr.
1037 2322 1165 2353 Moret.
1221 2324 1470 2366 Temporaqzte
1488 2331 1688 2353 numerans

160 2364 262 2397 alter.
312 2378 564 2398 arzmwnerans
580 2367 719 2410 Menag.
739 2379 792 2411 pr.
842 2376 908 2400 tuci
930 2380 1021 2400 Citra
1039 2371 1156 2412 Sprot.
1205 2369 1275 2401 Sed
1301 2372 1396 2402 Serv.
1425 2381 1504 2400 mea
1523 2379 1624 2407 cura,
1649 2366 1686 2398 id

161 2418 237 2454 est,
263 2423 283 2444 ο
302 2419 348 2444 tu.
398 2413 505 2445 Immo
528 2425 610 2446 vero
634 2420 687 2446 est
709 2426 811 2458 spes,
837 2415 1048 2460 expectatio,
1071 2415 1287 2449 sollicitudo.

160 2528 358 2567 virtutem
381 2543 450 2567 seu
472 2531 578 2569 saeta
603 2530 777 2584 (potius:
808 2533 896 2570 vir·
956 2534 998 2571 in
1027 2533 1170 2572 Medic.
1199 2540 1291 2587 post
1311 2536 1461 2573 alacris
1487 2532 1687 2584 conspici-

161 2593 293 2624 tutem
311 2600 382 2638 per
408 2589 512 2625 sacta
541 2590 896 2640 comprobandam.
957 2598 1038 2629 tur.
1076 2591 1195 2644 HG.)

166 2644 285 2696 lVr.)
323 2646 509 2696 intellige.
582 2648 683 2684 Nam
718 2649 897 2687 ieiunum
1015 2648 1271 2691 687—694.
1310 2651 1406 2686 vicit
1441 2651 1541 2687 iler:
1592 2662 1686 2699 pro:

161 2708 276 2752 esset,
310 2702 359 2740 de
378 2704 498 2741 turba
529 2718 574 2741 ac
597 2718 765 2743 numero
789 2707 896 2744 acci-
955 2707 1085 2744 fecisti
1117 2708 1194 2744 iter
1226 2713 1357 2746 motus
1384 2707 1556 2758 pietate,
1589 2705 1688 2743 mihi

161 2773 267 2813 pere.
319 2759 396 2813 (-
414 2763 509 2803 685.
541 2763 692 2799 alacris
713 2777 762 2800 nc
780 2764 898 2814 iunge
957 2765 1139 2815 probata.
1155 2765 1239 2812 (scd
1264 2779 1338 2817 pro
1359 2774 1542 2816 speclala
1565 2778 1683 2815 repo-

161 2832 253 2856 cum
294 2820 500 2868 palma.s·;
561 2826 670 2857 rccte
711 2821 897 2859 Servius:
956 2822 1079 2860 situm
1100 2823 1179 2859 iam
1204 2829 1262 2861 est
1291 2832 1535 2874 exspeemla.
1573 2823 1687 2871 IVzu)

162 2876 301 2928 „Ipse
323 2877 504 2915 alacris.“
537 2883 584 2915 ut
603 2892 725 2929 supra
740 2879 896 2928 V,3SO.
954 2880 1071 2917 Nunc
1110 2881 1235 2930 pietas
1277 2881 1397 2931 vicit,
1446 2881 1594 2929 effecit,
1642 2886 1689 2918 ut

161 2935 212 2972 Et
234 2933 312 2972 hoc
333 2935 407 2973 sibi
432 2935 523 2975 vult
544 2935 763 2987 distinctio,
795 2949 896 2988 quae
954 2938 1032 2977 iter
1069 2938 1348 2991 ingrederetur
1386 2940 1457 2978 etsi
1496 2938 1689 2978 difficilli-
