1779 3420
91 253 194 301 406
457 241 1273 295 EXCURSUSIV*

59 306 73 321 l

94 379 243 429 suerit,
284 377 445 416 aliunde
478 392 560 416 non
597 376 748 426 liquet,
807 371 884 411 nisi
907 370 1019 422 quod
1053 383 1072 407 e
1106 371 1302 408 Pausania
1336 371 1361 409 l.
1391 384 1425 408 c.
1454 377 1631 422 apparet,

93 439 172 477 iam
195 438 237 475 in
262 437 414 489 Cyprio
442 435 620 474 carmine
640 434 789 471 lectum
813 430 955 479 fuisse,
987 429 1099 480 quod
1119 429 1356 468 Palamedes
1389 436 1633 467 tesserarum

95 496 241 536 ludum
263 495 523 547 excogitarit,
555 499 596 530 et
625 490 747 542 quod,
785 502 878 527 cum
908 488 1108 541 piscatum
1136 488 1265 538 iisset,
1295 487 1448 540 Ulyssis
1475 494 1515 526 et
1538 489 1634 526 Dio-

96 555 224 594 medis
259 554 402 593 fraude
432 554 476 592 in
498 551 609 603 aquis
650 549 856 588 demersus
888 546 1091 585 interiisse
1129 546 1264 585 dictus
1292 546 1365 584 sit:
1418 559 1438 584 e
1469 547 1635 585 seriori-

96 615 173 653 bus
203 620 341 652 tamen
371 610 656 664 scriptoribus,
689 607 720 645 si
749 611 976 644 commenta
1008 618 1150 643 eorum
1179 605 1424 653 detraxeris,
1455 605 1551 643 satis
1570 620 1636 643 as—

98 673 210 724 sequi
245 684 483 724 possumus,
530 668 573 706 in
601 666 670 704 illo
702 664 879 703 carmine
907 664 999 702 odia
1034 663 1144 702 inter
1173 664 1357 716 Ulyssem
1388 669 1426 700 et
1453 664 1638 701 Palame-

100 732 193 771 dem
233 730 401 782 agitata,
442 726 686 776 insidiasque
716 722 811 762 huic
842 723 892 760 ab
919 723 998 761 isto
1037 723 1188 773 factas,
1228 729 1319 761 tum
1349 722 1489 760 sollers
1520 723 1639 761 Pala·

99 788 227 829 medis
262 788 465 840 ingenium
513 791 553 823 et
598 796 796 821 summam
832 795 883 819 ex
917 795 1058 820 rerum
1094 795 1172 820 usu
1215 780 1476 834 prudentiam
1518 781 1640 819 fuisse

101 847 398 887 adumbratam.
467 843 548 881 Nec
574 841 725 881 mirum
758 840 858 879 adeo
893 840 934 879 in
965 839 1181 879 rhetoricis
1221 839 1382 891 scriptis
1417 838 1521 878 nihil
1558 840 1638 877 tri—

106 907 188 946 tius
219 918 301 943 esse
333 902 554 943 Palamedis
584 899 840 951 integritate,
879 898 1031 938 iniusta
1066 912 1183 947 nece,
1225 904 1265 936 et
1295 897 1446 949 Ulyssis
1477 897 1640 936 fraude:

101 979 141 1004 v.
175 979 206 1003 c.
240 964 357 1003 Dion.
390 960 532 1014 Chrys,
565 959 634 998 Or.
669 958 777 1007 XIII,
809 972 846 1011 p.
881 957 966 999 428
998 957 1060 996 ed.
1085 957 1219 996 Reisk.
1252 958 1322 995 Or.
1341 957 1444 1007 LIX,
1475 971 1514 1009 p.
1543 958 1640 998 360.

103 1023 344 1062 Involarunt
375 1026 468 1074 post
497 1018 601 1058 haec
629 1018 671 1056 in
704 1022 990 1068 argumentum
1022 1016 1177 1068 Tragici
1204 1015 1424 1069 Sophocles
1455 1021 1493 1053 et
1521 1015 1642 1053 Euri—

102 1082 237 1134 pides,
269 1080 333 1119 ille
364 1078 528 1131 quidem
564 1091 647 1115 non
682 1075 805 1114 modo
838 1075 974 1114 sabula
1010 1074 1241 1124 Palamede,
1273 1087 1438 1122 verum,
1475 1080 1523 1112 ut
1542 1087 1642 1125 pro-

101 1140 232 1178 babile
263 1138 332 1187 fit,
364 1151 438 1176 nec
469 1138 602 1175 minus
632 1137 675 1173 in
708 1134 861 1186 duplici
893 1134 1090 1186 Nauplio,
1119 1133 1190 1171 sed
1222 1133 1352 1171 multo
1384 1132 1530 1171 clarior
1564 1132 1643 1170 suit

103 1197 333 1237 Palamedes
364 1194 590 1247 Euripidis,
635 1194 751 1232 cuius
783 1194 1005 1245 fragmenta
1035 1192 1232 1231 nonnulla
1261 1190 1480 1241 habemus,
1530 1197 1571 1229 et
1601 1191 1642 1229 in

102 1257 165 1295 his
197 1255 449 1294 notissimum
472 1253 594 1292 illud:
626 1247 796 1301 {mimz-⁹,
830 1248 992 1292 ἐκάνετε
1022 1248 1100 1292 τᾶν
1130 1247 1367 1302 πάνσοφον,
1403 1244 1436 1290 ὦ
1467 1249 1642 1299 Δαναοὶ,

107 1313 183 1355 τὰν
215 1310 358 1354 οὐδέν’
404 1308 664 1366 ἀλγύνουσαν
702 1306 879 1363 Ἀηδόνα
922 1312 1117 1351 Μουσᾶν.
1180 1310 1292 1348 Neci
1329 1309 1522 1357 dedistis,
1567 1308 1640 1355 all,

104 1374 194 1411 neci
224 1373 505 1410 doctissimam
522 1401 532 1420 ,
576 1371 752 1417 1)(ιηαί,
808 1370 1080 1417 innocentem,
1126 1369 1351 1416 musicam,
1397 1368 1641 1412 luscc'niam;

106 1431 217 1482 quod
262 1431 302 1468 in
345 1432 554 1468 Socratem
595 1442 761 1467 versum
794 1434 853 1465 est
884 1441 903 1464 a
938 1427 1258 1478 spectatoribUS,
1301 1440 1392 1464 cum
1437 1432 1531 1477 post
1562 1426 1645 1463 eius

106 1503 243 1528 necem
277 1489 319 1526 in
351 1502 510 1526 scenam
541 1492 732 1526 revocata
764 1486 903 1524 suisset
935 1485 1003 1522 illa
1033 1485 1166 1524 fabula
1201 1484 1257 1536 (v.
1280 1484 1319 1522 in
1340 1485 1480 1534 fragm.
1507 1484 1644 1536 Eurip.

107 1555 148 1586 et
178 1548 221 1585 in
255 1547 432 1585 Diatribe
463 1545 612 1600 Va}k.).
675 1545 888 1583 Intellecta
928 1542 1040 1582 haud
1074 1544 1238 1582 difficile
1269 1549 1350 1592 est,
1393 1543 1646 1581 Palamedem

107 1620 157 1644 ex
198 1607 445 1657 tragicorum
487 1605 653 1643 invento
697 1602 933 1641 sustinuisse
972 1615 1185 1654 personam
1227 1601 1349 1639 modo
1393 1601 1646 1653 imperatoris

108 1665 282 1703 sollertis
314 1670 353 1702 et
385 1663 562 1713 strenui,
602 1663 722 1700 iuxta
764 1661 892 1713 posita
923 1661 1235 1713 Agamemnonis
1267 1660 1455 1712 superbia
1497 1666 1537 1697 et
1573 1673 1647 1698 cu—

110 1723 302 1776 piditate,
336 1721 393 1775 (v.
428 1722 540 1759 Plato
575 1721 624 1759 de
656 1722 755 1772 Rep.
788 1720 874 1769 VII,
905 1733 944 1772 p.
978 1722 1062 1762 522
1083 1720 1132 1770 l))
1163 1718 1286 1757 modo
1309 1719 1385 1757 viri
1406 1719 1515 1767 iusti,
1547 1732 1647 1755 con—

109 1781 276 1830 stantis,
320 1781 530 1832 sapientis,
582 1792 702 1831 quem
738 1779 844 1818 cives
879 1778 1020 1816 iniusti
1062 1784 1102 1816 et
1140 1777 1287 1829 ingrati
1326 1791 1402 1828 pro
1444 1776 1647 1814 beneficiis

111 1839 286 1891 acceptis
318 1839 466 1877 iniuria
495 1845 534 1876 et
563 1838 842 1877 maledicentia
878 1843 1193 1888 persequuntur.
1256 1835 1320 1874 Ad
1350 1835 1470 1873 talem
1504 1848 1646 1887 perso-

112 1912 203 1936 nam
249 1897 429 1935 alludere
470 1903 570 1950 puto
612 1895 930 1948 Xenophontem
973 1895 1023 1934 de
1069 1901 1205 1934 venat.
1245 1895 1274 1943 I,
1319 1897 1384 1943 11,
1430 1894 1498 1932 ubi
1531 1893 1647 1942 ultio,

113 1970 215 2008 quae
246 1957 280 1994 ei
311 1970 333 1992 a
374 1955 449 1993 diis
480 1955 691 2007 contigisse
723 1954 898 2004 dicitur,
930 1953 1096 2006 respicit
1126 1953 1288 2005 Nauplii
1319 1952 1505 1990 consiliat
1547 1965 1649 2003 quae

113 2015 294 2067 exposita
326 2014 483 2053 videbis
514 2028 554 2054 v.
588 2028 622 2052 c,
655 2013 765 2066 apud
796 2012 929 2051 Schol.
959 2011 1160 2065 Lycophr.
1185 2014 1281 2053 384.
1323 2011 1437 2050 Conf.
1460 2009 1648 2063 Xenopli.

112 2074 231 2111 Mem.
267 2075 305 2111 S.
338 2072 403 2122 IV,
435 2075 475 2121 2,
517 2075 586 2114 33.
629 2072 745 2124 Apol.
778 2073 888 2110 Socr.
931 2086 960 2110 s.
993 2074 1061 2114 26.
1122 2071 1212 2110 Pari
1250 2069 1374 2108 modo
1414 2070 1574 2123 Ulysses
1608 2069 1649 2106 in

113 2132 293 2183 Tragicis
324 2144 537 2183 personam
566 2131 705 2169 induit
737 2130 943 2182 demagogi
964 2129 1197 2181 perniciosis
1229 2129 1380 2167 artibus
1412 2129 1651 2181 popularem

115 2204 259 2229 auram
293 2190 506 2242 captantis.
566 2188 835 2242 Amphionem
866 2189 907 2227 in
939 2188 1113 2241 Antiope
1143 2188 1355 2240 Euripides
1394 2187 1437 2225 in
1466 2186 1650 2240 philoso—

114 2248 242 2302 phum
285 2247 429 2286 studiis
472 2254 510 2285 et
552 2248 636 2286 otio
667 2247 867 2286 litterario
903 2247 1135 2297 addictum,
1170 2247 1441 2299 Hippolytum
1472 2245 1579 2284 idem
1607 2245 1650 2283 in

118 2308 339 2359 sapientem
370 2306 672 2359 Pythagoreum
703 2306 1079 2344 transformaverat.

235 2422 331 2459 Inde
363 2421 575 2473 Sophistae
606 2422 829 2460 Palamedis
860 2435 1041 2458 caussam
1074 2422 1123 2458 ab
1145 2421 1284 2472 Ulyssc
1316 2420 1557 2471 proditionis
1583 2433 1652 2456 ac—

119 2481 270 2528 cusati,
301 2480 446 2531 ingenii
468 2480 720 2528 ostentandi,
752 2487 842 2518 tum
875 2479 1060 2517 rhetores
1091 2478 1338 2516 exercitandi
1369 2491 1519 2526 caussa,
1552 2491 1651 2529 pro-

118 2551 307 2589 posuere:
358 2537 517 2575 Scilicet
546 2552 660 2582 cum,
701 2544 749 2575 ut
786 2538 829 2575 in
860 2537 1008 2575 iudicio
1040 2550 1247 2575 armorum
1286 2536 1393 2574 inter
1423 2534 1582 2573 Aiacem
1615 2542 1654 2573 et

119 2596 322 2647 Ulyssem,
363 2595 421 2632 ita
451 2595 493 2632 in
523 2595 601 2633 hac
631 2595 852 2633 Palamedis
895 2609 1033 2633 caussa
1076 2594 1285 2632 materiam
1315 2594 1503 2632 idoneam
1534 2594 1653 2633 vide-

119 2659 213 2693 rent
251 2653 303 2691 ad
341 2660 576 2701 argumenta
618 2653 794 2691 eruenda
837 2658 877 2689 et
914 2653 1155 2702 refellenda,
1205 2652 1252 2690 cs.
1289 2652 1368 2691 Cic.
1407 2652 1544 2704 Topic.
1583 2656 1653 2703 20,

122 2726 150 2749 s.
183 2714 250 2752 76.
284 2711 336 2748 ad
367 2712 543 2749 Herenn.
575 2712 622 2759 II,
660 2714 724 2752 19.
785 2711 909 2747 Extat
949 2710 1022 2748 sub
1052 2710 1357 2748 Alcidamcmlis
1387 2711 1552 2749 nomine
1584 2725 1654 2749 ac—

122 2770 276 2807 cusatio
319 2769 563 2818 Palamedis,
631 2766 734 2808 κατά
777 2765 1059 2821 ,Παλαμήδους
1101 2769 1346 2821 προδοσίας,
1403 2782 1506 2820 quae
1552 2770 1655 2808 nihil

121 2827 246 2866 habet
283 2828 562 2876 memorabile,
605 2833 889 2880 praeterquam
921 2827 1053 2877 quod,
1095 2833 1142 2865 ut
1172 2826 1376 2880 suspiocr,
1415 2841 1555 2866 rerum
1586 2843 1654 2866 ar-

123 2892 313 2938 gumenta
343 2898 394 2923 ex
425 2886 603 2924 carmine
642 2885 791 2938 Cyprio
824 2884 1067 2923 adumbrata
1107 2891 1224 2934 sunt3
1267 2884 1437 2924 ductum
1476 2893 1534 2925 est
1573 2887 1656 2926 cri-

122 2958 217 2983 men
250 2959 271 2981 a
314 2944 455 2996 sagitta
486 2945 677 2994 inventa,
718 2944 760 2981 in
793 2943 906 2981 cuius
938 2944 1139 2982 arundine
1179 2944 1359 2982 latebant
1388 2945 1548 2985 litterae
1579 2945 1657 2983 Pa-

122 3004 243 3042 ridis:
276 3003 433 3041 crimini
473 3003 593 3041 etiam
628 3002 710 3040 hoc
740 3001 885 3051 datur,
927 3003 1037 3054 quod
1076 3002 1248 3054 clipeum
1284 3002 1462 3043 tridente
1488 3004 1658 3056 insigni-
