1811 3388
407 223 819 275 AENEIDOS
857 229 994 280 LIB.
1034 234 1120 296 VI,
1159 240 1443 295 774—781
1576 257 1673 304 977

171 345 312 394 Haec
348 355 462 396 tum
493 351 711 400 nomina
748 364 928 418 erunt,
986 372 1127 407 nunc
1160 372 1282 411 sunt
1314 368 1424 418 sine
1456 380 1670 430 nomine

954 433 1139 477 terrae.

170 483 311 543 Quin
336 492 388 532 et
410 502 505 535 avo
531 491 785 540 comitem
808 509 922 543 sese
948 498 1237 548 Mavortius
1262 503 1423 554 addet

122 589 125 592 >
167 553 456 617 Romulus3
490 561 719 609 Assaraci
746 580 907 628 quem
931 569 1196 630 sanguinis
1216 570 1306 621 Ilia
1326 585 1498 627 mater

166 621 385 674 Educet.
469 628 668 693 Viden,
728 641 788 680 ut
842 636 1086 698 geminae
1145 648 1283 690 stant
1330 647 1525 699 vertice
1576 655 1671 703 cri-

948 714 1056 754 stae

163 763 228 810 Et
250 771 402 828 pater
425 766 536 831 ipse
566 784 662 817 suo
695 785 950 838 superum
973 747 1075 824 iani
1097 777 1263 842 signat
1282 779 1528 838 honore?
1569 727 1672 776 780

231 860 346 907 780.
384 860 581 908 VIDEN’
621 877 689 910 UT

253 995 323 1030 777
346 1008 413 1029 nec
437 1006 526 1030 sanc
550 999 640 1034 alter
665 1003 816 1048 Menag.‚
840 1006 940 1040 male.
990 1020 1017 1040 s.
1045 1021 1081 1042 n.
1104 1020 1236 1056 gentes
1259 1014 1384 1048 Medic.
1419 1029 1438 1050 a
1463 1031 1507 1053 m.
1533 1032 1600 1064 pr„
1635 1032 1668 1057 et

160 1041 209 1073 sic
230 1041 357 1083 Colot.,
383 1044 476 1088 quod
502 1047 631 1090 probat
657 1050 790 1092 Heius„
817 1053 975 1098 equidem
1000 1055 1267 1099 improbandum
1293 1073 1418 1096 censeo
1438 1066 1493 1098 vel
1510 1069 1666 1103 maxime.

159 1088 262 1130 Nam,
287 1089 435 1134 primum
461 1099 582 1126 terrae
618 1096 721 1130 docte
754 1100 868 1141 poetis
904 1110 1100 1144 ponuntur,
1138 1105 1195 1137 ubi
1232 1107 1381 1151 vulgaris
1409 1112 1520 1145 oratio
1545 1124 1666 1158 gentes

158 1135 335 1179 postulat3
361 1144 431 1169 tum
456 1150 500 1170 ne
524 1149 656 1185 gentes
680 1144 818 1188 quidem
842 1154 936 1180 reete
962 1148 997 1182 h.
1023 1149 1048 1182 l.
1075 1150 1296 1193 dicerentur;
1332 1167 1402 1189 non
1428 1159 1517 1192 enim
1542 1164 1665 1207 populi

158 1182 221 1214 sed
246 1183 347 1216 urbes
374 1192 555 1219 enarratae
579 1188 734 1231 fuerunt;
761 1199 795 1224 et
820 1193 874 1226 his
900 1194 989 1227 bene
1013 1198 1228 1242 respondent
1253 1209 1398 1244 terrae,
1437 1205 1560 1249 quibus
1596 1210 1666 1242 ali-

159 1230 296 1273 quando
322 1230 554 1275 imponentur.
605 1236 765 1280 (gentes,
807 1252 895 1284 quae
930 1248 982 1274 est
1007 1244 1105 1287 prior
1126 1246 1274 1280 Medicei
1304 1247 1433 1291 lectio,
1466 1252 1496 1284 si
1529 1266 1662 1289 sensum

157 1284 373 1319 spectamuS,
397 1286 492 1311 recte
516 1283 650 1324 poterit
676 1284 839 1327 defendi3
882 1288 943 1320 sed
969 1301 1072 1333 quum
1105 1290 1139 1323 in
1166 1294 1289 1327 eodem
1314 1295 1357 1327 ab
1396 1298 1536 1343 antiqua
1561 1314 1661 1335 manu

157 1324 433 1368 superscriptum
459 1326 502 1358 sit
536 1335 676 1372 terrae,
720 1333 816 1365 nolui
841 1333 927 1366 illud
962 1347 1002 1368 ex
1027 1337 1126 1370 unius
1158 1338 1258 1373 huius
1285 1342 1414 1375 codicis
1438 1344 1570 1380 incerta
1594 1349 1662 1382 fide

156 1370 336 1414 recipereg,
360 1384 438 1405 nam
464 1374 681 1409 Colotianum
707 1385 742 1410 et
768 1381 960 1414 Mediceum
987 1383 1086 1416 unius
1111 1385 1211 1419 testis
1236 1387 1347 1422 instar
1372 1401 1447 1423 esse
1472 1405 1577 1438 saepe
1595 1396 1661 1428 iam

155 1416 313 1451 vidimus.
369 1420 418 1450 Ex
451 1431 517 1452 uno
553 1430 737 1466 praeterea
772 1428 849 1460 cod.
885 1429 917 1462 8.
950 1429 1042 1463 Edit.
1078 1431 1196 1466 Vinar.
1231 1436 1333 1470 1826.
1359 1439 1506 1472 numine
1534 1450 1663 1485 gentes

155 1463 272 1496 afferri
297 1465 413 1499 video.
443 1467 539 1510 lVr.)
617 1471 685 1505 778
711 1474 922 1507 Mat-ertias
945 1477 1050 1510 Witt.
1099 1490 1178 1511 sese
1201 1481 1322 1524 addet,
1348 1490 1386 1515 ut
1409 1495 1498 1518 nunc
1519 1486 1659 1531 legitur,

155 1511 243 1543 erit:
269 1523 335 1544 una
361 1525 435 1545 cum
460 1513 538 1556 ipso
565 1513 600 1547 l'n
623 1516 728 1550 vitam
753 1521 923 1564 prodibit,
964 1534 1026 1555 suo
1051 1524 1186 1558 scilicet
1218 1533 1388 1573 tempore.
1435 1533 1504 1565 Sed
1538 1535 1659 1568 melius

154 1564 240 1600 puto
266 1558 354 1602 legi:
391 1561 513 1600 addim
548 1572 614 1595 una
647 1576 722 1597 cum
756 1573 858 1610 patre
882 1568 1067 1603 incedebat
1092 1571 1203 1605 anima
1227 1574 1376 1609 Romuli,
1412 1578 1455 1611 cf.
1485 1580 1562 1614 754.
1592 1583 1658 1617 755

155 1610 190 1636 et
220 1604 280 1637 ins.
310 1606 388 1640 864.
438 1608 479 1640 Et
510 1614 563 1640 est
592 1610 648 1642 ed.
682 1613 782 1654 Ven„
814 1626 903 1659 quae
929 1615 997 1649 hoc
1025 1617 1201 1652 exhibeat.
1245 1621 1364 1662 (addit
1391 1624 1493 1657 etiam
1519 1627 1597 1660 cod.
1625 1631 1657 1663 7.

152 1651 245 1684 Edit.
268 1652 387 1685 Vinar.
408 1654 529 1692 182623
554 1656 617 1688 sed
644 1659 792 1702 probum
818 1662 948 1703 addet5
983 1662 1052 1697 vid.
1079 1677 1167 1710 quae
1200 1667 1324 1711 scripsi
1349 1670 1384 1702 in
1406 1671 1447 1704 V.
1476 1673 1516 1705 L.
1544 1674 1587 1706 ad
1609 1687 1656 1708 vs.

152 1698 243 1738 772,
270 1699 360 1732 unde
382 1700 486 1733 etiam
505 1701 704 1747 intelliges,
738 1718 809 1739 non
830 1720 926 1749 esse,
961 1711 1071 1753 quod,
1108 1712 1278 1746 Merulam
1299 1716 1343 1748 ad
1361 1716 1508 1751 Ennium
1525 1732 1558 1764 p.
1577 1722 1657 1756 251.

151 1746 281 1786 secuti,
306 1748 388 1779 avis
414 1759 478 1790 pro
511 1761 582 1782 avo
610 1752 830 1786 scribendum
863 1755 1108 1790 existimemus.
1153 1760 1248 1803 er.)
1297 1762 1519 1808 Transpositi
1549 1779 1655 1811 porro

152 1803 271 1824 versus
291 1793 359 1828 778
382 1800 418 1826 et
437 1795 505 1829 777
518 1795 552 1828 in
565 1797 672 1831 Goth.
696 1811 748 1843 pr.
771 1806 807 1832 et
824 1807 904 1835 tert.
963 1804 1044 1840 780.
1061 1806 1125 1839 781
1148 1814 1248 1839 stent
1266 1809 1366 1842 multi
1385 1810 1488 1844 codd.
1510 1818 1545 1845 et
1565 1814 1656 1854 edd„

151 1839 244 1883 quod
277 1847 371 1873 recte
393 1840 547 1875 deseruit
578 1844 668 1878 Pier.
696 1853 732 1878 et
755 1858 835 1880 mox
861 1851 993 1894 signet.
1027 1850 1110 1894 (hoc
1137 1852 1242 1886 etiam
1270 1854 1305 1887 in
1324 1857 1358 1891 ὁ.
1386 1859 1441 1893 10.
1474 1860 1530 1894 11.
1562 1863 1655 1905 lVr.)

149 1962 212 1995 ter
255 1959 415 1996 nomina
446 1962 686 2012 populorum
723 1966 874 2005 foederi

148 2014 444 2067 adscriptorum
485 2020 593 2069 apud
627 2021 789 2074 Dionys.
827 2025 874 2074 V,

148 2075 198 2114 61
222 2070 514 2126 Βουβεντεὶνων
530 2088 538 2097 ·
579 2085 675 2116 sunt
701 2082 871 2131 Πωμεν-

146 2134 271 2179 τῖνοι,
323 2128 494 2185 Κόρνων
536 2148 610 2185 pro
654 2134 870 2189 Κορᾶνων.

150 2187 335 2226 Castrum
357 2191 454 2227 snm·
465 2220 474 2238 ,
509 2192 576 2241 qui
597 2193 768 2244 antiquis
786 2196 869 2232 Ita-

144 2245 190 2282 lis
222 2246 328 2284 inter
360 2247 519 2286 Faunos
549 2256 589 2287 et
614 2251 736 2289 Panes
769 2260 867 2303 erat,

144 2303 217 2341 etsi
252 2304 294 2341 in
335 2305 496 2343 Rutulis
537 2307 683 2357 situm,
731 2314 867 2349 tamen

142 2361 375 2399 Latinorum
406 2363 483 2401 suit
515 2365 668 2402 colonia
687 2367 751 2404 vel
772 2368 865 2405 Vir-

141 2418 232 2469 gilio
253 2425 374 2469 teste3
406 2427 452 2458 ut
473 2421 590 2459 etiam
613 2424 760 2470 Rome,
784 2424 863 2463 Ae-

142 2489 314 2526 quorum
338 2478 540 2528 oppidum.
601 2482 703 2519 Sunt
727 2482 866 2521 Bolani

141 2534 263 2571 etian'i
298 2535 449 2572 foederi
478 2537 713 2576 Latinorum
744 2541 864 2579 modo

140 2598 359 2629 memorato
387 2593 574 2646 adscripti
606 2610 666 2647 ap.
702 2597 863 2649 DionyS.

139 2648 163 2687 l.
193 2663 224 2687 c.
267 2648 380 2687 Adde
399 2651 531 2689 locum
553 2653 721 2691 Victoris
742 2669 863 2706 supra

140 2706 363 2746 laudatum.
424 2708 525 2746 Male
559 2711 742 2749 Castrum
769 2715 865 2750 Inui

138 2763 189 2800 ad
219 2764 402 2802 Castrum
437 2781 610 2817 novum,
641 2783 723 2807 non
751 2771 864 2821 longe

137 2834 158 2857 a
178 2821 347 2859 Centum
377 2823 482 2861 cellis
504 2825 555 2862 ad
581 2839 709 2875 mare,
740 2841 863 2867 revo-

135 2879 240 2917 cavit
287 2880 449 2918 Servius
484 2888 521 2919 et
555 2883 632 2921 viri
664 2885 773 2924 docti
810 2887 861 2924 ad

133 2936 256 2974 Rutil.
278 2936 306 2985 Ι,
338 2940 422 2978 227
443 2952 499 2988 sq.

201 3006 409 3057 Vfflen..
448 3006 588 3055 TOM.
616 3008 675 3057 II.

1047 1972 1298 2014 778—781.
1347 1988 1424 2012 avo
1471 1979 1652 2016 comitem

931 2040 1012 2063 sese
1033 2028 1153 2066 addet
1162 2043 1181 2074 ;
1209 2030 1429 2069 secundum
1451 2034 1651 2073 Servium:

930 2085 1039 2120 avito
1062 2098 1143 2122 sese
1177 2088 1316 2137 iunget
1335 2089 1521 2140 imperio,
1554 2091 1592 2130 h.
1618 2106 1648 2131 e.

929 2154 1009 2177 una
1050 2154 1141 2179 cum
1168 2156 1243 2181 avo
1274 2146 1475 2195 regnabit,
1523 2149 1650 2187 donec

928 2198 1096 2236 Romam
1131 2200 1290 2239 condet.
1359 2204 1438 2241 Sed
1464 2205 1535 2242 vix
1572 2205 1648 2245 hoc

926 2254 1116 2305 loquendi
1134 2271 1230 2296 usus
1256 2259 1351 2296 fert:
1382 2261 1542 2300 Sociam
1568 2266 1647 2302 sal-

926 2318 1006 2349 tem
1049 2313 1224 2353 dixisset.
1288 2315 1369 2355 vid.
1406 2318 1498 2357 Var.
1541 2321 1645 2360 Lect.

924 2368 1125 2421 (Rectius,
1162 2379 1260 2424 puto
1273 2403 1283 2421 ‚
1324 2372 1423 2412 haec
1442 2376 1647 2429 interpre-

922 2433 1031 2466 tatus
1060 2443 1146 2468 sunl
1180 2432 1221 2468 in
1254 2430 1298 2468 V.
1325 2431 1366 2470 L.
1396 2433 1447 2470 ad
1470 2448 1526 2473 vs.
1550 2439 1644 2478 772.

929 2485 1047 2537 IVJ.)
1109 2490 1202 2530 779.
1242 2500 1359 2538 quem
1389 2485 1498 2528 Rhea
1525 2493 1645 2531 Silvia

925 2542 1096 2581 Troiana
1141 2546 1261 2596 stirpe
1311 2546 1481 2585 oriunda
1522 2558 1644 2600 partu

924 2598 1026 2638 edet.
1085 2604 1284 2641 Assaraci
1306 2617 1343 2642 v.
1374 2618 1460 2657 sup.
1488 2607 1514 2654 1,
1547 2609 1640 2649 284.

927 2655 1171 2709 (Assaracus
1192 2663 1382 2711 sanguis,
1412 2677 1504 2701 nam
1531 2666 1640 2702 adie-

924 2715 1027 2753 ctive
1051 2716 1203 2756 dictum
1236 2717 1405 2770 accipio,
1448 2727 1494 2759 ut
1514 2724 1638 2758 Pom—

919 2774 1047 2822 pilius
1075 2779 1245 2825 sanguis
1287 2777 1394 2827 apud
1423 2777 1561 2816 Horat.
1594 2780 1637 2816 A.

921 2830 961 2868 P.
985 2833 1080 2872 292.
1107 2832 1221 2886 lVr.)
1271 2835 1426 2882 educet,
1458 2840 1501 2871 ut
1518 2836 1636 2873 modo

919 2901 958 2925 v.
984 2889 1078 2937 765,
1111 2904 1200 2928 cum
1233 2890 1394 2927 deberet
1423 2903 1524 2928 esse:
1564 2906 1637 2942 pa—

917 2945 1004 2983 riet.
1075 2949 1170 2988 780.
1211 2947 1269 2985 En
1299 2947 1525 2987 bellicosum
1564 2950 1636 2987 viri

1292 3015 1358 3059 62
