1811 3388
378 224 789 275 AENEIDos
827 224 967 273 ΜΒ.
1003 225 1092 286 lv,
1130 228 1424 276 568—586

1565 235 1659 280 691

157 352 405 417 Quisquis
437 366 512 410 es,
553 348 891 414 imperioque
921 349 1116 398 iterum
1150 365 1400 414 paremus
1434 361 1663 405 ovantes,

153 421 304 471 Adsis
327 437 374 481 o,
412 418 757 484 placidusque
781 419 951 480 iuves,

584 488 747 548 Dixit3
784 488 1077 554 vaginaque
1106 488 1260 554 eripit
1292 505 1477 538 ensem

151 558 517 620 Fulmineum,
559 559 849 623 strictoque
871 557 994 606 ferit
1020 558 1307 607 retinacula
1327 557 1488 610 ferro,

151 493 341 540 Dextra
360 487 511 539 feraS.

1000 426 1052 467 et
1082 419 1253 468 sidera
1279 418 1431 468 coelo

1561 562 1662 612 580

149 627 302 677 Idem
327 628 501 676 omnis
520 627 676 677 simul
698 627 857 677 ardor
877 626 1061 689 habet3
1101 628 1437 695 rapiuntque,
1473 639 1661 678 ruunt-

935 713 1067 764 que3

149 766 325 815 Litora
350 766 662 827 deseruere3
700 765 826 815 latet
844 766 942 816 sub
973 766 1220 815 classibus
1239 783 1466 833 aequor3

150 835 337 885 Adnixi
358 845 614 901 torquent
639 853 875 901 spumas,
916 845 968 885 et
997 835 1200 885 caerula
1221 845 1453 888 verrunt.

218 908 284 954 Et
313 906 416 953 iam
444 906 613 971 prima
636 922 778 954 novo
800 905 1078 971 spargebat
1103 906 1307 955 lumine
1333 915 1497 955 terras

151 974 370 1023 Tithoni
395 992 645 1024 croceum
664 975 910 1041 linquens
934 979 1138 1024 Aurora
1163 975 1348 1026 cubile.

1557 981 1657 1029 585

152 1045 353 1107 Regina
380 1061 407 1093 e
431 1044 655 1110 speculis
681 1054 741 1093 ut
759 1046 996 1110 primum
1019 1044 1288 1094 albescere
1308 1045 1485 1094 lucem

244 1162 310 1196 577
350 1162 569 1206 imperioque
608 1170 672 1195 tao
717 1161 878 1194 Pari-lias.
925 1174 1000 1194 cum
1046 1161 1223 1206 plerisque
1269 1161 1448 1195 Pierianis.
1498 1163 1660 1202 (ovantis

149 1208 272 1250 fragm.
302 1208 415 1240 Vatic.
445 1210 540 1251 JVr.)

150 1254 276 1295 Pierii,
324 1266 423 1298 quem
465 1255 556 1287 vide.
606 1256 699 1288 coeli
730 1254 876 1287 Dorvill.

150 1313 270 1332 ensem
294 1313 345 1344 pr.
373 1302 495 1333 Hamb.
521 1314 552 1333 v.
580 1302 622 1333 ad
648 1301 745 1334 Ovid.
771 1303 818 1333 VI
844 1303 927 1334 Met.
953 1303 1019 1337 551
1049 1308 1083 1334 et
1108 1302 1151 1334 al.

150 1359 202 1389 pr.
252 1346 317 1379 sub
342 1347 528 1380 clausibus
552 1349 638 1392 Beg.

151 1392 260 1436 lapsu.
356 1395 423 1428 585
449 1394 670 1439 spargebant
694 1398 811 1439 Sprot.

638 1210 704 1244 578
730 1209 843 1240 Adsis
869 1221 913 1241 en
942 1210 1027 1242 ven.
1075 1210 1181 1241 Assis
1204 1209 1342 1252 Menag.
1367 1208 1428 1241 alt.
1454 1220 1529 1242 cum
1555 1209 1657 1242 codd.

971 1256 1038 1289 579
1072 1256 1217 1299 Inquit,
1252 1267 1284 1287 ν.
1319 1255 1479 1288 Parrhas.
1527 1254 1659 1289 liberat

1248 1302 1317 1336 582
1350 1303 1474 1335 Litore
1509 1301 1655 1336 Mentel.

733 1349 801 1382 583
826 1351 974 1381 Annexi
1006 1354 1041 1380 et
1073 1356 1222 1381 vertunt
1258 1349 1365 1381 Goth.
1401 1361 1470 1381 sec.
1483 1348 1657 1393 ,vulgari

906 1396 976 1429 586
1001 1403 1036 1426 et
1062 1407 1114 1440 sp
1150 1406 1218 1427 see.
1252 1395 1420 1428 Rottend.
1469 1404 1544 1428 tum
1576 1397 1656 1440 pri-

151 1452 245 1471 mum
278 1442 367 1472 Veii.
418 1453 496 1472 cum
530 1454 587 1486 pr.
622 1441 755 1485 aliquot
789 1441 889 1474 codd.
923 1453 978 1484 ap.
1017 1442 1129 1473 Bu1m.
1168 1448 1203 1472 et
1234 1442 1343 1474 Goth.

1376 1448 1459 1475 tert.
1505 1443 1657 1488 primam

150 1487 239 1519 Gu.d
266 1498 284 1518 a
310 1498 352 1518 m.
380 1500 431 1531 pr.
462 1495 494 1519 et
518 1488 674 1527 Mentel„
701 1488 799 1530 &item
829 1492 857 1522 1.
890 1488 985 1531 Wr.)
1023 1487 1215 1531 eleganter,
1248 1487 1362 1521 iudice
1400 1489 1557 1522 Heinsio.
1605 1490 1656 1521 De

150 1544 218 1584 quo
245 1545 344 1564 nemo
371 1533 516 1566 dubitet.
565 1538 608 1566 At
634 1536 679 1566 M
673 1547 732 1567 uo
759 1546 827 1566 non
856 1534 967 1566 minus
992 1534 1191 1578 fiequeutat
1217 1543 1257 1567 uc
1285 1537 1442 1588 primum
1478 1546 1543 1580 pro
1576 1548 1656 1568 cum

145 1592 229 1624 prm
231 1592 301 1611 mm
327 1583 409 1612 Aen.
434 1582 459 1619 Ι,
485 1581 564 1615 306.
596 1584 644 1613 Ue
679 1594 719 1626 pt·
710 1582 813 1613 ιἰιἹιιιι
814 1595 834 1613 ,z
861 1582 925 1613 lux
949 1581 1045 1613 alma
1083 1581 1172 1612 data
1197 1589 1261 1612 est.
1297 1588 1331 1613 et
1367 1581 1415 1614 sic
1449 1581 1563 1614 multis
1597 1582 1655 1615 lo-

150 1637 198 1657 els
212 1639 217 1657 ἶ
244 1638 404 1669 quorsum
431 1639 467 1658 <³1
470 1638 513 1670 gO
541 1634 718 1659 contemta
752 1628 908 1660 codicum
944 1627 1012 1659 ilde
1045 1633 1116 1659 ῘΠΠῘ
1121 1625 1271 1659 ¹1blfflssS!

1321 1628 1491 1671 (Alienum
1527 1635 1578 1660 est
1611 1629 1654 1661 ab

149 1672 183 1704 h.
208 1672 232 1704 l.
259 1673 451 1717 exemplum
470 1652 519 1706 Dab
546 1674 684 1718 lieynio
709 1674 822 1707 laud.·
815 1686 1009 1720 ‚prunam
1033 1673 1164 1718 requiri
1187 1673 1328 1707 videtur
1352 1675 1397 1707 ob
1422 1674 1655 1708 inchoativum

148 1778 398 1827 retinacula,
445 1793 483 1817 v.
530 1780 625 1821 580.
667 1781 772 1819 conf.
813 1781 877 1829 III,

150 1839 245 1877 639.
265 1837 358 1877 640.
382 1840 475 1877 (567.

206 1896 302 1935 576.
334 1895 428 1936 577.
460 1894 542 1931 Iam
579 1895 761 1932 Servius:
803 1896 876 1932 Se-

150 1950 326 1988 cundum
350 1952 521 1989 Ennium
541 1951 663 1990 dixit:
687 1954 876 2002 Respon-

150 2010 208 2045 (lit
238 2010 340 2045 luno
372 2010 561 2047 :S'alurnia
599 2018 739 2046 saneta
773 2011 871 2046 (lea-

150 2079 261 2112 rum,
307 2066 372 2104 δῖα
402 2065 554 2105 θεάων.
615 2067 658 2104 Ιη
692 2068 872 2117 quisquis

151 2136 190 2158 es·
213 2128 423 2172 argutatur
444 2123 605 2160 Servius
621 2129 761 2161 etcum
786 2124 871 2174 ipso

152 2179 228 2216 alii.
288 2180 405 2228 Atqui
424 2180 567 2228 forma
597 2181 661 2217 <lei
680 2202 730 2209 -—
755 2182 872 2217 Mer—

151 2238 257 2272 eurio
289 2238 433 2273 similis
457 2250 577 2287 supra
608 2243 711 2286 erat,
741 2237 872 2288 ipsum

151 2293 392 2330 Mercurium
414 2307 506 2342 esse,
527 2293 622 2331 nihil
647 2300 741 2342 erat,
767 2295 874 2344 quod

151 2350 321 2387 Aeneam
344 2357 496 2388 eertum
520 2352 719 2389 redderet.
778 2352 874 2392 578.

150 2409 281 2445 sidera
302 2409 465 2456 (lextra,
512 2409 672 2460 proprie
703 2422 872 2457 quorum

151 2472 297 2503 exortu
338 2465 447 2503 venti
492 2466 653 2504 secundi
692 2466 790 2503 ssant
828 2480 873 2503 ac

150 2536 336 2574 prospera
377 2523 575 2574 navigatio
616 2523 673 2560 sit.
730 2523 868 2575 (coelo,

150 2580 232 2618 vid.
258 2581 301 2617 V.
323 2582 363 2618 L.
386 2581 433 2616 ad
457 2595 512 2617 vs.
535 2584 600 2621 26.
638 2580 749 2633 llsr.)

210 2640 302 2678 580.
335 2638 422 2675 Vid.
454 2638 595 2688 Odyss.
624 2654 660 2685 κ,
698 2641 789 2679 127.
821 2637 871 2676 cs.

154 2694 291 2734 cerda.
352 2698 425 2736 581
446 2696 606 2736 -583,
640 2696 693 2731 Ut
714 2695 753 2731 in
784 2700 870 2731 toto

154 2751 259 2799 loco,
290 2752 344 2788 ita
377 2752 555 2802 inprimis
580 2753 619 2789 in
650 2751 710 2789 his
743 2752 871 2789 versi-

152 2807 246 2854 bus,
277 2809 340 2845 vel
365 2809 578 2846 verborum
609 2810 775 2855 dilectu,
808 2808 871 2846 vel

153 2865 382 2915 asyndetis,
424 2866 486 2903 vel
528 2867 619 2917 ipsis
658 2867 872 2903 verborum

153 2922 398 2972 temporibus
424 2922 589 2972 ipsoque
614 2936 781 2960 numero
813 2924 872 2960 se-

937 1780 1096 1817 stinatio
1137 1780 1378 1832 exprimitur
1400 1811 1410 1829 ,
1466 1787 1514 1819 ut
1542 1781 1655 1820 facile

936 1838 1133 1875 observes.
1202 1839 1297 1875 latet
1351 1838 1421 1875 sub
1461 1839 1655 1877 classibus

934 1909 1094 1946 aequor.
1157 1895 1267 1932 Bona
1295 1895 1354 1932 rei
1385 1895 1534 1947 imago,
1576 1910 1654 1947 qua

934 1959 973 1988 et
1011 1952 1074 1989 alii
1111 1958 1250 2003 poetae
1286 1953 1429 2003 passim
1469 1960 1654 1993 utuntur.

931 2009 1035 2046 Loca
1062 2010 1169 2060 apud
1197 2009 1377 2047 Cerdain.
1436 2009 1653 2062 Adspectui

929 2067 1170 2104 subducitur
1195 2080 1304 2104 mare
1336 2080 1407 2117 per
1437 2081 1558 2106 naves
1585 2082 1654 2105 ae-

930 2124 1061 2173 quatis
1080 2123 1211 2174 proris
1230 2124 1501 2174 procedentes.
1554 2139 1652 2175 spa-

930 2195 1018 2217 mas
1033 2210 1042 2228 ,
1076 2193 1185 2217 mare
1205 2194 1412 2231 spumans,
1435 2190 1470 2218 et
1488 2184 1653 2220 caerula

930 2246 1108 2285 verrunt,
1142 2238 1272 2274 remis.

990 2294 1085 2335 584.
1126 2294 1221 2336 585.
1273 2294 1472 2331 Homerici
1514 2308 1652 2334 versus

933 2351 1042 2388 Iliad.
1063 2354 1097 2394 λ,
1124 2355 1159 2391 1.
1180 2367 1221 2399 ω,
1244 2352 1325 2392 695
1348 2357 1387 2388 et
1411 2352 1525 2401 alibi,
1556 2366 1652 2391 ver-

932 2408 993 2446 bis
1027 2408 1108 2445 sere
1147 2409 1320 2446 Lucretii
1360 2409 1426 2446 lib.
1467 2409 1512 2458 Π,
1558 2411 1650 2451 143.

933 2466 1116 2503 Ceterum
1138 2465 1269 2503 locum
1307 2464 1417 2502 hunc
1450 2465 1499 2503 de
1527 2467 1652 2504 Dido-

930 2523 991 2560 nis
1026 2523 1247 2560 novissimis
1275 2523 1364 2560 satis
1395 2524 1551 2561 variare
1576 2538 1652 2562 vo-

930 2580 1005 2617 luit
1033 2581 1149 2617 Silius
1182 2580 1281 2628 VIII,
1324 2582 1377 2620 84
1406 2594 1511 2630 sqq.,
1552 2595 1652 2631 quae

931 2644 1153 2689 comparet,
1185 2638 1253 2687 qui
1285 2637 1538 2687 Virgilianum
1571 2635 1650 2678 πά-

930 2700 1008 2742 θος
1039 2695 1267 2732 adcuratius
1297 2708 1529 2745 cognoscere
1551 2696 1650 2733 vult.

988 2753 1070 2793 586
1088 2775 1131 2779 —-
1149 2753 1242 2793 588.
1274 2751 1453 2789 Servius:
1484 2759 1551 2800 „et
1578 2753 1650 2790 be-

931 2820 980 2845 ne
1000 2809 1105 2847 lianc
1125 2810 1297 2860 prinlum
1326 2809 1485 2846 inducit
1508 2809 1650 2847 vidisse

932 2867 1229 2917 crepusculum,
1261 2878 1382 2915 quae,
1412 2866 1522 2915 quasi
1541 2879 1648 2902 ania-

932 2923 1047 2971 trix,
1095 2929 1178 2961 tota
1220 2923 1453 2973 vigilaverat
1494 2923 1649 2960 11001.θὲζ

1256 2989 1373 3034 44*
