1811 3388
427 194 836 251 AENEIDos
874 193 1137 253 Llss.1v‚
1176 195 1463 240 123—138

203 332 249 378 It
264 326 428 394 portis
450 322 631 373 iubare
659 327 840 369 exorto
869 316 1070 366 delecta
1097 315 1355 363 iuventus.

1603 196 1702 241 615

1606 319 1701 365 130

202 398 353 448 Retia
374 410 513 455 rara,
551 390 759 456 plagae,
792 387 897 436 lato
921 383 1180 435 venabula
1206 381 1369 444 ferro,

201 463 515 528 Massylique
536 467 699 509 ruunt
720 458 922 523 equites
935 497 947 519 ,

987 463 1038 504 et
1059 453 1225 503 odora
1246 467 1437 501 canum
1456 449 1544 500 viS.

200 534 461 598 Reginam
479 529 715 579 thalamo
738 534 1074 576 cunctantem
1103 522 1169 572 ad
1193 521 1373 570 limina
1394 519 1551 585 primi

199 608 513 653 Poenorum
536 605 860 664 exspectant3
900 604 1153 659 ostroque
1176 591 1389 655 insignis
1415 597 1466 638 et
1489 603 1615 637 auro

202 673 313 722 Stat
340 671 576 736 sonipes,
607 684 664 717 ac
686 666 836 715 frena
860 664 1010 714 ferox
1030 662 1327 729 spumantia
1344 657 1561 709 mandit.
1606 662 1700 710 135

202 741 447 792 Tandem
472 736 834 804 progreditur,
863 750 1054 798 magna
1073 733 1298 797 stipante
1319 738 1536 790 caterva,

202 811 477 860 Sidoniam
502 808 644 874 picto
670 804 1004 868 chlamydem
1027 800 1348 852 circumdata
1372 797 1554 848 limbO.

203 881 298 931 Cui
320 880 566 946 pharetra
590 893 650 926 ex
671 892 813 935 auro,
853 875 1021 922 crines
1044 871 1314 921 nodantur
1336 869 1390 917 in
1411 883 1614 930 aurum,

295 1019 362 1053 130
385 1016 513 1051 iubare
531 1017 647 1050 excito
667 1014 791 1048 Hamb.
811 1013 909 1046 alter.
961 1012 1093 1045 dilecta
1114 1011 1137 1043 i.
1163 1016 1232 1043 tres
1249 1009 1362 1041 Burm.
1411 1005 1561 1039 turbata
1580 1005 1603 1039 i.
1628 1005 1700 1037 Ex—

202 1073 320 1110 cerpta
339 1067 519 1097 Burmann.
543 1076 561 1096 a
579 1075 623 1095 m.
645 1074 698 1106 pr.

202 1112 327 1146 Medic.
348 1124 366 1145 a
385 1124 428 1143 m.
449 1123 500 1156 pr.
530 1110 625 1151 Wr.)

796 1061 859 1094 131
887 1068 923 1092 et
940 1059 1016 1091 lato
1034 1056 1140 1090 Caris.
1168 1058 1181 1089 I
1210 1058 1293 1088 Inst.
1323 1055 1472 1087 Gramm.
1506 1053 1596 1091 (laco
1616 1064 1635 1084 e
1666 1064 1700 1086 υ.

724 1108 788 1143 132
813 1105 1003 1150 Massyla,
1029 1104 1187 1144 Masilii,
1212 1101 1376 1142 Messali,
1402 1099 1569 1139 Massali,
1594 1100 1701 1131 Mas-

202 1161 271 1199 sili,
298 1158 391 1191 varie
413 1156 644 1201 corrumpitur
661 1166 727 1187 vox
746 1154 781 1186 in
799 1153 900 1186 codd.
927 1151 1202 1196 (Massylilsque
1219 1147 1356 1188 Medic„
1381 1146 1443 1178 sed
1464 1158 1481 1178 5
1497 1145 1700 1187 transfossa,

202 1213 237 1238 et
251 1206 361 1238 altera
384 1206 398 1237 i
413 1211 561 1248 puncto,
586 1208 624 1235 ut
643 1201 809 1241 delenda,
842 1206 982 1238 notata3
1015 1197 1084 1230 vid.
1113 1196 1203 1228 infra
1222 1208 1270 1228 vs.
1292 1195 1372 1228 483.
1404 1193 1499 1235 Wr.)

201 1253 362 1285 thalamo
382 1250 489 1283 Goth.
511 1262 578 1282 sec.
626 1249 663 1280 in
682 1248 802 1280 limine
824 1245 991 1278 Montalb.

1065 1243 1129 1278 135
1156 1245 1266 1276 Stant
1283 1239 1415 1273 Zulioh.
1465 1191 1701 1283 elfnlaeitii}

201 1311 239 1331 ac
261 1299 394 1330 Nouius
414 1296 448 1328 in
472 1295 600 1341 serus,
627 1294 702 1338 (sed
723 1305 766 1326 ac
785 1291 950 1338 iuferox.
978 1289 1071 1331 IVr.)
1120 1289 1260 1322 mordet
1281 1287 1371 1320 alter
1395 1285 1519 1318 Hamb.
1571 1284 1636 1319 137
1661 1285 1700 1317 in

198 1346 295 1390 picto
321 1356 388 1377 sec.
413 1344 539 1375 Moret.
566 1339 696 1385 (lymbo
716 1339 840 1372 Medic.
867 1337 961 1380 Wr.)

1058 1337 1122 1371 138
1142 1348 1185 1368 ex
1209 1335 1358 1367 humero
1379 1331 1478 1364 multi
1500 1331 1614 1371 codd„
1639 1331 1701 1363 sed

200 1391 361 1423 meliores
391 1396 425 1422 et
453 1388 647 1432 Virgiliana
674 1387 763 1419 ratio
803 1384 994 1417 defendunt
1027 1382 1174 1416 alterum
1209 1393 1251 1413 ex
1289 1392 1393 1413 auro.
1451 1376 1507 1410 Sic
1535 1379 1635 1410 Rom.
1665 1383 1701 1409 et

201 1437 261 1470 alii
280 1450 334 1482 ap.
353 1436 464 1477 Pier.‚
491 1446 590 1479 quem
610 1434 701 1474 vide,
727 1439 762 1465 et
793 1431 919 1464 Medic.
948 1438 980 1464 et
1009 1429 1067 1462 alii
1092 1426 1282 1461 Heinsiani.
1330 1426 1517 1459 nodantur
1546 1432 1580 1456 et
1608 1435 1700 1456 auro

199 1487 316 1527 Sprot.
345 1496 386 1515 ex
415 1481 700 1526 interpolatione.

764 1480 935 1521 Ingratum
967 1473 1009 1510 τὸ
1042 1477 1111 1508 cui.

1161 1476 1252 1516 (non
1288 1484 1363 1505 esse
1388 1472 1423 1504 in
1457 1470 1525 1504 hoc
1562 1480 1698 1514 prono-

200 1530 312 1572 mine,
339 1529 433 1574 quod
458 1528 631 1570 offendat,
657 1527 762 1559 docet
784 1524 939 1558 Huschk.
969 1523 1013 1555 ad
1038 1521 1169 1555 Tibull.
1191 1521 1216 1562 I,
1241 1521 1274 1562 6,
1298 1519 1354 1555 40.
1381 1517 1478 1561 Wr.)

199 1651 246 1684 ut
264 1645 432 1695 consilia
453 1652 606 1695 reperta
628 1648 669 1680 et
687 1641 840 1680 similia.
872 1641 921 1678 Et

199 1704 254 1740 sic
274 1717 357 1754 sup.
380 1703 428 1752 II,
460 1700 539 1743 164
571 1701 759 1738 scelerum
779 1701 920 1736 inven-

200 1769 259 1798 tor
299 1761 451 1797 Ulixes.
509 1760 594 1796 n'sit
631 1757 741 1794 dolos
781 1756 920 1794 sujsset

199 1817 376 1868 vulgaris
415 1816 529 1854 ratio.
597 1813 724 1865 (dolis
755 1815 916 1864 repertis

199 1880 256 1912 est
281 1875 364 1912 sine
397 1873 519 1911 dubio
548 1878 685 1909 sextus
717 1885 838 1908 casus,
871 1871 917 1908 cs.

199 1932 310 1972 Obss.
329 1932 379 1969 ad
402 1930 544 1968 Tibull.
567 1930 594 1978 Ι,
615 1932 652 1977 8,
678 1931 743 1969 73.
770 1926 919 1979 nsok.)

259 1992 350 2031 129.
399 1986 657 2025 Homericum
699 1982 802 2032 Ἠώς
846 1983 919 2036 μὲν

199 2042 471 2098 κροκόπεπλος
504 2039 578 2083 ἄπ’
617 2039 825 2082 Ὠκεανοῖο
853 2043 921 2091 ῥο-

201 2099 285 2142 άων
301 2100 478 2154 ’Ώρνυτο
500 2101 641 2151 passim
654 2100 826 2137 obvium.
843 2101 921 2139 130

199 2162 363 2199 -132.
404 2159 460 2196 Cf.
494 2158 620 2195 Gratii
657 2158 799 2207 Cyneg.
838 2158 920 2196 223

202 2223 242 2254 et
262 2217 391 2267 lntpp.
423 2214 556 2252 iubare
579 2213 769 2252 l1.l.solis.
800 2212 922 2249 Nimis

199 2273 398 2311 subtiliter
443 2272 604 2309 Servius
648 2270 696 2307 de
743 2269 920 2307 lucifero.

201 2332 379 2381 Illas-sylb
418 2329 456 2367 h.
494 2329 519 2367 l.
560 2327 686 2378 simpl.
725 2327 773 2364 de
806 2326 920 2363 Afris.

199 2389 319 2425 odora
358 2401 505 2423 eanum
543 2388 626 2433 vis,
671 2390 763 2421 nota
795 2385 919 2421 forma

198 2445 407 2483 Homerica
448 2444 516 2496 βίη
547 2439 771 2494 Πριάμοιος
820 2454 919 2492 pro-

197 2503 282 2554 prie
313 2515 427 2539 canes
444 2500 611 2539 robusti.
658 2498 754 2546 fida
774 2512 919 2534 eanum

198 2562 259 2597 vis
281 2560 356 2597 iam
378 2558 582 2596 Lucretius
603 2556 836 2607 praeiverat.
871 2555 918 2592 cs.

198 2617 424 2666 Wesseliug.
456 2614 632 2658 Obss.ll,
667 2612 731 2655 14.
778 2612 919 2650 odorus

200 2686 321 2722 nove,
353 2673 421 2723 qui
442 2673 614 2710 odoratu
637 2670 814 2718 excellit,
855 2682 919 2705 sa·—

199 2744 285 2780 gax.
368 2732 459 2771 133.
500 2736 763 2766 cunctantem.
807 2728 918 2764 Serv.

199 2787 430 2824 morabatur
451 2786 585 2823 studio
606 2784 800 2836 placendi.
838 2782 919 2821 Nisi

199 2843 276 2881 hoc
306 2843 422 2880 nimis
454 2849 614 2880 acutum
647 2848 724 2878 est:
763 2854 919 2878 accom-

199 2901 358 2939 modate
394 2899 444 2937 ad
476 2899 577 2937 illud
618 2898 919 2936 Terentianumx

979 1640 1095 1677 Dum
1112 1638 1338 1684 moliuntur,
1368 1634 1465 1672 dam
1483 1639 1699 1681 comuntur,

978 1711 1108 1735 annus
1132 1703 1198 1733 est.
1260 1694 1385 1731 Etiam
1412 1691 1517 1729 hanc
1545 1690 1701 1741 elegan-

978 1754 1074 1791 tiam
1100 1752 1297 1790 Homerus
1329 1763 1410 1788 non
1441 1753 1542 1786 esset
1569 1753 1700 1784 secta-

976 1817 1054 1849 tus.
1093 1809 1146 1848 At
1163 1809 1266 1847 enim
1285 1815 1534 1845 cunctantem
1554 1804 1700 1842 addere

980 1874 1136 1920 poterat
1184 1872 1301 1919 poeta
1346 1870 1510 1902 ornatus
1552 1875 1698 1910 caussa,

979 1939 1069 1963 cum
1091 1931 1300 1975 expectant
1322 1922 1529 1973 posuisset.

1038 1985 1118 2024 137
1132 2004 1184 2011 -—
1199 1983 1291 2022 139.
1312 1978 1531 2029 Chlamyde
1552 1982 1611 2014 est
1634 1977 1698 2014 in-

980 2039 1074 2078 duta
1095 2050 1319 2090 purpurea,
1359 2037 1471 2074 cuius
1501 2048 1589 2072 oras
1611 2047 1698 2070 am—

978 2097 1038 2134 bit
1064 2096 1208 2133 limbus
1238 2108 1311 2132 acu
1333 2093 1396 2132 vel
1424 2092 1537 2130 radio
1566 2090 1699 2142 pictus

979 2160 1018 2191 et
1047 2153 1281 2203 variegatus.
1333 2151 1380 2188 cs.
1408 2149 1478 2187 inf.
1509 2148 1561 2196 V,
1602 2148 1697 2188 259.

980 2213 1097 2248 crinis
1117 2211 1316 2247 nodantur
1329 2210 1370 2244 in
1382 2220 1526 2243 aurum
1542 2204 1698 2242 doctius

979 2281 1099 2318 quam
1129 2280 1249 2312 auro,
1291 2264 1331 2302 h.
1359 2276 1390 2302 e.
1422 2275 1540 2300 aurea
1568 2261 1696 2309 fascia,

978 2325 1053 2372 vel,
1077 2330 1125 2361 ut
1143 2326 1253 2361 Serv.
1271 2333 1390 2359 aureo
1410 2320 1565 2367 retiolo‚
1588 2317 1697 2369 quod

978 2382 1125 2432 colligit
1144 2393 1286 2427 comas,
1305 2391 1403 2429 quae
1423 2377 1581 2415 Graecis
1598 2391 1695 2427 κρω-

978 2434 1080 2491 βύλη
1120 2435 1320 2489 (usitatius
1345 2432 1566 2488 κρώβυλος)
1596 2432 1696 2470 dici-

977 2502 1057 2534 tur.
1099 2495 1329 2532 Reticulum
1350 2499 1407 2531 est
1425 2492 1520 2529 aliis.
1567 2489 1696 2528 Fibu-

977 2554 1085 2601 lam,
1121 2547 1320 2604 περόνην,
1357 2564 1439 2588 non
1462 2548 1536 2587 nisi
1566 2548 1607 2585 in
1627 2553 1696 2584 tu—

977 2610 1063 2648 nica
1106 2609 1171 2647 vel
1203 2607 1412 2660 chlamyde
1449 2607 1580 2644 locum
1618 2603 1695 2641 ha—

976 2668 1105 2705 buisse
1125 2666 1233 2715 satis,
1264 2672 1376 2718 puto,
1411 2669 1585 2701 constat:
1615 2662 1696 2699 ita-

976 2738 1050 2775 que
1069 2723 1109 2761 11.
1134 2724 1158 2762 l.
1185 2732 1329 2761 vestem
1351 2721 1600 2772 chlamydem
1625 2719 1692 2756 in-

976 2782 1213 2833 telligemus,
1257 2779 1515 2818 venatoribus
1551 2775 1693 2827 gestari

977 2839 1144 2876 solitam.
1203 2837 1342 2875 Fibula
1377 2842 1508 2873 autem
1536 2834 1576 2871 in
1612 2832 1692 2869 hu—

978 2896 1094 2934 meris
1115 2895 1320 2946 colligebat
1341 2907 1386 2931 ac
1404 2891 1601 2932 retinebat
1621 2896 1690 2927 tu—
