1827 3436
415 212 826 262 AENEIDOS
866 216 1007 267 LIB.
1042 220 1106 281 II,
1150 226 1443 279 195—207
1587 239 1687 285 297

169 337 420 384 Laocoon
436 377 448 398 ,
482 336 671 386 ductus
690 342 945 405 Neptuno
969 353 1112 393 sorte
1141 349 1405 414 sacerdos,

170 404 458 453 Sollemnis
480 414 693 456 taurum
715 409 990 474 ingentem
1011 417 1275 466 mactabat
1291 420 1356 469 ad
1379 439 1502 474 araS.

163 475 301 524 Ecce
328 483 505 523 autern
531 478 730 539 gemini
758 497 785 528 a
806 482 1033 532 Tenedo
1056 488 1338 554 tranquilla
1363 509 1463 557 per
1483 493 1581 544 alta

166 545 455 599 (Horresco
477 544 743 612 referens)
763 549 1019 602 inmensis
1041 555 1263 606 orbibus
1285 576 1484 625 angues

161 613 488 664 Incumbunt
543 617 763 684 pelago,
842 624 1150 692 pariterque
1209 627 1275 677 ad
1346 629 1499 683 litora
1567 642 1686 684 ten-

939 692 1096 746 dunt:
1581 709 1683 759 205

160 752 384 801 Pectora
410 771 643 821 quorum
666 757 806 808 inter
829 759 1024 812 fluctus
1045 765 1257 816 adrecta
1279 768 1544 837 iubaeque

161 821 494 885 Sanguineae
514 837 768 892 superant
790 831 986 896 undas;
1025 852 1146 902 pars
1168 846 1342 888 cetera
1366 850 1598 906 pontum

224 920 341 967 207.
374 932 709 970 EXSUPERANT

249 1044 317 1079 201
344 1045 530 1089 Laucoon,
554 1051 730 1086 Lachoon
749 1053 783 1086 in
806 1055 1000 1099 Gothanis;
1033 1064 1069 1091 et
1096 1059 1146 1093 sic
1163 1059 1239 1094 sine
1264 1061 1372 1096 dubio
1398 1063 1501 1097 etiam
1529 1065 1565 1098 in
1584 1066 1677 1100 alio—

157 1100 232 1121 rum
255 1090 355 1125 libris
379 1094 458 1127 fuit.
508 1097 560 1129 lta
581 1098 669 1130 enim
688 1099 762 1134 fere
785 1101 933 1137 librarii.
958 1117 989 1138 v.
1010 1117 1084 1150 sup.
1102 1107 1159 1142 41.
1197 1109 1240 1141 cf.
1269 1109 1314 1141 ad
1332 1111 1475 1144 Petron.
1496 1113 1553 1154 89,
1578 1125 1609 1147 v.
1631 1116 1676 1150 19

157 1143 191 1168 et
212 1136 269 1173 43.
294 1139 408 1173 Burm.
430 1143 576 1177 Anthol.
596 1144 658 1178 lat.
678 1145 740 1180 lib.
763 1150 789 1190 Ι,
816 1161 871 1193 ep.
892 1152 968 1186 110.
1013 1153 1181 1199 Neptuni
1198 1155 1313 1199 Bigot.
1341 1163 1375 1189 et
1403 1170 1421 1190 a
1446 1171 1490 1191 m.
1523 1172 1576 1204 pr.
1598 1162 1676 1193 Hu-

157 1195 235 1226 gen.
256 1198 275 1217 a
303 1198 371 1219 sec.
406 1189 530 1223 Hamb.
562 1203 616 1234 pr.
665 1194 734 1226 Sed
764 1196 913 1230 alterum
941 1199 1091 1233 doctius.
1185 1203 1255 1237 202
1288 1211 1436 1237 taurum
1465 1208 1674 1240 immensam

156 1242 227 1263 sec.
256 1233 380 1267 Ilamb.
429 1237 599 1281 ingentes
627 1252 671 1271 m.
702 1242 752 1273 ad
779 1256 868 1276 aras
901 1246 1010 1278 Goth.
1042 1259 1094 1291 pr.
1154 1249 1264 1281 Porro
1295 1251 1472 1285 sollemnis
1501 1255 1675 1288 sacerdos

156 1276 239 1309 olim
261 1278 403 1314 iunxere
425 1282 490 1314 viri
508 1284 615 1318 docti.
642 1286 724 1329 (vid.
742 1289 909 1334 Pompou.
923 1293 1061 1333 Sabin.;
1084 1301 1120 1327 at
1138 1296 1181 1328 cf.
1202 1302 1275 1329 not.
1303 1298 1418 1341 (aram
1430 1300 1557 1333 Medic.
1572 1303 1670 1346 lVr.)

153 1324 223 1358 203
247 1338 270 1358 a
304 1329 450 1361 Tenedo
478 1332 616 1375 gemini
641 1334 765 1368 Hamb.
792 1350 857 1381 pr„
891 1340 985 1382 quod
1014 1341 1165 1374 mollius.
1212 1345 1590 1392 geminae—-angues
1617 1360 1672 1392 pr.

152 1371 295 1414 Moret.,
330 1381 367 1406 ut
398 1376 490 1408 solet
515 1389 771 1425 nonnunquam.
827 1386 895 1417 Sed
927 1386 984 1418 uni
1017 1387 1107 1421 libro
1136 1390 1199 1422 tali
1226 1390 1261 1422 in
1289 1402 1326 1422 re
1358 1403 1425 1424 non
1466 1394 1670 1437 parendum.

154 1417 325 1463 (vulgatus
348 1422 532 1455 verborum
551 1425 638 1458 ordo
659 1435 828 1470 praestat.
880 1433 923 1464 Et
941 1435 1107 1479 geminae
1131 1435 1247 1469 locum
1281 1437 1414 1471 habere
1443 1440 1539 1473 nullo
1564 1442 1669 1475 modo

152 1471 291 1508 potest3
328 1467 397 1501 vid.
426 1481 475 1502 vs·
502 1472 584 1506 206.
613 1474 708 1517 JVr.)
804 1478 873 1512 205
898 1480 1104 1514 incumbent
1129 1483 1272 1516 Mentel.
1367 1486 1438 1520 206
1463 1496 1584 1520 erecta
1614 1501 1669 1532 pr.

150 1511 279 1546 Hamb.
306 1520 342 1546 et
372 1515 499 1559 Bigot„
540 1520 633 1561 quod
651 1521 806 1566 vulgare.
839 1525 884 1558 cf.
911 1534 983 1560 not.
1013 1528 1056 1560 ad
1087 1530 1164 1564 173.
1212 1539 1365 1576 arrepta
1383 1533 1491 1566 Goth.
1509 1540 1603 1575 tert.,
1631 1542 1669 1568 ut

149 1556 279 1591 ibidem
307 1561 408 1594 codd.
502 1565 571 1599 207
595 1579 776 1613 ,superant
806 1572 957 1605 omnium
985 1574 1155 1608 librorum
1184 1576 1371 1610 lectionem
1406 1592 1481 1612 esse
1507 1589 1668 1625 apparet,

149 1613 290 1647 praeter
310 1616 484 1642 recentem
494 1612 663 1646 Venetum
685 1616 831 1650 Heinsii.
868 1621 958 1652 Nam
978 1621 1111 1655 Pierius
1128 1635 1193 1656 nec
1211 1622 1288 1667 ipse
1311 1624 1345 1656 in
1366 1625 1435 1659 suis
1455 1627 1558 1660 codd.
1573 1629 1667 1662 aliud

150 1650 324 1685 invenisse
344 1654 499 1697 videtur,
526 1664 562 1690 et
580 1671 759 1705 superant
782 1664 886 1697 etiam
908 1666 943 1698 in
975 1668 1100 1713 priscis
1133 1670 1226 1711 edd„
1261 1683 1345 1715 quas
1375 1673 1510 1716 evolvi,
1549 1683 1665 1708 extare

149 1697 230 1738 vidi,
256 1708 501 1746 praeterquam
520 1705 554 1736 in
576 1707 721 1742 Iuntinis
744 1716 779 1742 et
798 1713 975 1757 Stephan.,
999 1715 1033 1747 in
1055 1716 1179 1760 quibus
1199 1717 1352 1762 vulgaris
1378 1719 1486 1754 lectio
1508 1734 1666 1768 exsupe-

147 1754 235 1778 rant
256 1757 449 1792 comparet,
476 1757 513 1782 ut
531 1764 572 1784 ex
589 1754 712 1788 Aldina
734 1757 823 1791 adeo
843 1759 990 1802 primum
1007 1764 1168 1807 prosecta
1197 1776 1274 1798 esse
1306 1765 1477 1801 videatur.
1524 1768 1664 1802 Mireris

149 1790 288 1837 itaque,
314 1807 375 1828 cur
392 1808 467 1830 eam
487 1799 650 1834 Heinsius
671 1803 865 1839 retinuerit.
893 1808 962 1841 Sed
985 1809 1150 1844 varianda
1168 1811 1263 1844 sorte
1282 1812 1357 1846 visa
1373 1814 1489 1847 oratio
1512 1823 1664 1860 propter

193 1889 290 1929 201.
304 1892 401 1932 202.
414 1893 574 1932 Ductus
584 1905 698 1935 sorte.
719 1899 811 1938 Sive
823 1913 873 1938 ex

143 1942 320 1984 historiis
356 1946 434 1987 hoc
453 1949 615 2003 habuit,
657 1955 871 1996 interemto

143 2002 248 2040 enim
261 2004 434 2056 Neptuni
455 2011 673 2061 sacerdote,
698 2027 747 2051 ex
771 2016 869 2065 aliis,

141 2065 189 2097 ut
209 2074 294 2099 mos
311 2071 409 2112 erat,
431 2068 705 2107 sacerdotibus
717 2072 867 2111 Laoco-

143 2130 208 2166 on,
229 2120 297 2169 qui
307 2119 502 2172 Apollinis
514 2124 754 2177 Thymbraei
770 2137 867 2180 erat,

141 2181 249 2213 sorte
273 2178 520 2231 obtingente,
552 2184 726 2236 Neptuni
756 2202 869 2226 sacra

141 2233 321 2284 curabat,
358 2239 406 2275 cf.
432 2241 543 2278 Serv.
564 2254 614 2279 ex
638 2244 869 2295 Euphorio-

139 2303 210 2340 ne3
240 2292 330 2331 Sive
350 2309 478 2335 unum
499 2300 712 2339 sacerdotii
735 2303 866 2355 adipi-

138 2350 274 2387 scendi
293 2353 459 2391 modum
478 2368 497 2392 e
517 2357 698 2407 pluribus
721 2361 866 2411 posuit,

137 2412 184 2443 ut
213 2415 343 2458 poeta.
403 2412 526 2460 Quod
567 2422 700 2454 autem
727 2418 768 2456 in
803 2418 866 2457 his

137 2463 337 2505 adiunctis
383 2470 519 2520 paullo
557 2474 754 2524 copiosior
792 2483 863 2526 est,

136 2520 175 2558 in
200 2535 245 2561 co
267 2531 394 2564 artem
413 2534 555 2578 poetae
575 2545 762 2584 agnosce,
801 2535 864 2571 fa-

136 2579 190 2616 cit
230 2582 334 2620 enim
369 2588 696 2636 expectationem.
768 2606 863 2630 ara-s·

134 2637 327 2677 sollennes
360 2642 464 2680 dixit
499 2644 638 2696 docte,
678 2647 729 2685 ad
764 2663 862 2700 quas

134 2694 311 2734 sollenne
344 2701 582 2740 sacrificium
622 2705 862 2756 parabatur:

133 2757 181 2789 ut
207 2756 395 2793 sollemnis
422 2761 571 2809 vireas,
611 2762 652 2800 in
674 2777 753 2814 quo
778 2765 859 2803 sol—

130 2808 266 2848 lennes
292 2812 379 2852 ludi
407 2812 629 2869 habentur,
677 2821 796 2860 Ovid.
830 2822 861 2861 V

130 2864 239 2909 Fast.
267 2869 370 2912 597:
406 2875 602 2913 sollennia
628 2877 803 2928 theatra,
846 2879 859 2918 l

131 2922 218 2962 Art.
232 2928 330 2968 133:
348 2943 517 2982 campus
530 2935 729 2987 sollemnis,
739 2937 857 2976 Clau-

933 1902 1038 1942 dian.
1061 1904 1110 1942 de
1134 1905 1199 1944 VI.
1230 1907 1346 1945 Cons.
1368 1907 1474 1948 Hon.
1499 1909 1538 1952 5.
1587 1912 1663 1949 Ce-

930 1966 1083 2012 terum,
1126 1964 1236 2014 quod
1274 1965 1316 2003 in
1356 1966 1487 2017 primo
1525 1970 1662 2007 statim

928 2019 1104 2058 laetitiae
1120 2022 1303 2073 publicae
1321 2024 1501 2063 tumultu
1528 2025 1577 2064 de
1598 2041 1662 2064 sa-

929 2090 1020 2125 cro,
1051 2080 1239 2130 Neptuno
1269 2081 1473 2131 faciendo,
1505 2084 1657 2135 cogita-

926 2140 1017 2183 tur,
1058 2137 1204 2175 mirum
1236 2138 1362 2176 videri
1389 2146 1534 2191 potest.
1588 2142 1660 2181 Vi-

928 2192 1046 2230 detur
1084 2194 1163 2232 hoc
1202 2196 1341 2234 Servio
1381 2197 1658 2238 obversatum:

926 2251 1158 2300 maelabat,
1201 2252 1354 2303 inquit,
1398 2255 1572 2305 scilieet,
1615 2267 1658 2295 ut

930 2309 1097 2347 Graecis
1116 2310 1229 2347 mala
1258 2311 1481 2363 naufragio
1505 2329 1655 2365 prove-

924 2367 1065 2406 nirent.
1145 2367 1282 2405 Potest
1326 2375 1461 2407 tamen
1502 2372 1655 2424 simpli—

925 2423 1010 2461 cior
1038 2424 1140 2462 ratio
1169 2425 1305 2475 reddi,
1336 2433 1384 2465 ut
1413 2428 1543 2466 soluta
1578 2430 1654 2468 ob—

923 2480 1076 2519 sidione
1106 2483 1211 2521 inter
1247 2490 1400 2522 ceteros
1441 2485 1536 2525 deos
1571 2488 1653 2525 Ne—

923 2544 1051 2589 ptuno
1074 2554 1185 2578 sacra
1204 2548 1344 2592 parata
1365 2543 1445 2581 sint
1465 2542 1653 2598 χαριστή-

923 2612 1011 2648 ρια,
1055 2604 1095 2636 et
1125 2599 1286 2648 quidem
1315 2600 1355 2637 in
1386 2600 1471 2652 ipso
1500 2603 1650 2652 littore,

921 2659 971 2690 ut
1003 2661 1043 2692 et
1071 2656 1180 2708 apud
1217 2657 1363 2708 Hygin.
1388 2658 1468 2700 135
1507 2669 1550 2697 ιιι
1579 2675 1650 2698 sa-

920 2713 1194 2763 crumfizceret
1215 2716 1409 2765 Neptuno
1434 2717 1493 2753 ad
1512 2718 1649 2765 littus;

919 2773 959 2806 et
980 2769 1036 2807 sic
1060 2770 1152 2809 alibi
1178 2771 1287 2823 apud
1311 2772 1474 2813 Homer.
1493 2775 1646 2827 Neptu-

918 2838 971 2863 no
994 2841 1105 2866 sacra
1126 2827 1242 2867 fiunt.

975 2886 1057 2927 203
1072 2888 1230 2928 ——209.
1268 2886 1558 2927 ornatissimus
1582 2889 1646 2925 lo-

920 2953 1000 2979 cus.
1062 2943 1295 2982 incumbunt
1319 2945 1492 2995 pelago,
1523 2959 1643 2997 prae—
