1779 3420
144 245 245 292 228
407 230 1410 286 EXCURSUSVI.VII*

144 367 280 407 onmia
302 366 358 406 sic
380 366 477 405 satis
496 379 579 404 esse
599 362 916 404 accommodata.
977 359 1147 399 Accedit
1173 360 1287 399 locus
1305 375 1366 412 ap.
1395 359 1605 397 Caesarem
1625 355 1674 394 de

144 428 188 466 B.
208 426 294 466 Civ.
314 426 363 476 II,
393 428 470 468 23:
502 425 548 462 C'.
576 425 693 462 Curio
715 424 759 460 in
779 421 971 472 Africam
990 420 1198 472 profectas
1219 442 1277 449 —
1302 418 1476 470 appellit
1498 416 1558 454 ad
1585 429 1676 453 eum

144 487 299 535 locum,
331 485 404 537 qui
426 483 662 535 appellatur
674 479 913 532 Aquilaria.
977 479 1064 515 Hic
1084 479 1196 515 locas
1216 476 1324 515 abest
1343 491 1369 514 α
1395 476 1549 526 Clupea
1566 488 1675 525 pas—

145 558 265 582 suum
296 543 448 580 XXII
474 541 636 588 millia,
679 537 876 589 habetque
909 550 990 573 non
1016 535 1316 573 incommodam
1348 542 1500 572 aestate
1532 533 1676 571 statio-

144 617 258 649 nem;
292 609 329 639 et
354 599 509 637 dnobus
538 595 799 635 eminentibus
818 596 1104 645 promontoriis
1133 595 1367 631 continetur.
1418 589 1676 642 intelligenda

145 660 296 698 scilicet
325 658 427 696 haec
462 656 602 694 eadem
631 654 713 692 duo
749 651 1031 705 promontoria
1063 651 1259 704 Apollinis
1286 657 1327 688 et
1345 649 1534 688 Mercurii
1557 662 1677 700 supra

146 722 472 757 commemorata.
533 713 667 752 Insula
689 718 824 749 tamen
845 711 1080 762 scrupulum
1101 710 1231 748 facere
1249 714 1405 761 potest,
1437 708 1468 746 si
1487 706 1676 758 Aegimu—

146 791 216 815 rus
246 777 313 814 illa
345 781 426 823 est,
465 786 557 810 cum
589 770 757 808 eandem
784 769 897 807 illam
924 782 997 820 per
1024 768 1126 806 Aras
1155 767 1352 805 declarari
1381 779 1501 818 supra
1524 764 1678 803 videri—

146 849 247 873 mus.
307 833 386 871 Sed
405 830 666 883 Aegimurum
684 842 755 867 seu
778 827 879 866 duas
896 828 1033 879 potius
1052 826 1226 874 insulas,
1262 824 1467 874 Zc‘mbras,
1499 837 1571 861 seu
1596 824 1678 860 Zo—

154 906 374 941 wamores,
408 890 467 928 ita
495 901 578 926 esse
609 888 727 936 sitam,
769 891 952 935 constat,
995 891 1043 924 ut
1071 884 1146 937 ipsi
1178 883 1370 922 Mercurii
1398 880 1679 934 promontorio

146 951 353 990 subiacere
375 947 617 995 videantur,
644 945 774 984 maior
794 944 957 995 quidem
983 949 1158 995 quatuor
1179 944 1330 991 leucas,
1370 947 1412 979 at
1442 940 1576 979 minor
1604 953 1679 990 pa—

146 1023 239 1047 rum
263 1013 418 1046 remota
437 1020 455 1042 a
492 1006 642 1043 littore.
702 1003 842 1042 Potuit
870 1002 993 1054 igitur
1022 1002 1073 1040 ad
1097 1001 1288 1039 maiorem
1315 1014 1408 1052 pars
1437 999 1572 1037 classis
1603 997 1679 1035 ad-

146 1067 334 1117 haerere3
365 1072 407 1103 at
426 1064 552 1102 altera
573 1063 707 1101 minor
730 1061 932 1100 habeatur
954 1074 1029 1112 pro
1057 1060 1187 1098 insula
1218 1059 1349 1097 littori
1379 1058 1548 1096 obieeta.
1599 1056 1679 1094 Po-

147 1126 229 1164 tuit
253 1125 374 1163 etiam
406 1129 526 1176 poeta
547 1133 694 1160 ornare
716 1120 873 1169 locum,
915 1124 985 1157 aut
1006 1118 1119 1170 sequi
1152 1118 1322 1165 famam,
1364 1131 1442 1168 qua
1477 1114 1681 1167 Aegimuri

147 1183 300 1235 scopuli
321 1182 417 1221 olim
435 1181 566 1220 insula
587 1179 708 1218 fuisse
728 1178 1071 1216 memorabantur.
1132 1177 1213 1214 Nec
1238 1183 1371 1214 tamen
1397 1181 1555 1226 poetam
1577 1172 1680 1211 levi-

149 1242 243 1280 tatis
270 1247 311 1279 et
340 1240 533 1279 vanitatis
561 1250 750 1276 accusare
780 1249 1006 1288 possemuS,
1048 1248 1098 1272 ne
1126 1241 1212 1273 tum
1242 1234 1425 1285 quidem,
1457 1233 1488 1270 si
1524 1231 1681 1269 nullum

147 1300 268 1339 huius
286 1299 471 1338 locorum
498 1298 596 1335 situs
619 1294 829 1347 vestigium
856 1295 897 1332 in
919 1293 1108 1332 Africano
1128 1294 1266 1331 littore
1285 1306 1395 1330 nunc
1416 1295 1680 1342 compareret.

147 1360 297 1397 Totum
320 1357 427 1396 enim
445 1356 561 1394 istius
583 1360 740 1393 tractus
758 1354 875 1391 littus
894 1352 1017 1390 maris
1045 1352 1193 1390 alluvie
1220 1350 1447 1388 incredibili
1469 1348 1590 1387 modo
1623 1352 1681 1385 est

147 1418 431 1465 immutatum,
463 1421 521 1463 et,
553 1412 666 1464 quod
689 1412 823 1450 velex
845 1410 995 1449 Shavio
1022 1410 1118 1448 satis
1146 1415 1336 1462 apparet,
1369 1407 1551 1460 procedit
1574 1420 1683 1444 nunc

147 1476 266 1514 littus
309 1475 416 1513 inter
458 1472 729 1511 Ruscinonem
771 1476 811 1508 et
849 1468 1132 1521 Carthaginem
1167 1468 1295 1505 multo
1339 1467 1459 1504 altius
1486 1466 1528 1504 in
1559 1477 1681 1512 mare,

149 1548 271 1585 quam
297 1533 406 1571 olim.
467 1533 507 1569 Si
531 1530 619 1581 quis
639 1529 745 1567 ultra
768 1529 918 1566 instare
943 1534 983 1565 et
1002 1527 1238 1565 calumniari
1256 1525 1378 1573 velit,
1411 1540 1431 1562 a
1454 1530 1591 1562 monte
1612 1536 1683 1574 per

149 1592 344 1630 Shavium
385 1590 594 1640 designato
636 1587 688 1625 ad
715 1586 998 1638 Carthaginem
1038 1598 1166 1636 usque
1206 1585 1388 1622 locorum
1424 1581 1683 1621 intervallum

150 1664 233 1688 esse
255 1650 383 1687 maius
418 1648 545 1696 sorte,
588 1659 711 1697 quam
733 1652 780 1683 ut
812 1646 940 1683 altero
967 1644 1030 1682 die
1061 1643 1213 1681 Aeneas
1241 1643 1413 1680 navibus
1452 1652 1683 1693 progressus

150 1709 243 1747 satis
273 1714 430 1746 mature
461 1704 742 1755 Carthaginem
772 1703 984 1756 pervenire
1011 1702 1213 1753 potuerit,
1253 1713 1342 1738 eum
1381 1700 1559 1737 dicemus
1585 1711 1683 1750 poe-

152 1767 295 1805 tamin
317 1765 502 1804 ordinem
524 1776 664 1814 eogere
694 1769 734 1800 et
753 1762 945 1800 historiae
975 1760 1167 1798 severiori
1192 1759 1264 1810 legi
1294 1758 1518 1797 obnoxium
1541 1758 1683 1794 facere.

152 1827 340 1864 Ceterum
362 1823 461 1861 haec
482 1827 522 1860 et
540 1821 609 1859 illa
631 1835 717 1873 sup.
737 1820 787 1858 ad
806 1834 844 1858 v.
876 1821 956 1861 108
980 1833 1064 1870 sqq.
1088 1818 1223 1870 paullo
1251 1816 1438 1855 subtilius
1462 1816 1685 1867 disputasse

152 1897 236 1922 non
266 1880 509 1935 poenitebit,
540 1878 724 1931 inprimis
758 1879 790 1916 si
819 1877 1131 1929 descriptionem
1159 1874 1465 1928 geographicam
1499 1886 1685 1912 errorum

152 1942 331 1989 Aeneae,
363 1939 491 1992 qualis
512 1938 588 1989 ipsi
617 1937 780 1988 Virgilio
800 1936 1021 1975 Burmanni
1044 1934 1221 1987 praelixa
1243 1940 1326 1983 est,
1359 1933 1579 1985 inspexerit
1609 1931 1685 1968 ali—

154 2000 267 2052 quis3
304 1999 347 2038 in
378 2011 458 2049 qua
490 1994 773 2048 Nympharum
800 2001 964 2032 antrum
999 1994 1107 2032 ultra
1139 1992 1329 2030 Mercurii
1360 1989 1686 2043 promontorium

153 2072 296 2098 versus
328 2056 470 2108 Syrtin
496 2054 715 2103 minorem,
766 2052 1019 2105 naufragium
1048 2065 1146 2091 vero
1177 2051 1311 2088 classis
1344 2050 1395 2087 ad
1424 2049 1565 2101 Syrtin
1598 2061 1685 2086 ma—

153 2118 305 2165 iorem,
342 2120 383 2153 et
421 2127 473 2152 ex
502 2112 630 2150 altera
661 2117 775 2164 parte
804 2110 909 2150 Arae
935 2111 977 2149 in
1010 2110 1193 2163 partibus
1221 2108 1538 2147 occidentalibus
1578 2106 1684 2145 ultra

155 2173 440 2226 Carthaginem
474 2183 686 2224 expressae
715 2176 822 2209 sunt.

509 2510 1085 2572 EXCURSUS
1159 2507 1339 2564 Vll*

655 2627 752 2671 De
809 2626 1188 2671 Antenore.

283 2745 310 2795 I,
343 2742 428 2786 242
455 2757 540 2795 sqq.
575 2745 757 2782 Antenor
777 2747 939 2796 potuit,
981 2744 1125 2782 mediis
1154 2743 1319 2793 elapsus
1349 2737 1545 2785 Achivis,
1587 2735 1644 2772 Ill
1657 2750 1690 2762 ²-

164 2805 266 2843 ric-os
291 2811 502 2855 penetrare
532 2804 643 2840 sinas
673 2810 794 2854 atque
828 2805 974 2841 intima
1008 2811 1116 2840 tutas
1140 2802 1291 2850 Regna
1326 2796 1597 2835 Liburnorum
1612 2823 1622 2842 ,
1657 2802 1692 2830 et

156 2862 318 2914 sontem
343 2874 532 2912 superare
562 2862 726 2898 Timavi
741 2876 753 2897 .·
794 2861 910 2898 Unde
924 2875 1002 2912 per
1024 2874 1094 2898 ora
1121 2871 1265 2896 novem
1280 2886 1290 2905 ‚
1325 2863 1440 2893 vaslo
1470 2868 1563 2891 own
1581 2866 1691 2888 mm·-

167 2934 276 2958 mure
302 2920 473 2967 montis,
512 2919 552 2957 It
570 2932 681 2955 mare
692 2927 935 2969 proruptam
965 2926 1003 2956 et
1027 2918 1181 2969 pelago
1204 2915 1352 2966 premit
1381 2926 1483 2951 arva
1505 2911 1689 2948 sonanti.-

167 2980 252 3017 ΔΗὶο
287 2986 423 3016 tamen
454 2977 524 3015 ille
552 2975 687 3014 urbem
728 2978 889 3014 Patavi
922 2976 1111 3029 sedesque
1143 2974 1293 3012 locavit
1340 2973 1605 3017 Teucrorum,
1659 2975 1694 3004 el
