1811 3388
459 225 571 272 AD
643 222 1079 270 LIBRUM
1149 223 1207 271 11
1487 230 1586 275 433

450 401 1016 461 EXCURSUS
1093 402 1223 458 XV

229 516 574 562 Praedictio
616 515 816 558 aditus
852 515 1171 573 Ilesperc‘ae
1211 514 1458 558 obscura.

207 635 254 684 ΙΙ,
284 636 378 676 781.
399 633 483 674 782
511 633 584 670 Ad
596 639 739 668 terram
759 631 1000 681 Hesperiam
1022 632 1152 668 venies
1166 659 1178 679 ‚
1211 629 1280 666 ubi
1304 632 1461 681 Lydius
1485 647 1585 671 arva

96 695 205 732 Inter
224 694 357 743 opima
379 691 505 727 virum
525 690 606 726 leni
615 689 717 737 fluit
735 690 898 738 agmine
933 688 1007 738 Th)
1018 687 1096 724 bris
1110 703 1122 724 :
1160 687 1254 724 Illic
1274 701 1333 724 res
1362 689 1492 726 laetae
1521 704 1585 726 re·-

92 763 294 802 gnumque
312 756 348 785 et
365 749 478 797 regia
500 748 644 783 coniux
663 746 796 782 Parta
815 744 900 782 tihi.
964 745 1007 783 In
1044 743 1106 782 his
1127 743 1306 782 versibus
1334 747 1464 795 gravis
1492 759 1584 784 ecn-

95 820 186 845 sura
211 813 352 858 poetae
380 803 567 841 occurrit.
625 801 821 840 Audierat
843 801 990 840 scilicet
1011 801 1160 839 Aeneas
1186 801 1264 838 iam
1284 807 1371 839 tum
1388 816 1437 840 ex
1459 803 1585 841 Creu-

95 878 136 902 sa
150 894 160 912 ,
189 877 307 914 quam
332 862 375 899 in
393 867 542 899 terram
566 859 649 897 sata
672 871 760 896 eum
783 865 912 896 essent
935 859 1123 897 ductura:
1162 864 1280 896 norat
1301 858 1529 912 Hesperiam
1548 867 1588 898 et

96 921 291 970 Tiberim5
321 919 401 971 ipse
432 917 604 956 Tiberim
630 916 670 953 in
695 915 868 953 discessu
889 916 937 953 ab
962 913 1238 955 Andromache
1261 916 1366 954 sacto
1392 924 1588 956 memorat

94 979 163 1017 lib.
180 978 244 1027 Ill,
268 979 351 1019 500
375 989 431 1026 sq.
460 974 617 1012 Latium
636 973 749 1011 sociis
765 973 939 1011 ostendit
967 973 1150 1011 laborum
1180 972 1298 1011 finem
1319 973 1346 1022 1,
1372 975 1455 1016 205
1482 976 1586 1012 Ten-

95 1036 227 1073 dimus
246 1037 286 1071 in
308 1035 476 1071 Latium
491 1038 563 1069 etc.
585 1037 624 1068 et
642 1030 834 1082 Apollinis
857 1031 1006 1082 Grynei
1033 1029 1260 1079 oraculum,
1291 1031 1401 1080 quod
1428 1031 1493 1070 lib.
1521 1032 1585 1080 IV,

97 1092 190 1134 345.
222 1091 303 1132 346
327 1091 375 1128 de
394 1089 551 1127 sedibus
575 1088 617 1125 in
634 1088 746 1125 ltalia
765 1088 848 1125 sato
879 1087 1082 1126 destinatis
1108 1086 1217 1126 haud
1237 1086 1355 1125 dubie
1386 1088 1465 1126 iam
1496 1095 1586 1126 ante

98 1150 308 1187 discessum
330 1161 350 1185 e
369 1147 488 1186 Troia
508 1151 725 1196 acceperat.
784 1144 907 1195 Atqui
939 1145 978 1182 in
1010 1152 1197 1195 sequente
1228 1144 1330 1182 libro
1354 1143 1525 1182 Aeneam
1545 1146 1586 1183 in

97 1206 287 1253 Thracia,
317 1217 414 1243 mox
432 1205 472 1241 in
494 1205 611 1241 Creta
634 1202 839 1239 considere
860 1201 1099 1250 videbimus,
1143 1202 1354 1251 Hesperiae
1375 1208 1415 1239 et
1433 1202 1584 1240 Tiberis

97 1264 212 1315 plane
242 1264 532 1308 immemorem,
574 1272 699 1309 neque
731 1259 937 1297 oraculum
966 1259 1158 1309 Apollinis
1178 1260 1218 1297 in
1253 1258 1345 1296 Delo
1368 1266 1585 1311 acceptum,

98 1334 169 1359 nec
189 1320 392 1358 Penatium
413 1318 608 1355 monitum
630 1316 671 1353 in
699 1315 807 1353 hunc
828 1329 985 1353 sensum
1005 1316 1356 1367 interpretantem,
1394 1316 1502 1366 quod
1522 1323 1586 1353 ta-

98 1392 185 1416 men
211 1379 337 1415 t'acere
352 1387 504 1413 necesse
522 1380 606 1411 erat
628 1373 673 1421 ei,
704 1374 770 1423 qui
790 1372 887 1410 haec
907 1386 955 1410 ex
978 1375 1140 1423 coniuge
1159 1385 1227 1411 sua
1247 1372 1440 1412 audierat.
1471 1374 1586 1420 Quo-

97 1435 216 1472 modo
238 1447 355 1485 porro
378 1433 537 1470 classem
557 1443 696 1482 parare
720 1436 904 1481 poterant
920 1430 983 1478 ill,
1005 1434 1030 1472 7
1053 1432 1200 1467 lneerlc'
1226 1444 1302 1480 quo
1317 1430 1582 1480 fiztajerant,

98 1492 166 1529 ubi
195 1494 323 1528 sistere
352 1490 492 1527 delur?
518 1494 558 1525 et
586 1490 652 1528 88.
687 1488 813 1537 Quem
841 1487 1072 1538 sequimur?
1109 1500 1232 1538 quove
1262 1488 1317 1522 ire
1344 1486 1482 1524 iubes?
1520 1486 1587 1524 1ch

94 1563 236 1599 ponere
255 1547 394 1584 sedes?
424 1546 466 1583 ln
488 1544 685 1583 Servianis
716 1545 792 1581 iam
816 1544 908 1581 olim
933 1544 1051 1582 fuisse
1075 1544 1258 1591 videtur,
1299 1543 1367 1592 qui
1394 1542 1492 1581 haec
1513 1543 1586 1580 de-

97 1605 376 1657 prehenderet:
412 1603 491 1641 Cur
509 1616 616 1652 ergo,
650 1601 791 1650 inquit,
809 1602 968 1639 Aeneas
986 1600 1125 1637 horum
1142 1615 1220 1638 non
1240 1601 1418 1637 meminit
1440 1609 1477 1637 et
1492 1615 1587 1638 eon—

97 1664 191 1700 sidit
223 1664 262 1698 in
301 1661 476 1698 'l'lzracc'a
503 1668 538 1696 et
569 1659 663 1695 aliae
688 1658 816 1696 loeis?
873 1659 922 1696 Et
948 1657 997 1694 ad
1027 1657 1091 1705 Ill,
1132 1659 1208 1698 181
1245 1655 1362 1694 etiam
1399 1657 1495 1694 alios
1522 1657 1589 1695 hie

97 1719 262 1757 haesisse
290 1714 466 1755 intellexi
495 1729 515 1753 e
548 1716 683 1753 Burm.
715 1721 823 1753 nota.
882 1715 1016 1752 Potest
1039 1720 1171 1751 tamen
1202 1712 1371 1763 aliquid,
1405 1727 1479 1752 nec
1505 1714 1587 1752 sine

98 1776 251 1824 colore,
290 1774 541 1826 responderi:
590 1771 699 1822 quod
734 1774 934 1821 Hesperia
966 1771 1050 1809 sive
1081 1772 1207 1809 ltalia
1237 1776 1346 1808 terra
1382 1776 1466 1808 tum
1505 1777 1588 1809 erat

96 1834 249 1883 ignota,
282 1831 439 1869 obscuri
459 1829 628 1868 nominis
649 1835 687 1866 et
706 1829 828 1879 ignoti
844 1829 955 1877 situs,
989 1828 1116 1867 multo
1139 1828 1259 1878 magis
1279 1827 1451 1877 Tiberis3
1480 1828 1587 1866 unde

98 1890 148 1928 de
167 1904 211 1927 eo
236 1903 314 1926 non
338 1888 436 1926 male
459 1888 528 1925 inf.
551 1887 616 1924 lib.
644 1886 688 1933 V,
720 1888 773 1926 83
804 1886 1054 1933 Ausonium,
1095 1886 1321 1935 quicunque
1344 1891 1423 1933 est,
1461 1899 1587 1936 quae-

97 1962 175 1984 rere
200 1946 409 1993 'l'l1ybrim‚·
440 1944 627 1995 quodque
648 1943 816 1980 Creusae
839 1943 1059 1989 monitum,
1090 1948 1138 1979 ut
1157 1943 1284 1980 solent
1311 1954 1374 1979 res
1398 1942 1588 1980 obscurae

98 2010 167 2042 aut
198 2003 326 2041 minus
359 2001 602 2053 probabiles,
642 2013 783 2051 parum
813 2000 890 2037 alte
917 2000 959 2037 in
987 2000 1140 2036 Aeneae
1170 1999 1344 2037 animum
1371 1998 1587 2037 descende-

97 2067 183 2098 rat:
214 2073 293 2097 non
316 2059 434 2108 magis
457 2072 501 2095 ac
519 2057 760 2095 Cassandrae
779 2057 1012 2094 vaticinium
1038 2056 1104 2094 lib.
1127 2055 1192 2104 ΠΙ,
1227 2058 1306 2096 183
1333 2068 1416 2105 sqq.
1474 2056 1587 2093 Unde

99 2124 138 2154 et
159 2116 344 2154 Anchises
363 2116 415 2153 ibi
437 2114 616 2164 adiungit
636 2127 672 2151 v.
696 2117 789 2156 186.
811 2116 890 2154 187
911 2115 992 2151 Sed
1009 2115 1099 2164 quis
1123 2114 1181 2149 ad
1196 2114 1420 2161 Hesperiae
1446 2121 1586 2149 ventu-

98 2190 159 2210 ros
178 2176 308 2210 lillora
337 2174 500 2208 'l'eucros
517 2171 706 2207 crederet!
740 2171 846 2206 Bona
868 2177 927 2208 est
943 2171 984 2208 in
1004 2169 1107 2207 hanc
1129 2170 1208 2206 sere
1231 2168 1469 2206 sententiam
1491 2175 1585 2207 nota

99 2228 373 2268 Holdsworthi
405 2242 442 2280 p.
473 2230 568 2269 236.
598 2227 648 2264 cf.
674 2240 710 2277 p.
740 2229 833 2267 232.

436 2511 999 2570 EXCURSUS
1069 2508 1235 2563 XVI

299 2627 695 2677 Luciferi
765 2632 1001 2665 ortus
1071 2620 1156 2663 ab
1225 2619 1387 2660 Ida.

214 2742 257 2789 ll,
287 2744 365 2782 801
397 2744 564 2793 Iamque
585 2743 693 2790 iugis
710 2753 888 2776 summae
915 2735 1100 2787 surgebat
1121 2734 1288 2782 Lucifer
1315 2734 1416 2770 ldae
1449 2733 1587 2769 Duce-

101 2797 241 2847 batque
272 2799 389 2835 diem.
452 2799 555 2835 Noto
597 2803 806 2848 poetarum
844 2806 952 2832 more
990 2792 1117 2830 sidera
1158 2790 1358 2827 montibus
1402 2788 1588 2825 oriuntur

101 2853 164 2890 vel
194 2854 399 2903 occidunt3
437 2868 474 2892 v.
504 2868 536 2891 e.
570 2854 754 2904 Apollon.
782 2853 818 2900 l,
853 2854 982 2898 12733
1031 2860 1145 2898 quem
1175 2853 1307 2884 autem
1331 2846 1449 2882 alium
1469 2857 1586 2893 quam

102 2909 208 2946 ldam
241 2917 412 2947 montem
445 2923 661 2948 memorare
690 2909 729 2947 h.
758 2909 782 2947 l.
817 2913 971 2959 poterat
998 2905 1140 2956 poeta?
1200 2904 1259 2941 Ita
1293 2899 1586 2951 Eurip.'1'road.

170 2976 371 3022 Vinum.
410 2977 545 3023 Tom.
584 2976 644 3023 ll.
1246 2971 1312 3015 2²3
