1811 3388
444 230 849 280 AENEIDOS
889 233 1029 284 LIB.
1071 238 1155 300 VI,
1203 245 1484 299 861-874

1626 262 1723 307 997

220 350 327 398 Sed
349 355 463 401 Nox
486 361 593 403 atra
615 365 772 419 caput
794 358 923 406 tristi
949 360 1294 413 circumvolat
1311 370 1510 423 umbra.

218 422 359 468 Tum
383 431 535 485 pater
553 425 831 489 Anchises,
869 427 1096 479 lacrimis
1122 432 1382 497 ingressus
1403 440 1624 496 obortis:

216 491 263 538 Ο
285 499 468 554 gnate,
509 492 784 558 ingentem
801 496 1005 547 luctum
1029 517 1098 550 ne
1123 520 1318 568 quaere
1337 516 1575 573 tuorum3

214 559 521 610 Ostendent
540 566 693 613 terris
717 565 860 616 hunc
883 577 1090 618 tantum
1114 570 1238 635 fata,
1263 592 1441 642 neque
1466 579 1599 631 ultra
1624 590 1720 638 870

210 630 338 678 Esse
360 630 548 683 sinent.
619 637 855 685 Nimium
879 638 1031 687 vobis
1049 643 1289 693 Romana
1309 663 1549 713 propago

209 699 328 748 Visa
350 709 567 765 potens,
608 705 824 771 Superi,
862 711 1076 774 propria
1097 711 1228 762 haec
1255 716 1295 763 si
1320 715 1461 767 dona
1486 718 1718 774 fuissent.

211 771 451 829 Quantos
471 771 561 821 ille
587 774 760 823 virum
784 792 1033 841 magnam
1061 785 1311 832 Mavortis
1336 787 1401 835 ad
1425 789 1617 838 urbem

208 840 441 906 Campus
466 851 583 906 aget
608 846 862 908 gemitus!
899 848 984 898 vel
1015 867 1174 916 quae,
1209 854 1486 922 Tiberine,
1515 860 1718 911 videbis

275 937 390 984 869.
427 948 564 983 NATE

298 1049 368 1084 867
411 1052 485 1083 Sea
529 1052 637 1086 Goth.
680 1060 760 1088 tert.
817 1057 921 1091 volat
965 1061 1066 1093 tristi
1104 1061 1236 1096 circum
1277 1074 1390 1111 caput
1432 1067 1559 1103 umbra
1599 1071 1713 1115 Bigot.

202 1094 271 1129 868
299 1094 439 1130 abonis
464 1104 499 1130 et
523 1098 581 1132 hic
607 1112 683 1133 esse
707 1102 835 1136 lectum
861 1116 879 1137 e
902 1104 1017 1139 Pierio
1043 1114 1200 1152 apparet.

201 1147 238 1172 et
263 1141 308 1174 al.
336 1143 445 1187 (quod
472 1147 652 1183 revocavi3
689 1148 758 1182 vid.
785 1152 826 1191 Q.
860 1152 904 1185 V.
938 1154 1143 1197 XXXVIII,
1179 1159 1209 1192 1.
1248 1158 1343 1202 lVr.)

245 1234 252 1241 ⁶
361 1236 368 1244 ·
594 1195 662 1228 870
688 1198 894 1230 Ostendant
920 1206 955 1232 et
977 1202 1105 1233 sinunt
1137 1202 1254 1236 Schol.
1290 1205 1410 1248 Statii,
1441 1208 1554 1242 Theb.
1580 1212 1606 1252 Ι,
1630 1213 1711 1254 586,

197 1247 293 1278 prius
321 1243 425 1270 etlam
452 1240 540 1272 Gud.
567 1252 586 1273 a
611 1253 656 1274 m.
682 1254 735 1286 pr.
762 1250 796 1275 et
819 1245 942 1286 Leid.,

199 1199 265 1232 pro
292 1190 375 1225 Var.
401 1191 497 1227 Lect.

1295 1113 1363 1146 869
1390 1116 1418 1145 O
1448 1125 1562 1160 gnate
1585 1118 1710 1152 Medic.

1392 1172 1538 1194 suoram
1571 1166 1711 1199 Oudart.

975 1253 1011 1279 et
1041 1240 1218 1282 arridebat
1250 1251 1407 1286 Heinsio.
1456 1255 1553 1288 hunc
1584 1267 1711 1291 natum

198 1282 307 1314 Goth.
334 1296 425 1326 sec.‚
451 1287 514 1319 sed
539 1300 743 1331 perperam:
769 1302 845 1323 nam
870 1292 914 1324 ad
939 1293 1074 1326 virilem
1102 1301 1251 1329 aetatem
1276 1309 1500 1343 pervenerat,
1526 1309 1565 1335 ut
1587 1304 1642 1336 vel
1667 1317 1708 1337 ex

196 1329 496 1373 disputationibus
522 1335 675 1367 virorum
702 1337 883 1371 doctorum
909 1340 953 1372 ad
984 1341 1205 1386 Propertium
1238 1351 1369 1379 notum.
1417 1360 1532 1393 neque
1562 1362 1709 1384 revoca-

195 1375 245 1408 vit
279 1377 483 1421 Burmann.‚
528 1381 692 1414 Heinsius
726 1385 913 1418 secundum
947 1387 1124 1431 potiores:
1163 1402 1239 1424 nec.
1282 1392 1366 1435 (vid.
1401 1395 1441 1434 Q.
1476 1396 1520 1428 V.
1554 1397 1708 1440 XXXII,

195 1424 228 1457 6.
260 1425 357 1469 ll'r.)

195 1477 231 1502 et
254 1471 400 1505 Dorvill.
426 1486 445 1507 a
470 1487 513 1507 m.
540 1488 592 1519 pr.
641 1476 732 1510 llaec
755 1478 855 1512 abest
879 1480 921 1513 ab
949 1482 1091 1516 Oudart.

193 1517 250 1551 ed.
273 1519 362 1553 Ven.

191 1615 233 1650 in
254 1616 342 1665 ipso
365 1624 449 1655 est.-
479 1617 692 1656 verisimile
724 1619 788 1669 fit,
820 1621 850 1658 si
879 1621 922 1660 id

189 1673 355 1723 cogite3‚
383 1674 497 1725 'quod
523 1678 743 1715 sententiae
763 1678 825 1717 vis
842 1693 919 1731 po-

188 1730 339 1768 stulare
370 1733 555 1783 videtur,
596 1748 700 1773 nove
727 1735 767 1774 h.
791 1736 817 1774 l.
853 1739 919 1774 in-

187 1795 272 1824 star
297 1789 474 1841 positum
513 1804 594 1829 esse
622 1807 696 1844 pro
735 1795 917 1846 exemplo

187 1859 352 1897 magnae
376 1847 602 1899 dignitatis,
633 1851 763 1902 specie
791 1866 917 1903 augu—

186 1908 250 1940 sta
290 1906 482 1957 corporiS.
542 1907 671 1957 Nam,
721 1909 793 1947 etsi
834 1924 916 1948 non

184 1961 384 2012 ignorem,
420 1977 521 2014 quae
553 1965 755 2017 disputata
784 1968 864 2005 sint
893 1982 916 2005 a

184 2019 283 2057 viris
317 2020 467 2070 doctis,
517 2037 645 2074 nuper
683 2025 853 2075 repetita
893 2039 915 2062 a

184 2077 380 2117 Dorvillio
405 2080 456 2117 ad
478 2079 628 2121 Charit.
652 2095 690 2133 p.
714 2085 810 2131 333,
832 2097 913 2120 non

182 2141 317 2174 tamen
358 2138 453 2175 satis
495 2139 711 2189 acquiescit
751 2140 913 2191 legentis

183 2193 362 2244 animus,
402 2196 433 2232 si
466 2195 565 2233 nihil
593 2196 702 2234 aliud
738 2211 912 2235 assumas

182 2264 332 2301 quam:
383 2260 533 2303 quanta
569 2254 788 2293 similitudo
826 2256 909 2293 eius

181 2315 240 2346 est
263 2323 315 2348 sc.
336 2324 425 2348 cum
446 2318 581 2362 patre3
612 2312 794 2363 inprimis
817 2327 908 2351 cum

178 2369 458 2418 praecesserit:
498 2370 580 2418 (mi
596 2373 779 2421 strepitus
800 2373 907 2409 circa

177 2427 396 2462 comitum!
440 2427 549 2476 quod
586 2427 668 2465 sine
705 2428 826 2466 dubio
854 2429 906 2466 ad

175 2483 411 2533 popularem
432 2484 608 2522 savorem
628 2486 905 2536 referendum3

176 2546 363 2591 expectas
383 2555 492 2579 nunc
510 2542 658 2593 aliquid
671 2573 681 2592 ,
711 2544 820 2594 quod
839 2544 905 2582 di-

174 2598 366 2648 gnitatem
388 2600 467 2636 oris
490 2606 530 2637 et
544 2601 788 2638 maiestatem
812 2615 904 2640 cor-

174 2656 283 2706 poris
300 2657 564 2696 commendet.
623 2659 688 2697 Vs.
714 2661 798 2700 867
828 2660 909 2697 Secl
947 2660 1067 2712 sata.

172 2715 273 2750 Nox
322 2714 435 2753 haud
495 2716 615 2754 dubie
675 2717 899 2768 pulcerrimi

172 2770 474 2821 phantasmatis.
536 2775 724 2812 Graviter
748 2774 899 2813 dictum

172 2834 258 2865 erat
277 2829 325 2866 ab
357 2829 533 2868 Homero
564 2832 639 2869 Od.
675 2849 713 2882 υ,
744 2833 822 2874 351
851 2828 899 2873 3A

171 2885 296 2925 δειλοὶ
333 2887 370 2926 τί
415 2886 538 2928 κακὸν
577 2886 669 2929 τόδε
707 2886 894 2942 πάσχετε;

171 2942 282 2982 νυκτὶ
312 2941 386 2995 μὲν
411 2943 550 2996 ’ὑμέων
592 2946 789 2987 Εἰλύαται
828 2963 895 2988 κε-

453 1428 519 1464 871
546 1427 650 1461 nobis
674 1430 812 1474 Menag.
845 1444 913 1465 sec.
947 1446 976 1466 c.
1009 1436 1088 1468 Exc.
1120 1437 1233 1470 Burm.

1328 1441 1396 1474 872
1426 1442 1578 1486 Superis
1608 1445 1707 1478 Rom.

1188 1484 1255 1519 874
1280 1486 1343 1518 vel
1364 1495 1453 1531 quot
1490 1490 1529 1521 T.
1564 1490 1707 1524 videres

980 1624 1107 1675 φαλαί
1129 1640 1191 1674 τε,
1222 1624 1418 1679 πρόςωπά
1443 1644 1483 1669 τε
1514 1628 1635 1683 νέρθε
1665 1648 1704 1673 τε

976 1685 1119 1734 γοῦνα.
1179 1683 1231 1721 At
1268 1687 1446 1724 ornatius
1485 1688 1575 1725 Nox
1613 1688 1703 1740 (pro

977 1739 1122 1793 Morte)
1151 1741 1418 1782 circumvolat
1433 1751 1563 1796 caput.
1621 1746 1702 1785 No-

977 1797 1053 1846 cti,
1084 1799 1252 1849 Somno,
1283 1800 1423 1850 Morti,
1456 1803 1536 1839 alas
1565 1803 1702 1853 tribui,

975 1868 1085 1893 nunc
1124 1862 1219 1894 nota
1259 1870 1322 1894 res
1362 1865 1432 1897 est.
1488 1861 1536 1898 cf.
1574 1862 1700 1900 Guell.

976 1913 1126 1962 Cerda‚
1159 1921 1197 1951 et
1217 1914 1268 1952 ad.
1290 1915 1431 1955 Tibull.
1455 1917 1503 1967 II,
1527 1921 1561 1966 1,
1584 1921 1650 1959 89.

1033 1973 1270 2012 868—887.
1290 1973 1548 2025 Quantopere
1568 1977 1699 2014 omnia

973 2026 1072 2064 haec
1105 2028 1155 2065 ad
1178 2029 1362 2067 affectum
1400 2033 1697 2071 accommodata

973 2090 1012 2121 et
1050 2085 1157 2123 dicta
1193 2086 1303 2136 sint,
1353 2102 1514 2126 monere
1541 2103 1696 2128 necesse

971 2156 1052 2180 non
1075 2149 1145 2181 est.
1205 2144 1283 2182 Sed
1301 2145 1508 2184 fatendum
1530 2153 1610 2197 est,
1635 2150 1694 2186 se-

968 2200 1149 2237 licissime
1168 2200 1266 2239 haec
1294 2216 1316 2239 a
1348 2203 1525 2242 Voltario
1558 2211 1694 2243 trans-

968 2257 1047 2295 lata
1076 2271 1156 2295 esse
1186 2259 1237 2297 ad
1265 2260 1518 2311 Burgundiae
1546 2262 1693 2301 Ducem

965 2315 1006 2353 in
1023 2315 1224 2354 Henriade
1253 2318 1364 2358 Cant.
1395 2318 1466 2357 VII
1509 2320 1612 2369 Qael
1637 2330 1694 2359 est

966 2388 1008 2410 ce
1025 2376 1151 2421 jezme
1170 2377 1317 2412 Prinne
1330 2405 1340 2423 ‚
1375 2389 1422 2413 en
1442 2378 1513 2428 qui
1534 2379 1576 2415 la
1597 2392 1690 2415 ma-

952 2433 1062 2477 jeste'
1081 2437 1154 2469 etc.
1188 2435 1370 2482 propria,
1405 2441 1616 2486 perpetua3
1643 2441 1690 2473 ut

963 2488 1039 2525 iam
1067 2488 1161 2528 alibi
1188 2489 1372 2528 vidimus.
1415 2492 1518 2529 cons.
1548 2492 1687 2530 cerda.

964 2548 1059 2587 868.
1106 2549 1306 2597 ingressus
1329 2576 1339 2595 ‚
1403 2548 1502 2587 infit.
1588 2551 1683 2591 870-

969 2603 1183 2640 Ostendent
1234 2607 1345 2642 terris
1385 2606 1492 2643 Ιιιιησ
1531 2614 1685 2644 tantum

1129 2661 1234 2699 Hinc
1255 2662 1419 2701 ductum
1440 2663 1541 2701 illud
1559 2664 1682 2701 Taciti

958 2718 1002 2756 in
1024 2718 1205 2770 Agricola
1228 2722 1292 2761 13.
1323 2729 1559 2759 monstratas
1570 2721 1680 2770 satis

965 2777 1261 2827 Vespasianus.
1297 2777 1364 2815 ubi
1379 2778 1489 2829 salis
1510 2783 1567 2814 est
1594 2783 1676 2814 ter-

956 2834 1036 2871 tius
1067 2848 1178 2872 casus
1197 2864 1207 2884 ,
1243 2835 1293 2872 ad
1324 2835 1403 2872 fata
1438 2840 1675 2884 sequutura3

957 2891 1008 2929 ad
1035 2892 1245 2943 imperium
1278 2893 1360 2928 fato
1389 2891 1461 2941 ipsi
1497 2891 1672 2928 destina-

956 2955 1056 2987 tum.
1097 2948 1251 3001 (melius
1272 2948 1367 2986 haec
1386 2948 1670 3000 interpretatur
