1811 3388
424 139 839 189 AENEIDOS
876 140 1017 190 LIB.
1057 142 1144 204 VI,
1182 149 1474 200 309--326
1617 159 1716 207 899

194 267 287 312 Ast
309 263 435 313 alios
457 264 618 328 longe
639 263 920 313 submotos
946 275 1089 315 arcet
1111 284 1282 320 arena.

191 337 422 394 Aeneas,
460 335 679 383 miratus
704 335 876 399 enim,
914 344 1205 404 motusque
1230 340 1481 405 tumultu,

194 404 315 465 Dic,
355 405 446 466 ait,
489 420 521 452 0
543 405 714 468 virgo,
755 405 885 471 quid
905 405 1014 454 volt
1049 423 1337 458 concursus
1366 410 1429 459 ad
1465 425 1713 469 amnem?

191 472 399 533 Quidve
420 483 613 539 petunt
636 476 879 526 animae?
915 475 1001 525 vel
1035 493 1143 543 quo
1180 478 1484 530 discrimine
1505 485 1643 550 ripas

187 543 298 590 Hae
319 542 595 609 linquunt,
634 544 751 593 illae
774 547 936 594 remis
959 546 1091 596 vada
1112 546 1270 598 livida
1293 559 1551 603 verrunt?
1609 563 1710 608 320

191 611 299 660 Olli
321 612 391 660 sic
413 614 648 663 breviter
668 613 773 664 fata
798 625 876 664 est
903 615 1161 680 longaeva
1184 620 1458 673 sacerdos:

186 681 413 731 Anchisa
434 693 710 747 generate,
750 684 915 734 deum
939 688 1227 738 certissima
1249 691 1448 756 proles,

188 752 370 815 Cocyti
391 762 571 817 stagna
592 754 693 803 alta
714 755 887 819 vides,
928 758 1270 825 Stygiamque
1297 761 1567 827 paludem,

183 821 249 870 Di
278 822 423 871 cuius
444 824 616 873 iurare
640 825 834 874 timent
860 835 911 875 et
938 825 1121 877 fallere
1150 845 1370 883 numen.

186 892 330 940 Haec
391 894 593 957 omniS,
655 911 816 961 quam
860 897 1058 961 cernis,
1121 899 1276 966 inops
1320 900 1705 969 inhumataque

978 966 1133 1016 turba
1162 978 1262 1028 est3
1602 978 1704 1026 325

181 1030 417 1079 Portitor
436 1031 542 1097 ille,
584 1033 824 1096 Char0n3
863 1033 933 1099 hi,
975 1054 1110 1103 quos
1132 1039 1278 1089 vehit
1299 1039 1458 1103 unda,
1494 1043 1700 1109 sepulti.

273 1159 342 1194 316
365 1161 452 1194 illos
476 1174 529 1206 pr.
559 1163 682 1196 Hamb.
733 1161 890 1198 semotos
919 1164 1013 1199 idern
1047 1179 1122 1199 cum
1155 1167 1271 1211 Bigot.
1309 1169 1470 1204 Parrhas.
1501 1178 1536 1204 et
1569 1171 1703 1217 aliquot

178 1204 282 1247 Pier„
307 1207 408 1241 male.
458 1210 533 1241 late
556 1222 624 1242 sec.
647 1212 776 1243 Moret.
871 1213 941 1247 317
963 1214 1162 1247 miseratus
1188 1215 1296 1249 Goth.
1325 1228 1394 1249 sec.
1444 1219 1556 1251 enim:
1588 1220 1632 1252 cf.
1657 1221 1700 1254 V.

176 1251 217 1284 L.
241 1253 284 1285 ad
305 1254 353 1293 X,
381 1256 460 1289 874.
533 1257 601 1291 318
627 1270 829 1291 conversus
855 1259 988 1292 Zulich.
1011 1273 1029 1292 a
1053 1273 1095 1293 m.
1115 1274 1168 1306 pr.
1197 1263 1290 1305 (dice
1310 1263 1416 1296 scribi
1436 1264 1535 1297 iubet
1557 1267 1699 1300 W'akef.

177 1299 221 1331 ad
243 1300 381 1335 Lucret.
406 1303 445 1341 11,
470 1300 570 1342 484.;
596 1303 665 1336 vid.
688 1306 730 1338 V.
750 1305 790 1337 L.
811 1305 893 1347 adl,
919 1307 997 1341 753.
1022 1309 1118 1351 lVr.)
1191 1310 1261 1344 319
1279 1322 1348 1355 quo
1369 1311 1432 1343 vel
1447 1312 1534 1344 Ven.
1583 1325 1701 1357 quove

177 1346 338 1379 Parrhas.
411 1350 480 1384 3⁹20
506 1350 647 1395 liquida
667 1352 767 1384 Rom.
815 1362 969 1386 vertunt
987 1353 1124 1399 aliquot
1143 1355 1233 1390 Pier.
1262 1363 1296 1388 et
1314 1357 1476 1391 Parrhas.
1526 1359 1700 1404 linquant

174 1393 344 1427 Rottend.
367 1402 450 1428 tert.
546 1398 615 1432 322
631 1399 792 1432 Anchise
820 1400 966 1433 Vratisl.
1061 1402 1130 1436 323
1157 1411 1294 1435 stanna
1327 1404 1459 1438 Zulich.
1494 1413 1527 1437 et
1557 1406 1637 1440 330.
1663 1414 1699 1440 et

176 1440 283 1472 Goth.
307 1447 387 1474 tert.
483 1444 552 1478 325
570 1446 685 1477 cernit
702 1446 864 1480 Parrhas.
913 1455 969 1479 est
999 1446 1096 1480 abest
1118 1461 1137 1481 a
1168 1449 1258 1482 binis
1279 1451 1393 1484 ssurm.
1488 1453 1558 1486 326
1580 1456 1697 1486 Coron

174 1487 302 1530 passim
323 1489 498 1523 scribitur.
549 1504 640 1536 quos
658 1492 758 1525 vellit
775 1493 839 1526 ille
856 1505 922 1526 em.
936 1495 986 1526 Io.
1004 1494 1192 1529 Schrader.
1245 1497 1341 1530 Velzi
1355 1504 1472 1531 tamen
1492 1499 1637 1533 dicimus
1660 1507 1696 1533 et

175 1535 266 1566 navi
289 1541 324 1566 et
349 1537 451 1569 anila
470 1544 505 1569 et
524 1547 646 1571 vento.

172 1643 340 1680 miltitur
378 1658 496 1681 cursa
508 1660 522 1691 ;
580 1650 669 1683 tum
694 1659 790 1684 vero
829 1645 905 1684 do-

178 1699 305 1749 ctius,
344 1701 427 1752 ipse
452 1716 588 1739 cursus
609 1706 901 1741 transmitlilur.

169 1757 230 1795 Ita
253 1755 508 1810 πορθμεύειν
529 1758 596 1801 τὸν
620 1764 763 1801 πλοῦν.
806 1764 901 1803 316.

169 1826 387 1854 summolos
424 1826 531 1855 arcet
559 1818 600 1856 in
643 1819 777 1858 littore
811 1820 902 1872 ple-

168 1873 259 1911 nius
279 1888 354 1925 pro
378 1883 616 1914 summovet.

227 1934 467 1973 318—324.
500 1935 554 1971 Ut
572 1935 765 1971 Palinuri
782 1947 899 1972 men—

167 1988 319 2026 tionem
348 1991 476 2028 sacere
512 1998 665 2043 posset,
708 1992 899 2043 sagaciter

167 2047 389 2084 intertexta
420 2055 514 2086 sunt
543 2048 642 2086 haec
674 2049 723 2086 de
753 2056 895 2101 negato

166 2104 273 2155 parti
298 2105 532 2143 umbrarum
554 2107 738 2145 traiectu.
798 2111 893 2149 320.

165 2163 278 2211 ripas
303 2163 381 2200 liae
412 2164 598 2215 linquunt
614 2196 624 2213 ,
659 2165 807 2202 iterum
828 2178 894 2202 re-
913 2204 915 2206 ,

166 2219 336 2269 cedunt,
375 2235 458 2258 non
487 2221 678 2259 admissae
714 2222 755 2260 in
781 2235 894 2274 cym—

164 2277 268 2315 bam.
327 2281 444 2316 remis
478 2279 587 2316 vada
620 2288 801 2318 verrunt:
841 2280 895 2318 At

163 2349 251 2387 sup.
285 2338 368 2377 302
399 2336 481 2387 ipse
513 2336 672 2375 Charon
698 2339 893 2389 remigat?

162 2393 301 2431 Potuit
319 2407 411 2431 sane
433 2394 494 2432 sui
515 2395 661 2433 oblitus
689 2409 770 2433 esse
792 2409 891 2448 poe—

162 2456 216 2489 ta.
276 2451 490 2490 Enimvero
520 2466 679 2491 necesse
710 2468 790 2492 non
820 2460 891 2503 est,

162 2515 207 2550 ut
224 2509 330 2560 ipsae
352 2510 504 2548 animae
527 2512 741 2561 remigent:
781 2512 890 2562 quod

162 2567 272 2618 apud
300 2568 518 2605 Lucianum
551 2569 704 2607 faciunt
733 2569 890 2620 aliquo-

160 2626 234 2662 ties
286 2625 439 2663 animae
489 2625 703 2664 Charontis
758 2627 888 2677 iussu5

159 2696 254 2719 nam
284 2683 414 2734 simpl.
456 2684 605 2722 dictum
638 2697 718 2722 esse
754 2692 888 2736 potest

158 2753 256 2791 pro,
307 2741 498 2791 navigant
541 2749 654 2780 trans
694 2742 885 2781 fluvium:

158 2797 277 2834 etiam
310 2795 380 2836 ins.
410 2799 489 2840 411
522 2815 599 2850 per
624 2802 726 2851 iuga
757 2802 886 2852 longa

157 2854 344 2893 sedebant
364 2858 526 2894 animae
544 2887 555 2906 ‚
591 2864 794 2908 tamquam
811 2872 885 2899 ve-

962 1705 1167 1756 longaeva
1197 1713 1295 1745 nota
1322 1708 1457 1747 fabula
1485 1708 1534 1746 de
1557 1709 1693 1762 Sibyl-

960 1762 1022 1801 la:
1053 1763 1136 1804 vid.
1157 1766 1268 1804 Serv.
1329 1768 1426 1808 322.
1444 1769 1663 1806 certissima
1673 1785 1691 1817 ;

959 1834 1053 1859 nam
1088 1836 1175 1873 sup.
1216 1825 1309 1865 130.
1340 1827 1414 1866 131
1438 1827 1595 1875 pauci,
1628 1827 1691 1865 dis

955 1881 1109 1929 genili,
1141 1886 1310 1931 potuere
1339 1882 1472 1921 redire
1508 1896 1558 1920 ex
1587 1884 1690 1923 inse-

957 1938 1024 1975 ris.
1070 1935 1235 1989 (deam
1266 1940 1425 1988 proles,
1483 1941 1565 1979 vid.
1597 1942 1687 1981 Not.

958 1994 1010 2032 ad
1040 1995 1069 2041 I,
1100 1994 1138 2035 4.
1170 1994 1290 2048 Wr.)
1358 2000 1453 2039 323.
1500 1998 1688 2049 Cocytum

957 2058 996 2089 et
1017 2053 1179 2101 Stygem
1198 2054 1447 2105 appositione
1470 2055 1591 2094 dixit:
1614 2059 1686 2095 etsi

953 2122 1048 2147 vere
1068 2109 1246 2148 diversos
1277 2124 1423 2150 amnes.
1454 2126 1492 2152 v.
1517 2114 1684 2155 Excurs.

953 2167 1022 2204 IX.
1084 2168 1179 2208 324.
1212 2170 1276 2206 DL·
1295 2171 1424 2218 cuias,
1460 2183 1511 2208 ex
1537 2171 1682 2223 Odyss.

954 2239 983 2273 ε,
1001 2226 1093 2266 185.
1119 2226 1211 2266 186.
1234 2226 1352 2275 (adde
1362 2227 1682 2282 Hesiod.Theog.

953 2284 1049 2323 793.
1067 2295 1151 2332 sqq.
1185 2282 1303 2337 lVr.)
1364 2287 1496 2324 iurare
1527 2295 1563 2324 et
1580 2288 1681 2339 fal-

951 2339 1048 2387 lere,
1080 2340 1269 2391 peierare.

1008 2399 1265 2440 325—336.
1316 2400 1426 2438 Bona
1453 2401 1590 2453 religio
1629 2416 1679 2443 ex

949 2454 1126 2506 Orphica
1149 2455 1371 2509 disciplina,
1395 2459 1446 2497 ad
1464 2460 1677 2500 inflecten-

950 2512 1022 2550 dos
1062 2514 1238 2552 ferorum
1273 2514 1486 2555 hominum
1525 2520 1677 2558 animos

946 2570 1133 2620 inventa,
1164 2578 1212 2610 ut
1236 2571 1496 2613 humanitatis
1517 2590 1676 2616 sensum

947 2628 1147 2667 iustorum
1187 2632 1548 2681 persolvendorum
1600 2649 1674 2673 ne—

946 2686 1104 2724 cessitas
1121 2697 1353 2728 consecrata
1368 2692 1561 2730 excitaret
1570 2707 1580 2741 )
1605 2694 1674 2743 qui

943 2744 1099 2796 primus
1126 2744 1376 2786 humanioris
1414 2750 1547 2787 cultus
1578 2763 1672 2800 gra-

946 2802 1021 2841 dus
1041 2809 1123 2853 est3
1162 2818 1254 2842 cum
1275 2819 1445 2858 corpora
1474 2807 1672 2858 insepulta

944 2860 1098 2899 abiecta
1137 2862 1337 2901 feritatem
1377 2865 1602 2902 animorum
1632 2872 1670 2902 et

1275 2931 1393 2977 57*

965 1653 1097 1685 ctores
1147 1648 1246 1687 locis
1299 1650 1517 1702 assignatis·
