1779 3420
161 221 261 268 238
575 208 1282 261 EXCURSUSX

489 423 1220 484 EXCURSUS
1297 420 1364 476 X

399 557 649 600 [Uerenrins
691 554 756 597 acl
788 554 965 596 Poenos
1001 551 1265 610 placandos
1296 551 1472 592 missus.

285 691 324 739 Ι,
356 692 452 733 297.
515 690 634 726 Haec
665 689 748 725 ait:
782 693 818 722 ec
848 686 977 722 stIaia
1007 685 1194 733 genitum
1224 683 1394 720 demillia
1423 680 1475 718 ab
1502 681 1585 717 alto
1616 692 1701 730 sqq.

170 749 343 789 Videtur
385 747 496 786 hune
539 752 682 798 poetae
724 744 857 781 locum
896 742 1136 794 expressisse
1179 741 1355 779 caelator
1405 751 1582 790 gemmae
1622 752 1703 776 non

170 807 355 861 ignobilis
390 819 410 842 e
441 805 578 843 Museo
614 803 903 849 Bonrclalovia',
935 807 1027 853 post
1055 799 1286 839 Montesalc.
1327 799 1367 836 in
1398 797 1562 848 Virgilio
1594 797 1703 834 Lon-

173 867 352 914 dimensi,
399 863 614 902 lusticiano
657 868 697 900 et
734 859 1004 911 Ambrogiano
1035 858 1252 910 repetitae,
1289 857 1330 895 in
1366 869 1445 906 qua
1480 855 1632 908 Iupiter
1663 855 1705 892 in

173 924 305 965 medio
338 922 501 970 sedens,
536 921 671 960 Venus
698 920 815 958 iuxta
853 932 945 956 cum
976 919 1122 956 Amore
1152 917 1236 955 Iovi
1270 915 1522 967 supplicans,
1563 927 1614 952 ex
1644 913 1707 950 al-

174 991 263 1023 tera
297 987 412 1034 parte
443 979 668 1018 Mercurius
701 992 794 1016 cum
825 976 1027 1014 mandatis
1054 975 1159 1014 Iovis
1189 974 1417 1023 discedens,
1460 972 1582 1010 modo
1613 972 1707 1009 satis

175 1041 329 1093 liquido
366 1044 592 1087 constaret,
635 1051 686 1075 an
716 1050 739 1073 a
774 1049 898 1074 manu
931 1035 1095 1086 antiqua
1121 1047 1222 1085 opus
1251 1032 1351 1071 illud
1378 1032 1603 1084 profectum
1635 1031 1707 1079 sit3

178 1099 276 1139 mihi
314 1104 449 1136 tamen
490 1109 627 1135 omnes
665 1095 756 1134 illae
795 1106 973 1145 gemmae
1021 1092 1281 1144 Virgilianae,
1319 1097 1367 1128 ut
1396 1091 1495 1127 aliae
1537 1089 1707 1128 Romani

178 1157 430 1210 argumenti,
463 1155 638 1194 recentia
672 1153 829 1204 ingenia
863 1152 1035 1204 prodere
1067 1151 1276 1199 videntur,
1311 1163 1392 1186 non
1422 1149 1527 1186 enim
1562 1149 1601 1186 id
1631 1147 1710 1185 suit

179 1229 347 1256 suorum
387 1220 600 1267 poetarum
631 1212 813 1250 studium
854 1210 1061 1258 l'iomaniS,
1096 1222 1170 1247 nec
1210 1208 1351 1246 Graeci
1386 1208 1559 1245 artiliees
1595 1206 1709 1244 latini

181 1274 371 1314 carminis
409 1273 595 1324 peritiam
633 1277 785 1308 tantam
812 1268 999 1307 habuisse
1028 1268 1246 1316 videntur3
1281 1273 1423 1304 contra
1452 1266 1609 1303 saeculo
1635 1264 1711 1302 XV

181 1341 222 1373 et
250 1333 344 1371 XVI
378 1345 470 1370 cum
501 1332 678 1369 Graecae
708 1328 869 1366 fabulae
907 1328 1029 1377 vulgo
1061 1326 1369 1377 ignorarentur,
1403 1324 1454 1362 ad
1487 1325 1712 1362 Romanam

180 1391 395 1431 historiam
425 1403 470 1427 ac
495 1390 620 1428 ritum
652 1387 836 1425 revocari
873 1386 1003 1438 prisca
1030 1390 1315 1432 monumenta,
1347 1383 1399 1420 ad
1435 1382 1606 1420 eundem
1638 1382 1712 1419 alia

182 1450 359 1491 recentia
389 1462 511 1501 opera
539 1445 704 1495 confici,
738 1445 883 1497 passim
917 1444 1113 1482 solebant.
1174 1443 1361 1480 Ceterum
1394 1441 1592 1480 celeritati
1612 1441 1714 1477 bene

185 1508 412 1548 consulitur
452 1521 473 1543 a
510 1513 651 1559 poeta,
682 1504 791 1542 omni
833 1502 934 1541 [ovis
975 1514 1159 1540 sermone
1202 1501 1368 1547 omisso,
1411 1514 1490 1550 quo
1521 1500 1715 1537 mandata

185 1566 388 1607 Mercurio
431 1565 525 1603 data
564 1569 702 1613 erant,
744 1575 941 1613 quaenam
980 1561 1048 1599 illa
1084 1559 1236 1598 suerint
1270 1559 1527 1609 intelligimus
1563 1571 1613 1595 ex
1656 1558 1714 1602 iis,

188 1639 290 1679 quae
323 1623 548 1663 Mercurius
577 1621 825 1673 exsequitur.
906 1619 1131 1657 Mercurius
1163 1623 1299 1655 autem
1332 1617 1493 1663 animis,
1534 1623 1580 1654 ut
1614 1615 1654 1654 h.
1690 1615 1715 1653 l.

188 1684 358 1724 Didonis
391 1689 430 1720 et
465 1683 718 1728 Poenorum,
754 1678 980 1716 molliendis
1011 1684 1051 1715 et
1084 1675 1294 1714 flectendis
1330 1675 1512 1727 inprimis
1546 1675 1717 1712 idoneus

191 1744 313 1791 deus,
344 1740 413 1792 qui
429 1741 547 1792 seros
572 1740 702 1777 cullas
733 1738 944 1775 hominum,
975 1744 1200 1781 recemum,
1235 1734 1414 1784 adeoque
1447 1740 1487 1771 et
1517 1733 1717 1771 barbaro-

191 1816 305 1849 rum,
338 1800 474 1851 quales
503 1797 622 1836 Poeni
657 1802 794 1844 erant,
824 1795 1027 1833 formavit.
1089 1793 1251 1831 Scilicet
1291 1792 1366 1830 hoe
1400 1792 1452 1829 ad
1488 1791 1719 1844 persuasio—

192 1861 254 1900 nis
280 1859 362 1897 vim
393 1857 587 1910 pertinet,
620 1855 660 1893 in
693 1853 920 1901 monendo,
951 1851 1124 1891 consiliis
1153 1851 1321 1899 dandis,
1349 1857 1387 1887 et
1416 1851 1470 1888 sic
1502 1864 1646 1902 porro,
1671 1855 1720 1887 ut

194 1918 339 1970 Odyss.
379 1933 422 1966 α,
457 1918 511 1956 37
552 1914 603 1951 ad
643 1912 946 1951 dehortanduni
982 1926 1002 1948 a
1040 1910 1188 1948 scelere
1220 1909 1455 1961 Aegisthum
1495 1908 1720 1946 Mercurius

194 1977 386 2016 mittitur.
446 1973 623 2011 Omnino
652 1971 883 2009 oeconomia
915 1969 1074 2007 fabulae
1106 1968 1226 2006 huius
1256 1968 1376 2020 primi
1413 1967 1504 2005 libri
1534 1974 1594 2005 est
1632 1966 1721 2003 exi-

196 2036 297 2075 miae
327 2033 438 2072 artis.
499 2029 749 2082 Carthaginis
781 2029 977 2066 adversus
1007 2027 1162 2065 Aeneae
1188 2028 1269 2064 sata
1297 2026 1468 2064 tuendae
1495 2025 1631 2064 studio
1664 2022 1721 2077 (V.

198 2108 285 2147 sup.
329 2095 394 2133 13.
428 2089 509 2144 19.)
545 2090 643 2128 [uno
678 2088 856 2126 Aeneam
883 2086 1060 2124 immissa
1090 2091 1327 2137 tempestate
1369 2084 1537 2137 perdere
1577 2083 1723 2121 volue-

198 2159 275 2192 rat.
343 2149 468 2200 Atqui
496 2148 574 2186 hae
612 2148 697 2199 ipsa
728 2152 960 2198 tempestate
990 2145 1030 2182 in
1066 2143 1316 2195 Carthaginis
1343 2142 1486 2192 huius,
1528 2142 1592 2180 eui
1622 2142 1723 2180 tuno

199 2210 363 2257 metuit,
398 2208 516 2246 littus
551 2206 710 2244 eiicitur
748 2204 911 2242 Aeneas.
982 2203 1063 2241 Iam
1095 2202 1251 2240 mireris
1281 2202 1423 2252 utique
1458 2207 1619 2253 poetam
1646 2199 1725 2237 hoe

201 2283 297 2307 casu
329 2280 411 2305 non
440 2278 485 2304 eo
519 2265 605 2313 uti,
644 2271 692 2302 ut
718 2269 833 2301 tanto
862 2262 1054 2300 maiorem
1086 2261 1202 2299 nobis
1233 2273 1353 2312 super
1387 2260 1543 2298 Aeneae
1581 2258 1726 2296 discri-

201 2328 308 2366 mine
339 2339 384 2362 ac
418 2323 618 2376 periculo,
664 2336 714 2359 ex
751 2321 913 2359 lunonis
949 2320 1051 2358 odiis
1090 2320 1131 2357 in
1170 2319 1239 2357 illa
1272 2320 1357 2370 ipsa
1393 2325 1503 2357 terra
1542 2324 1582 2355 et
1611 2317 1726 2363 urbe,

203 2398 305 2438 quae
335 2383 433 2421 deae
466 2388 679 2433 tantopere
709 2392 829 2418 curae
857 2378 1050 2429 cordique
1078 2383 1185 2426 erat,
1215 2377 1496 2429 impendente,
1529 2375 1727 2413 sollieitu-

205 2444 340 2482 dinem
373 2440 506 2479 saciat.
567 2439 646 2477 Sed
677 2444 797 2491 poeta
831 2437 947 2474 aliam
978 2437 1085 2474 viam
1117 2442 1178 2473 est
1208 2435 1421 2486 ingressus,
1483 2436 1539 2473 Ne
1580 2434 1730 2471 Aeneas

204 2502 336 2540 ullum
362 2499 404 2537 in
427 2497 490 2535 his
523 2497 618 2535 locis
653 2496 877 2549 periculum
908 2494 1048 2543 adeat,
1084 2494 1264 2531 mittitur
1294 2494 1518 2532 Mercurius
1550 2493 1601 2530 ad
1629 2492 1730 2529 Poe-

206 2572 355 2600 norum
380 2556 624 2606 Didonisque
648 2553 831 2606 inprimis
862 2554 1017 2590 animos
1044 2551 1223 2604 placidos
1253 2558 1293 2589 et
1325 2552 1521 2603 propitios
1553 2551 1731 2588 officien-

209 2619 294 2657 dos.
361 2615 455 2664 Quo
486 2614 617 2662 facto,
651 2626 743 2651 cum
777 2618 913 2656 tamen
941 2610 1007 2647 vel
1037 2610 1092 2647 sie
1123 2610 1257 2647 Venus
1291 2609 1477 2655 haberet,
1519 2609 1629 2659 quod
1665 2608 1733 2645 Iu-

208 2675 326 2716 nonis
365 2673 458 2712 odia
497 2678 538 2710 et
568 2671 648 2709 iras
687 2675 904 2717 metueret,
947 2667 1155 2720 Cupidinis
1197 2681 1292 2705 mox
1335 2668 1400 2705 illa
1441 2681 1562 2719 opes-a
1602 2666 1734 2704 utitur

212 2734 298 2789 (ins,
328 2734 412 2774 670
435 2732 558 2781 sqq),
587 2735 631 2767 ut
664 2727 830 2766 Didonis
863 2726 1042 2764 animum
1070 2739 1205 2763 amore
1228 2726 1269 2763 in
1298 2726 1474 2763 Aeneam
1501 2725 1735 2767 inflammet,

212 2806 294 2846 quo
327 2790 461 2829 minus
486 2787 554 2825 illa
582 2785 746 2825 Iunonis
774 2785 907 2835 aliquo
937 2783 1096 2822 monitu
1123 2785 1165 2821 in
1196 2783 1353 2822 diversa
1381 2784 1544 2821 consilia
1567 2782 1736 2835 impulsa

212 2852 254 2891 in
285 2849 369 2888 eius
410 2845 626 2899 perniciem
658 2845 872 2895 conspiret.
934 2843 1090 2880 Interea
1131 2842 1255 2891 Iuno,
1299 2842 1396 2880 dum
1427 2841 1489 2880 his
1519 2842 1595 2879 iam
1627 2840 1740 2878 malis

215 2910 331 2948 aliter
363 2904 524 2945 occurri
555 2917 637 2942 non
668 2914 782 2955 posse
811 2900 926 2940 videt
958 2898 1015 2953 (v.
1047 2900 1114 2949 IV,
1139 2903 1194 2942 90
1224 2900 1351 2954 sqq),
1382 2900 1461 2938 hoc.
1496 2900 1582 2952 ipso
1614 2898 1740 2936 Dido—

215 2968 276 3007 nis
307 2971 348 3005 et
378 2962 535 3002 Aeneae
565 2974 700 3001 amore
730 2959 782 2998 ad
812 2957 1081 2998 avertendum
1112 2958 1161 2996 ab
1194 2959 1307 2997 ltalia
1340 2958 1512 2997 Aeneam
1546 2963 1586 2996 et
1612 2958 1744 2995 inter-
