1779 3420
160 179 260 227 442
470 173 524 221 P.
571 168 930 220 VIRGILII
975 167 1352 216 MARONIS

157 298 401 363 Auguriis
423 298 627 362 agimur
652 295 859 355 divom,
898 292 1227 358 classemque
1252 292 1349 341 sub
1371 293 1480 358 ipsa
1639 297 1670 345 5

156 368 436 420 Antandro
459 376 511 416 et
536 364 790 427 Phrygiae
814 362 1073 411 molimur
1094 362 1368 411 montibus
1391 362 1534 424 Idae,

157 438 379 500 Incerti,
425 452 532 502 quo
556 434 658 482 fata
677 432 852 481 ferant
868 472 880 494 ,
915 431 1008 481 ubi
1028 432 1213 481 sistere
1238 431 1410 495 detur,

163 506 648 570 Contrahimusque
669 502 823 554 viros
882 502 976 554 Vix
995 502 1165 567 prima
1190 502 1460 567 inceperat
1481 508 1669 550 aestas:

156 579 223 627 Et
245 586 397 643 pater
416 573 669 625 Anchises
697 571 823 621 dare
842 570 960 620 fatis
984 570 1100 622 vela
1126 570 1366 633 iubebat3

229 665 273 710 8.
309 669 528 716 AEsTAs3
671 659 715 705 9.
761 667 1012 703 IUBEBAT:

157 809 240 842 qua,
275 797 337 829 sed
362 806 471 839 aeque
497 793 616 837 tenui,
657 794 925 838 probabilitatis
953 791 1072 838 specie
1097 791 1284 826 conficere.
1331 790 1499 835 Equidem
1525 787 1668 833 acquie-

160 843 324 876 scendum
348 848 434 887 puto
459 840 495 873 in
520 841 632 874 Servii
658 841 911 886 explicatione:
955 840 1222 883 „desertasz
1259 851 1278 872 a
1312 837 1522 870 Dardano.“
1573 836 1669 868 Con-

158 896 229 923 stat
256 896 368 922 antem
393 886 579 932 aliquoties
605 891 746 921 Aenean
771 900 835 934 per
861 887 1000 921 oracula
1024 885 1229 928 admoneri,
1264 884 1503 929 antiquam
1541 888 1580 914 ut
1606 894 1668 914 ex-

157 935 274 981 quirat
298 934 456 980 patriam.
486 936 541 969 W
539 935 583 978 r.)
656 936 679 971 5
703 935 918 980 classimque
941 937 1059 979 Sprot.
1107 933 1316 977 classesque
1338 943 1392 977 pr.
1417 929 1583 963 Rottend.
1602 940 1667 974 pro

156 995 230 1016 var.
254 981 337 1016 lect.
432 983 454 1016 6
479 989 515 1014 et
539 981 640 1015 abest
664 981 839 1014 nonnullis
877 981 971 1026 apud
995 979 1114 1012 Heius.
1153 986 1188 1012 et
1211 979 1304 1012 Pier.
1398 979 1420 1012 7
1444 976 1573 1024 serent
1598 976 1667 1008 duo

154 1028 272 1061 Heius.
368 1029 390 1064 8
422 1030 471 1061 Ut
489 1029 612 1074 prima
634 1029 760 1061 Hamb.
785 1041 839 1072 pr.
888 1027 1066 1073 inceperit
1091 1026 1218 1059 Medio.
1243 1038 1263 1059 a
1287 1037 1341 1070 pr.
1364 1036 1410 1058 m.
1507 1024 1529 1057 9
1553 1025 1604 1056 At
1627 1034 1667 1067 p.

154 1075 222 1108 duo
246 1076 359 1108 Burm.
407 1078 456 1108 Et
478 1086 543 1118 pro
569 1088 648 1108 cum
672 1075 708 1107 in
732 1074 904 1108 Montalb.
930 1086 972 1107 ex
996 1073 1141 1118 interpr.
1197 1074 1246 1105 Ut
1269 1084 1304 1118 p.
1331 1070 1422 1104 coni.
1447 1069 1580 1111 Heius„
1604 1068 1667 1101 sed

155 1130 190 1154 et
216 1121 385 1166 exquisite
411 1121 503 1166 apud
526 1129 649 1166 poetas
674 1133 740 1167 pro
765 1130 817 1164 ιιι,
843 1134 941 1162 cum3
968 1121 1032 1153 etsi
1056 1119 1169 1152 nolim
1195 1124 1387 1163 praestare,
1411 1117 1506 1162 quod
1527 1115 1666 1149 Servius

153 1168 223 1211 ait,
256 1168 478 1201 velocitatem
512 1167 637 1201 inesse.
685 1169 776 1201 dare
810 1169 930 1201 ventis
961 1167 1046 1200 vela
1080 1166 1150 1199 duo
1175 1165 1298 1198 Hamb.
1323 1176 1388 1209 pro
1426 1176 1497 1196 var.
1523 1163 1605 1196 lect.
1632 1168 1667 1194 et

154 1214 209 1247 ed.
245 1216 347 1257 Ven.,
393 1227 480 1259 quae
505 1227 586 1247 sane
613 1214 801 1248 communis
827 1220 1010 1260 poetarum
1034 1212 1147 1254 ratio,
1181 1212 1244 1245 sed
1278 1217 1426 1255 propter
1451 1210 1520 1242 hoc
1554 1210 1665 1253 ipsum

153 1268 334 1306 suspecta5
361 1261 428 1294 etsi
453 1273 522 1294 non
547 1261 790 1304 diffitendum,
818 1261 934 1306 satis,
977 1260 1013 1293 in
1038 1271 1108 1304 quo
1135 1258 1259 1303 optimi
1290 1257 1400 1291 Codd.
1435 1256 1665 1296 consentiunt,

153 1307 259 1341 etiam
283 1308 407 1352 fragm.
432 1307 561 1350 Vatia,
585 1315 735 1353 propter
760 1307 1044 1352 ambiguitatem,
1078 1306 1168 1338 sitne
1194 1304 1319 1338 tertius
1345 1317 1388 1337 an
1413 1310 1530 1337 sextus
1555 1315 1664 1343 casm,

154 1354 265 1388 minus
291 1355 507 1389 commodum
531 1355 569 1388 h.
593 1355 617 1388 1.
643 1355 766 1388 videri.
815 1356 876 1388 Est
901 1354 1021 1399 utique
1047 1364 1144 1386 casus
1171 1360 1306 1393 sextus,
1324 1350 1443 1397 satis,
1475 1349 1575 1383 fatali
1599 1361 1664 1381 ne—

152 1401 336 1434 cessitate:
374 1408 410 1435 et
442 1401 532 1435 hanc
567 1401 724 1447 inprimis
758 1401 930 1435 Anchises
968 1406 1071 1434 norat
1108 1407 1141 1432 et
1165 1399 1342 1432 monebat.
1377 1410 1408 1431 v.
1443 1398 1525 1431 Exc.
1549 1397 1662 1431 XVII.

152 1448 215 1482 sub
240 1448 298 1482 fin.
324 1448 368 1482 ad
392 1449 455 1482 lib.
480 1450 522 1482 11.

150 1565 294 1604 tundis.
357 1564 450 1620 (sed
479 1567 561 1606 vid.
594 1567 642 1605 V.
677 1567 719 1605 L.
755 1567 874 1621 lVr.)

151 1623 350 1675 Auguriis
390 1625 529 1663 clivum
572 1639 658 1677 sup.
694 1625 751 1673 Il,
792 1627 869 1667 691

150 1695 220 1732 sq„
251 1681 328 1719 nisi
351 1681 499 1720 addere
516 1683 627 1720 malis
647 1681 877 1734 prodigium

149 1739 332 1777 flammae
349 1753 386 1778 v.
410 1741 492 1781 682
520 1746 560 1778 et
588 1740 756 1778 Creusae
786 1753 876 1778 mo·-

149 1796 282 1834 nitum
305 1811 343 1835 v.
366 1799 461 1839 780.
510 1797 557 1835 In
576 1798 786 1835 Antandro
809 1811 877 1835 ar-

148 1860 346 1905 gutantur
378 1855 649 1903 Grmnmatici,
682 1861 721 1892 et
749 1854 876 1893 Cerda

149 1912 192 1949 in
214 1912 370 1949 adiecto
399 1914 505 1963 ipsa.
564 1913 803 1964 Simpliciter
827 1926 878 1951 ex

149 1969 280 2008 Strab.
310 1969 424 2018 XIII,
459 1984 498 2022 p.
534 1973 616 2011 606
649 1970 693 2008 D.
733 1976 877 2008 tenen—

150 2027 270 2073 dum,
316 2040 455 2065 versus
479 2028 685 2065 meridiem
713 2028 761 2065 ab
793 2028 876 2077 llio,

149 2085 202 2122 ad
223 2085 356 2123 sinum
369 2085 721 2136 Adrmuyttenum,
742 2086 874 2134 fuisse,

148 2143 288 2180 saltem
301 2143 516 2181 serioribus
531 2143 786 2195 temporibus,
800 2158 874 2182 ur-

147 2201 237 2239 bem
281 2199 563 2249 Antandrum,
610 2202 751 2240 navale
768 2231 777 2249 ‚
823 2201 874 2239 ad

146 2258 252 2296 Idaei
271 2258 418 2296 montis.
447 2258 612 2296 radices.
673 2258 781 2297 Nihil
798 2259 873 2310 igi-

146 2323 216 2354 tur
237 2316 397 2364 mirum,
416 2316 445 2353 si
457 2323 574 2367 poeta
586 2330 708 2355 naves
721 2316 873 2354 Aeneae

146 2374 187 2411 iu
218 2380 301 2411 tam
332 2373 456 2411 nobili
473 2380 513 2411 et
544 2374 752 2412 commodo
784 2374 872 2412 loco

147 2430 373 2468 aedificatas
394 2431 532 2468 tradit.
564 2432 746 2469 Materies
761 2432 872 2469 classi

147 2488 416 2526 aedificandae
456 2501 505 2525 ex
533 2495 667 2526 monte
701 2489 793 2536 Ida,
834 2495 873 2527 et

147 2546 307 2596 quidem
331 2558 381 2582 ex
397 2545 496 2595 iugis
515 2546 554 2582 iu
576 2560 684 2583 mare
702 2560 873 2596 procur-

146 2603 326 2641 rentibus
349 2603 556 2653 Gargaris,
589 2600 653 2655 (τὰ
684 2600 872 2655 Γάργαρα

145 2660 254 2713 sunt)
305 2660 563 2712 suppetebat:
606 2662 706 2697 cons.
741 2661 870 2697 Wood

147 2719 297 2770 (Es-say
331 2732 380 2755 on
408 2720 563 2754 Homer
595 2732 630 2768 p.
665 2717 778 2768 323.)
836 2721 871 2757 7.

147 2778 296 2815 Ιηερνίί
320 2775 676 2826 ([ιιο]ὶιία]ὶυ·αιιί.
709 2776 757 2812 ad
787 2773 825 2811 h.
851 2775 872 2812 l.

146 2835 195 2872 cs.
238 2833 343 2871 dicta
384 2833 424 2870 in
460 2832 625 2882 Disqujs.
659 2833 702 2870 11.
745 2847 772 2869 ὅ.
812 2832 873 2870 vl.

146 2892 240 2930 ΕΜ).
264 2892 338 2929 XV
356 2890 406 2928 ad
428 2889 496 2928 lib.
519 2890 564 2928 II.

574 1449 714 1493 (vincla
737 1449 815 1483 Alb.
848 1449 942 1491 Wr.)

991 1568 1029 1608 8.
1056 1566 1102 1604 V
1097 1567 1139 1603 ix
1152 1565 1294 1616 prima
1315 1565 1516 1614 inceperat
1529 1570 1663 1599 aestas

935 1638 964 1662 s.
988 1622 1148 1661 aestatis
1171 1621 1298 1673 prima
1319 1634 1425 1672 pars,
1455 1619 1496 1657 h.
1518 1632 1549 1657 e.
1577 1632 1660 1657 ver.

934 1681 1033 1718 Nam
1070 1679 1189 1718 Troia
1239 1691 1376 1717 eversa
1419 1678 1550 1715 fertur
1588 1676 1661 1714 sub

934 1738 1096 1776 initium
1128 1736 1246 1776 veris.
1285 1750 1326 1774 v.
1347 1736 1514 1773 Excurs.
1544 1734 1573 1772 Ι.
1605 1756 1659 1762 -

936 1798 974 1838 9.
1008 1797 1144 1843 Fatis,
1176 1800 1342 1846 propter
1365 1793 1533 1831 deorum
1554 1791 1660 1830 iussa

937 1859 974 1891 et
1002 1852 1174 1901 monita,
1217 1851 1265 1889 de
1303 1851 1447 1902 quibus
1480 1849 1532 1887 ad
1565 1863 1604 1888 v.
1634 1851 1659 1891 5

937 1910 1101 1951 dictum.
1169 1910 1276 1949 Vela
1302 1910 1397 1947 clare
1407 1908 1518 1959 satis
1537 1907 1658 1945 tertio

936 1982 1041 2016 casu,
1056 1968 1314 2019 ¹permittere,
1346 1972 1392 2005 ut
1412 1966 1521 2015 velis,
1544 1963 1658 2017 (ven-

935 2029 1000 2073 tis,
1017 2027 1037 2064 Ρ
1071 2023 1183 2078 er.)
1215 2025 1284 2063 vix
1306 2026 1529 2062 Romanum
1547 2028 1657 2060 esset.

936 2085 1001 2134 (de
1021 2097 1098 2122 vss.
1120 2086 1209 2124 8——
1228 2086 1290 2123 10.
1317 2082 1399 2120 vid.
1422 2081 1520 2120 V.L.
1533 2080 1583 2118 ad
1599 2094 1656 2118 vs,

936 2145 1000 2183 10.
1040 2142 1227 2180 Ceterum
1248 2140 1359 2191 satis
1378 2139 1544 2177 tertium
1576 2151 1657 2175 esse

934 2213 1068 2238 casum
1087 2198 1317 2246 statuerim3
1349 2210 1450 2249 quae
1474 2202 1534 2234 est
1556 2195 1656 2233 sim—

932 2258 1071 2309 plicior
1110 2256 1224 2295 ratio.
1283 2255 1337 2293 Ut
1384 2261 1517 2293 autem
1565 2253 1657 2291 alias

933 2314 1112 2354 ventis
1158 2314 1247 2352 vela
1288 2313 1456 2361 dantur,
1505 2317 1552 2349 ut
1590 2311 1655 2359 IV,

932 2372 1027 2415 546.
1071 2371 1177 2419 VIII,
1218 2373 1330 2419 708„
1375 2370 1433 2408 ita
1459 2368 1537 2407 hoc
1567 2367 1655 2406 loco

932 2430 1083 2477 satis,
1125 2442 1270 2478 quum,
1303 2427 1491 2477 quibus
1523 2425 1655 2465 danda

932 2493 1063 2524 essent
1092 2487 1284 2532 ventis,
1316 2498 1397 2521 uon
1423 2485 1517 2521 satis
1536 2484 1655 2521 sciret

932 2544 1094 2582 Aeneas.
1165 2543 1214 2580 Et
1243 2555 1367 2591 quum
1392 2542 1523 2579 omnia
1555 2542 1653 2579 deo-

931 2615 1023 2640 rum
1060 2600 1222 2637 numine
1255 2599 1509 2649 satorumque
1535 2600 1576 2637 vi
1611 2599 1653 2636 iu

933 2657 1103 2697 Aeneide
1131 2657 1344 2707 gubernari
1364 2663 1483 2708 pocta
1512 2657 1654 2695 volue-

933 2717 1010 2764 rit,
1044 2716 1142 2752 adeo
1171 2722 1217 2752 ut
1246 2714 1427 2763 Aenean,
1461 2728 1540 2765 quo
1572 2716 1651 2752 sata

933 2780 1131 2811 vocant
1179 2779 1531 2823 revocantque,
1590 2785 1646 2809 se-

934 2838 1118 2882 quentem
1137 2831 1264 2879 iaciat,
1287 2831 1435 2881 egregie
1457 2830 1535 2868 hoe
1557 2829 1652 2867 mihi

934 2889 1096 2926 videtur
1117 2889 1159 2926 in
1187 2889 1272 2939 ipso
1293 2889 1407 2939 fugae
1435 2894 1473 2925 ot
1500 2887 1652 2926 itineris
