1779 3420
158 196 260 243 492
488 190 544 238 Ρ.
581 187 949 238 VIRGILII
984 184 1365 235 MARONIS

156 319 341 384 Ecqua
359 324 541 364 tamen
565 330 737 380 puero
766 322 845 362 est
870 313 1091 362 amissae
1117 328 1240 361 cura
1263 307 1530 376 parentis?

155 385 367 454 Ecquid
394 386 448 434 in
471 385 745 450 antiquam
766 384 1022 432 virtutem
1043 383 1360 447 animosque
1386 379 1548 428 virilis

156 459 225 509 Et
244 465 398 523 pater
419 458 626 505 Aeneas
652 464 704 503 et
730 452 1020 503 avunculus
1047 453 1233 501 excitat
1250 454 1487 500 Hector?

230 526 376 577 Talia
397 524 663 575 fundebat
683 524 986 587 lacrimam,
1026 523 1328 588 longosque
1351 519 1521 569 ciebat

157 645 273 690 aliqua
291 644 426 678 doloris
445 642 702 688 significatione
721 641 900 686 exciperet
914 667 922 681 ‚
948 640 1040 672 unde
1062 639 1123 672 illa
1153 639 1329 672 coniicere
1349 642 1494 682 posset,
1520 636 1684 668 Creusam

158 693 227 725 iam
250 705 267 725 e
289 692 362 725 vita
381 691 588 724 decessisse.
638 689 728 722 Hinc
755 688 974 732 interruptus
1005 700 1056 719 vs-
1082 687 1163 721 340.
1213 686 1284 719 Sed
1308 685 1368 717 ubi
1395 684 1464 716 hoc
1491 683 1597 715 modo
1626 683 1685 714 in—

158 740 387 784 terrumpitur
409 737 545 777 oratio,
570 737 619 769 ita
639 743 756 769 tamen
779 736 848 768 hoc
868 734 1094 777 attemperari
1120 746 1184 778 par
1206 739 1280 773 est,
1316 738 1375 773 ut,
1409 729 1494 775 quid
1525 730 1616 762 alter
1648 730 1684 761 in

159 787 274 820 animo
299 787 450 826 habeat,
475 785 579 817 facile
604 796 681 816 sese
705 783 844 827 prodat.
893 782 933 814 Id
964 793 1048 814 vero
1077 793 1118 813 ex
1146 780 1201 813 his
1230 779 1346 812 verbis
1380 781 1491 820 Quem
1518 776 1584 809 tibi
1613 778 1685 809 iam

164 835 275 867 Troia
293 833 417 866 coniici
441 844 510 864 non
531 843 657 877 posse,
685 837 846 874 apertum
867 837 937 868 est3
973 840 1179 873 quamquam
1198 827 1256 867 id,
1282 825 1377 870 quod
1396 824 1552 857 debebat
1566 850 1575 865 ,
1601 836 1686 856 sen-

159 881 246 914 sisse
267 880 558 919 Andromachen,
592 877 668 923 ipsa
694 877 825 910 indicat
858 875 1104 920 subsequentis
1136 873 1308 908 orationis
1340 871 1502 912 indoles,
1545 871 1684 915 quando

158 941 227 961 vss.
244 928 326 963 341.
346 939 422 971 sqq.
449 926 567 959 vivere
586 925 770 958 Ascanium
790 924 965 968 significat
986 922 1246 963 Andromache,
1272 920 1331 966 qui
1354 932 1397 952 an
1418 918 1554 952 viveret
1576 930 1686 963 quae-

159 976 265 1008 sierat
285 975 391 1007 modo
417 986 458 1006 ex
488 977 616 1006 Aenea.
667 974 787 1016 Itaque
817 984 857 1003 ex
888 971 949 1004 alt.
977 970 1187 1014 Menagiano
1222 980 1287 1013 pro
1321 971 1432 1011 Quem
1462 965 1684 999 scribendum

160 1026 280 1065 Quae,
307 1021 401 1066 quod
419 1021 592 1054 referatur
609 1019 653 1052 ad
670 1026 817 1052 matrem
841 1017 1001 1059 Ascanii,
1039 1025 1121 1062 post
1149 1024 1351 1062 superatne
1380 1020 1497 1046 autem
1526 1012 1686 1046 interro-

159 1069 267 1114 gandi
286 1069 419 1113 signum
433 1094 441 1110 ,
468 1075 503 1101 et
524 1074 608 1112 post
628 1080 725 1100 aura
745 1078 879 1099 comma
898 1065 1119 1110 ponendum,
1146 1071 1184 1096 ut
1205 1063 1335 1107 duplex
1355 1061 1499 1094 exsistat
1526 1060 1686 1093 interro-

159 1118 265 1162 gatio,
288 1123 324 1149 et
340 1116 483 1148 verbum
503 1123 656 1160 superat
676 1115 719 1146 ad
739 1113 935 1153 Ascanium,
960 1114 1120 1145 vescitur
1140 1111 1185 1144 ad
1207 1111 1369 1143 Creusam
1387 1114 1534 1154 spectet.
1586 1111 1687 1150 Quae

158 1171 296 1205 autem,
323 1163 383 1195 ubi
404 1162 513 1195 semel
537 1170 692 1194 extrema
721 1173 841 1193 versus
875 1159 1121 1205 praecedentis
1148 1170 1230 1204 pars
1261 1158 1305 1190 ad
1335 1156 1521 1190 Ascanium
1547 1156 1686 1187 refere—

159 1213 281 1253 batur,
306 1217 484 1256 promtum
507 1208 638 1242 eratin
661 1213 773 1251 Quem
804 1215 951 1240 mutare.
1002 1208 1164 1239 Ceterum
1193 1205 1222 1238 si
1256 1204 1333 1249 quis
1366 1210 1511 1249 quaerat
1549 1215 1590 1235 ex
1619 1214 1685 1243 me,

159 1259 336 1304 quomodo
357 1257 551 1301 explendus
572 1256 734 1289 videatur
755 1256 811 1289 hic
830 1255 1045 1295 versiculus,
1072 1261 1109 1286 ut
1133 1260 1229 1286 certe
1258 1258 1399 1285 constet
1427 1251 1471 1284 de
1499 1249 1686 1291 sententia,

157 1319 201 1339 ne
223 1306 291 1350 ipsi
309 1304 449 1349 quidem
468 1304 619 1348 Virgilio
641 1304 801 1348 suspicor
832 1303 1055 1335 obversatam
1087 1314 1163 1334 esse
1194 1300 1335 1344 plenam
1364 1298 1505 1343 suisque
1533 1297 1686 1329 numeris

158 1354 367 1387 absolutam.
416 1354 460 1385 Et
482 1352 649 1385 hactenus
678 1352 832 1383 fortasse
866 1349 1127 1382 assentiendum
1158 1349 1225 1381 erit
1255 1346 1452 1387 Brunckio,
1486 1344 1686 1388 Virgilium,

158 1402 187 1433 si
210 1400 390 1441 licuisset,
415 1400 504 1432 baec
522 1405 790 1432 retractaturum
810 1397 918 1430 fuisse
936 1396 1107 1442 opinanti.
1140 1396 1234 1439 Wr.)
1330 1393 1397 1429 341
1424 1397 1473 1426 Et
1500 1405 1593 1438 quae
1614 1393 1688 1426 iam

158 1456 238 1482 ante
258 1448 381 1480 Heins.
401 1447 598 1491 legebatur.
627 1446 688 1490 (ita
706 1445 817 1478 Palat.
839 1452 873 1477 et
895 1447 948 1479 10.
983 1444 1077 1486 HJ.)
1126 1446 1172 1476 At
1196 1441 1360 1476 meliores
1382 1441 1502 1473 Heius.
1535 1446 1570 1472 et
1594 1439 1686 1472 Pier-

158 1509 234 1529 cum
257 1497 398 1528 Donato
420 1503 453 1527 et
472 1494 626 1527 Carisio:
651 1497 700 1527 Ec
720 1505 793 1538 qua
814 1501 933 1525 tumen
950 1492 1005 1524 vel
1030 1495 1083 1524 'Ec
1107 1503 1180 1536 qua
1211 1499 1356 1529 tumen3
1394 1489 1462 1521 hoc
1491 1494 1527 1520 et
1557 1488 1683 1529 fragm.

157 1543 271 1578 Vatie.
292 1543 411 1575 habet.
461 1541 529 1575 Alii
551 1545 672 1587 thue
689 1549 807 1573 tumen
821 1566 829 1581 ,
862 1543 911 1572 Ec
930 1552 1023 1584 quae
1041 1538 1096 1571 vel
1117 1541 1264 1584 Ecquae
1295 1545 1391 1577 tam,
1428 1539 1529 1578 Quae
1564 1543 1686 1567 tumen

159 1600 194 1624 et
207 1604 246 1637 p.
274 1590 336 1635 (sic
361 1589 439 1622 Alb.
470 1590 565 1633 ll⁷r.)
617 1591 696 1630 Qua
718 1596 839 1620 tumen
861 1595 916 1626 et,
944 1586 1035 1618 utin
1058 1585 1185 1618 talibus
1213 1584 1322 1617 errari
1352 1585 1428 1616 sere
1459 1583 1562 1615 solet.
1611 1584 1685 1613 Ec—

158 1650 339 1683 quaenam
361 1637 469 1669 Goth.
491 1649 544 1681 pr.
593 1639 740 1680 Ecquae
759 1636 928 1679 Pompon.
948 1634 1029 1666 sab.
1050 1632 1314 1677 interpretatur.
1365 1631 1494 1663 anzissi
1513 1629 1688 1676 parentis

159 1686 254 1730 apud
282 1684 460 1717 carisium.
488 1697 517 1717 v.
548 1682 698 1715 Pierium
724 1682 769 1714 ad
798 1682 832 1714 h.
862 1682 885 1713 l.
935 1681 1067 1713 Probat
1094 1681 1162 1712 hoc
1191 1679 1294 1711 etiam
1320 1677 1539 1717 Markland.‚
1572 1675 1685 1707 invito

158 1734 273 1765 Burm.
300 1734 458 1764 amissae
477 1740 532 1763 est
550 1744 577 1762 c.
599 1730 702 1762 etiam
722 1728 893 1761 nonnulli.
942 1728 1114 1772 Equidem
1140 1727 1232 1759 hunc
1251 1737 1385 1758 versum
1409 1724 1538 1756 dudum
1558 1735 1686 1767 suspe-

159 1787 250 1812 ctum
271 1778 398 1818 habui3
426 1785 459 1810 et
479 1778 593 1810 adbuc
614 1789 815 1821 persuasum
834 1775 921 1808 mihi
942 1776 1077 1815 habeo,
1111 1786 1129 1806 e
1156 1781 1276 1806 vetere
1310 1772 1452 1818 quidem
1485 1771 1578 1803 libro
1610 1782 1685 1802 eum

159 1827 205 1860 ad
234 1838 297 1859 nos
331 1825 555 1870 pervenisse,
590 1825 653 1857 sed
678 1823 869 1867 aliquando
899 1823 944 1855 ad
971 1822 1163 1866 marginem
1192 1820 1306 1854 aliena
1336 1831 1439 1852 manu
1471 1817 1687 1862 adscriptum

159 1874 383 1914 adhaesisse,
409 1885 475 1906 una
494 1885 568 1905 cum
596 1872 795 1914 fragmento
818 1870 1010 1914 superioris
1030 1881 1170 1908 versus,
1205 1868 1300 1901 cuius
1334 1867 1469 1911 reliqua
1499 1878 1580 1909 pars
1617 1865 1686 1897 ob-

158 1921 317 1954 litterata
345 1926 437 1959 erat3
474 1921 540 1960 Et,
577 1919 607 1952 si
635 1920 726 1951 bene
754 1929 926 1962 auguror,
970 1931 988 1950 a
1018 1924 1124 1961 poeta
1153 1922 1288 1948 tantum
1316 1914 1377 1947 illa
1406 1913 1538 1958 scripta
1570 1919 1684 1945 erant:

161 1970 256 2011 Quid
272 1981 368 2014 puer
385 1969 582 2001 Ascanius.
632 1967 772 2011 Ecquid
794 1968 829 1998 in
862 1966 1052 2009 antiquam
1079 1977 1113 1996 v.
1161 1961 1354 1995 Brunckius
1388 1968 1574 2005 utrumque
1604 1972 1687 1991 ver-

159 2028 234 2049 sum
255 2029 274 2049 a
292 2022 400 2060 poeta
417 2021 551 2047 temere
571 2014 606 2046 in
629 2014 785 2046 chartam
815 2012 1010 2045 coniectum
1043 2010 1152 2043 fuisse
1181 2010 1426 2050 existimabat,
1464 2014 1503 2040 ut
1531 2007 1615 2040 olim
1643 2007 1686 2039 ab

160 2075 202 2096 eo
225 2068 489 2095 retractaretur.
540 2061 609 2093 Vix
629 2068 745 2093 tamen
768 2060 855 2092 baec
888 2059 1029 2091 omnino
1060 2065 1188 2102 poetae
1214 2057 1248 2089 in
1282 2056 1433 2090 animum
1462 2055 1583 2088 venire
1616 2066 1687 2099 po·-

158 2118 280 2152 tuere,
306 2122 382 2143 cum
402 2109 516 2142 aliena
538 2109 608 2141 sint
628 2121 646 2140 a
670 2120 707 2140 re
731 2114 765 2140 et
785 2107 877 2140 loen.
906 2107 984 2151 (sed
1004 2106 1083 2138 vide
1110 2105 1198 2147 iam,
1224 2117 1313 2149 quae
1343 2104 1387 2137 ad
1408 2115 1458 2136 vs.
1489 2102 1571 2137 340.
1596 2102 1688 2134 scri-

159 2158 302 2203 psimuS.
335 2157 429 2200 Il'r.)
526 2156 595 2191 342
622 2159 669 2188 Et
690 2156 777 2200 quid
798 2154 916 2195 multi,
952 2161 989 2186 ut
1018 2154 1145 2186 solent.
1243 2151 1312 2187 343
1344 2151 1551 2184 avonculus
1582 2149 1687 2190 Gud,

160 2214 195 2238 ut
217 2217 356 2249 semper
374 2205 408 2236 in
432 2203 614 2236 similibus.
710 2202 781 2237 344
807 2203 1014 2247 multosque
1042 2214 1071 2234 c.
1104 2201 1243 2244 Menag.
1274 2211 1327 2245 pr.
1354 2200 1569 2243 iamnosque
1597 2196 1687 2230 alter

159 2253 298 2295 Ilamb.,
323 2252 415 2284 unde
434 2251 554 2284 Heins.
578 2250 668 2284 coni.
688 2250 901 2296 largosque.

952 2346 1020 2383 illa
1060 2345 1276 2390 sententia,
1328 2348 1394 2391 ut,
1444 2344 1512 2393 qui
1555 2341 1688 2391 magni

160 2355 274 2401 poeta
295 2349 431 2401 ponit,
465 2349 633 2386 Creusae
660 2347 788 2385 satum
811 2344 895 2383 An—

954 2405 1031 2442 viri
1073 2404 1200 2441 filium
1237 2415 1276 2439 se
1323 2414 1405 2438 esse
1449 2398 1687 2447 meminerit,

161 2406 400 2446 dromachac
448 2406 527 2444 iam
573 2405 736 2443 aliunde
776 2405 897 2442 inno-

159 2467 303 2515 tuisse,
323 2471 375 2513 et,
397 2479 486 2502 cuin
511 2464 559 2502 de
582 2463 750 2501 Ascanio
770 2476 892 2513 quae-

159 2530 295 2571 ratur,
327 2529 439 2561 recto
459 2523 600 2560 ordine
618 2522 803 2573 procedit
826 2521 892 2558 in—

159 2582 375 2633 terrogatio
397 2581 575 2632 primuni
605 2580 654 2618 de.
676 2581 823 2631 pictate
852 2580 891 2616 iu

160 2640 300 2679 matris
360 2639 591 2676 memoriam
610 2668 620 2687 ,
691 2645 780 2676 tuni
843 2637 891 2674 de

161 2698 343 2749 exemplo
383 2697 507 2749 patris
546 2702 581 2733 et
625 2696 718 2744 avi,
771 2709 890 2746 quain

161 2756 262 2795 illud
285 2755 336 2793 ad
362 2755 476 2807 pueri
496 2755 674 2792 animum
706 2754 787 2791 vim
814 2753 891 2791 ha-

161 2815 273 2853 beat!
335 2815 550 2851 I’urenlem
583 2812 631 2850 de
660 2812 791 2864 patria
823 2826 893 2849 ac—

162 2873 312 2925 cipere,
343 2874 634 2923 importunum.
694 2870 791 2912 342.
811 2870 894 2912 343

159 2931 338 2984 generosi
383 2930 539 2968 versus!
602 2942 650 2966 ex
695 2929 894 2967 conuuuni

951 2463 1043 2514 plus
1063 2462 1114 2499 ad
1133 2461 1323 2500 virtutem
1342 2457 1592 2496 incitamenti
1610 2456 1687 2494 ha-

952 2521 1053 2558 beat.
1116 2522 1184 2567 in,
1230 2517 1269 2555 h.
1295 2531 1326 2555 e.
1361 2517 1434 2564 ad,
1474 2518 1688 2567 anliquam

952 2581 1135 2616 virtulem
1175 2577 1249 2614 int.
1290 2576 1502 2613 maiorum.
1553 2589 1689 2611 (ιι-ιιι]-

950 2638 1065 2673 eulus·
1084 2637 1258 2682 Hector,
1294 2634 1413 2671 latius
1437 2633 1592 2671 dictum
1613 2646 1687 2683 pro

951 2693 1257 2744 consanguineo.
1298 2692 1348 2730 cf.
1378 2692 1447 2729 inf.
1471 2691 1558 2740 ΧΠ,
1590 2690 1687 2731 439.

952 2753 1050 2790 Nam
1086 2752 1165 2789 llus
1195 2757 1233 2788 et
1274 2749 1511 2799 Assaracm,
1555 2764 1576 2786 a
1608 2762 1688 2799 quo

952 2811 1103 2848 Hector
1138 2816 1178 2847 et
1218 2808 1370 2847 Aeneas
1405 2822 1527 2861 genus
1563 2808 1690 2846 duce-

953 2870 1078 2917 bant,
1122 2874 1237 2905 erant
1277 2868 1392 2905 Trois
1438 2867 1522 2905 filii.
1591 2864 1688 2919 (Sed

954 2940 1077 2978 quare
1105 2926 1256 2966 Hector
1276 2926 1436 2964 Ascanii
1463 2925 1690 2965 avunculus
