1827 3436
508 256 1239 306 ADLIBRUMI
1531 266 1629 311 243

117 391 204 439 dei,
237 388 300 428 vel
326 394 373 428 ut
391 387 497 438 filio,
527 387 696 434 marito,
728 391 799 425 aut
827 391 960 423 amato
992 398 1014 422 a
1037 398 1076 422 se
1102 384 1276 433 homini,
1307 385 1348 422 in
1376 393 1632 438 conspectum

115 448 294 488 veniant.
351 446 416 484 Sic
434 446 542 484 inter
573 458 727 498 pugnas
760 444 816 483 dii
842 444 915 483 sibi
941 448 1155 481 occursant
1184 443 1225 481 in
1244 442 1389 492 Iliade,
1420 443 1474 481 sic
1492 444 1633 484 Achilli

117 504 277 554 Thetis,
309 509 349 541 et
376 504 532 542 Aeneae
564 516 605 541 se
636 509 763 541 mater
784 502 918 541 Venus
942 523 999 530 —-
1015 515 1094 538 non
1118 509 1209 539 ante
1240 502 1365 538 oculis
1392 509 1475 538 tam
1502 503 1629 552 clara,

116 562 337 603 videndam
366 562 546 611 Obtulit,
581 570 617 599 et
633 576 745 613 pura
766 576 842 612 per
857 567 1011 599 noctem
1041 561 1083 596 in
1106 560 1194 597 luc-e
1222 558 1634 611 refulsit—consessa

117 622 262 669 deam,
296 621 509 672 qualisque
531 621 658 658 videri
681 619 908 668 Coeldeolis,
941 626 977 655 et
998 626 1177 669 (luania,
1212 617 1333 665 solet,
1367 616 1435 655 lib.
1466 616 1513 666 ΙΙ,
1536 619 1631 659 591.

120 678 295 718 Veniunt
321 691 483 729 quoque
509 677 565 716 dii
596 677 638 716 in
670 682 928 730 conspectum
959 676 1077 714 unius
1106 681 1290 723 tantum,
1320 674 1391 712 etsi
1419 674 1461 712 in
1498 688 1637 726 magna

118 736 331 775 hominum
363 735 613 787 frequentia,
651 735 708 774 ita
736 742 783 774 ut
808 735 932 773 ceteri
963 747 1099 772 omnes
1116 746 1166 771 ne
1196 746 1355 771 sensum
1375 732 1537 783 quidem
1559 747 1638 771 nu-

120 794 237 834 minis
258 795 479 846 praesentis
497 793 690 832 habeant:
723 794 780 831 sic
798 793 869 832 uni
892 792 1022 843 'Ulyssi
1045 792 1209 842 eiusque
1239 791 1403 828 canibus
1432 791 1639 829 manifesta

119 853 167 892 fit
195 851 398 902 Minerva,
439 851 518 893 Od.
551 869 594 901 π,
628 856 721 896 160.
795 852 860 890 Sic
890 851 963 889 soli
994 850 1107 888 Peleo
1138 848 1274 887 Thetis
1317 848 1426 901 apud
1455 848 1639 901 Apollon.

120 911 187 961 lv,
224 910 308 953 854
335 924 419 962 sqq.
448 916 489 948 et
517 909 664 949 Achilli
690 911 732 948 in
762 909 893 948 media
917 907 1168 946 Achivorum
1199 907 1414 955 concione,
1450 906 1520 944 sed
1554 906 1639 954 soli,

121 968 371 1020 conspicitur
404 968 608 1018 Minerva,
648 968 865 1019 statimque
889 967 1138 1018 agnoscitur,
1171 962 1291 1006 δειναὶ
1311 965 1353 1005 δέ
1381 964 1423 1004 οἵ
1448 962 1538 1005 ὄσσε
1559 959 1640 1012 φά-

123 1031 278 1076 ανθεν,
305 1027 417 1065 Iliad.
444 1044 480 1076 α,
512 1030 609 1070 200.
639 1027 752 1067 Iliad.
775 1043 811 1080 ρ,
843 1027 926 1068 334
949 1025 1101 1062 Aeneas
1122 1024 1344 1075 Apollinem
1367 1022 1468 1076 ἔγνω
1496 1018 1642 1062 ἐσάντα

124 1081 237 1126 ἰδών.
298 1086 487 1124 Ceterum
518 1098 568 1123 ex
598 1085 686 1123 loco
725 1084 805 1123 hoc
846 1084 1090 1122 Heliodorus
1127 1081 1230 1119 illud
1263 1080 1424 1119 duxisse
1463 1079 1641 1128 videtur,

124 1142 237 1195 quod
262 1156 312 1181 ex
344 1143 426 1182 fixo
459 1150 499 1181 et
531 1143 729 1182 constanti
762 1143 910 1181 obtutu
941 1142 1061 1179 deum
1098 1139 1265 1191 intelligi
1299 1138 1415 1177 dixit.
1487 1137 1642 1189 Species

125 1208 261 1240 autem
295 1201 433 1240 divina
456 1202 577 1240 modo
611 1202 660 1239 ab
694 1207 855 1239 aeterna
887 1200 1055 1238 deorum
1081 1198 1310 1245 iuventute,
1362 1210 1407 1233 ac
1439 1195 1642 1247 pulcritu-

126 1260 241 1310 dine,
274 1260 395 1298 modo
434 1274 524 1299 cum
555 1259 759 1298 attributis
791 1272 840 1296 ex
868 1264 1080 1310 poetarum
1111 1262 1151 1294 et
1173 1255 1372 1293 artificum
1403 1253 1586 1291 doctrina
1605 1258 1642 1290 et

126 1332 222 1368 usu,
255 1318 499 1357 declaratur.

245 1376 395 1415 Verum
424 1376 742 1427 frequentissima
774 1374 878 1413 ratio
908 1387 952 1411 ea
983 1378 1061 1422 est,
1111 1377 1158 1410 ut
1184 1371 1235 1409 ad
1267 1384 1378 1419 eum,
1422 1382 1539 1421 quem
1565 1382 1642 1407 vo-

127 1435 238 1483 lunt,
269 1434 463 1473 accedant
498 1447 668 1485 eumque
696 1434 971 1484 alloquantur,
1009 1431 1191 1468 humana
1207 1430 1352 1480 jor-ma
1382 1428 1526 1475 incluti,
1558 1427 1644 1464 noti

128 1494 209 1531 fere
248 1493 414 1531 alicuius
455 1498 495 1531 et
536 1492 759 1540 familiaris,
810 1491 945 1541 sicque
985 1488 1018 1526 ei
1057 1487 1199 1526 ludum
1244 1486 1413 1533 saciant,
1471 1490 1519 1522 ut
1553 1498 1644 1522 cum

93 1598 97 1602 ὁ
129 1551 293 1589 mortali
314 1565 353 1589 se
384 1564 497 1603 agere
524 1551 590 1588 ille
624 1556 759 1602 putet:
791 1550 973 1599 Tumque
1005 1546 1058 1584 dii
1086 1544 1322 1594 consequuti
1345 1543 1408 1591 id,
1438 1541 1548 1593 quod
1570 1556 1645 1580 vo-

129 1610 288 1658 lebant,
319 1609 526 1647 interdum
556 1609 729 1657 abeunt,
760 1614 808 1646 ut
839 1620 911 1645 nec
943 1610 1230 1656 agnoscantur:
1262 1615 1300 1639 v.
1323 1615 1355 1639 c.
1378 1600 1489 1638 Iliad.
1512 1616 1545 1652 ρ,
1577 1602 1645 1641 70.

131 1668 181 1710 Cf.
203 1684 247 1719 φ,
278 1668 361 1709 285
388 1681 472 1718 sqq.
504 1683 537 1719 χ,
569 1670 652 1710 226
675 1680 759 1717 sqq.
818 1665 882 1703 Sic
915 1664 1032 1700 etiam
1056 1660 1300 1700 inobservati
1321 1658 1548 1705 discedunt,
1578 1657 1647 1708 qui

130 1739 203 1780 per
236 1739 423 1764 somnum
449 1739 488 1762 se
511 1725 718 1773 offerunt,
764 1730 812 1762 ut
842 1723 1024 1761 Minerva
1055 1722 1084 1768 ζ,
1116 1721 1168 1761 41
1201 1731 1285 1768 sqq.
1317 1718 1352 1765 ὃ,
1385 1716 1466 1757 795
1494 1729 1577 1766 sqq.
1610 1721 1647 1752 et

134 1798 225 1823 cum
257 1783 391 1836 Tiphy
409 1784 475 1821 illa
502 1796 574 1835 per
599 1796 784 1820 somnum
813 1782 943 1818 adstat
976 1777 1104 1830 Orpli.
1126 1777 1218 1827 Arg.
1244 1777 1339 1817 538.
1362 1773 1457 1817 554.
1517 1773 1647 1810 Inter-

135 1843 254 1891 dum,
288 1848 335 1880 ut
364 1855 512 1880 numen
540 1855 658 1879 suum
687 1840 884 1892 prodant,
915 1839 1043 1876 forma
1072 1835 1250 1873 humana
1279 1832 1480 1884 deposita,
1514 1831 1648 1868 divina

135 1900 341 1953 conspicui
371 1900 496 1938 fiunt:
549 1899 614 1937 Sic
644 1899 777 1937 Venus
812 1898 853 1936 in
882 1894 1078 1934 Anchisae
1111 1891 1376 1945 amplexibus:
1426 1889 1572 1941 Hymn.
1607 1888 1649 1925 in

101 2006 105 2007 ⁷
136 1960 234 1998 Ven.
260 1961 337 2000 181
364 1972 448 2009 sqq.
484 1957 576 1999 175.
609 1958 658 1996 cf.
679 1958 815 1995 Burm.
838 1955 889 1993 ad
919 1952 1082 1992 Anthol.
1108 1952 1190 1989 Lat.
1220 1949 1283 1998 IV,
1319 1951 1382 1995 13,
1405 1950 1469 1989 12.
1499 1947 1529 1984 si
1558 1946 1650 1984 irati

136 2024 234 2057 sunt
256 2020 428 2054 maiores
457 2019 706 2068 maioresque
733 2015 857 2053 fiunt:
889 2008 1117 2051 callimach.
1142 2009 1182 2046 in
1213 2008 1299 2045 Cer.
1325 2007 1391 2048 59.
1423 2005 1471 2043 cs.
1490 2003 1650 2043 Wessel.

139 2076 189 2115 ad
206 2075 359 2115 Herod.
382 2075 484 2124 VIII,
517 2076 592 2115 38:
624 2080 695 2112 aut
712 2073 818 2111 inter
837 2069 1052 2110 dicendum
1080 2066 1354 2119 agendumque
1373 2062 1509 2110 oculis,
1540 2073 1650 2109 voce,

138 2141 228 2173 toto
251 2134 431 2186 corporis
453 2132 597 2171 habitu
619 2132 777 2170 mortali
802 2132 929 2169 forma
958 2127 1107 2165 maiore
1131 2123 1311 2177 produnt
1329 2134 1389 2170 se,
1420 2126 1468 2158 ut
1490 2119 1650 2156 omnino

141 2193 302 2232 divinae
330 2198 501 2230 naturae
533 2189 731 2228 indicium
765 2189 830 2228 vel
858 2187 1018 2239 originis
1045 2183 1182 2222 habita
1213 2187 1271 2218 est
1292 2179 1371 2217 oris
1396 2178 1651 2227 corporisque

141 2252 337 2300 maiestas,
369 2250 433 2289 vel
452 2248 699 2302 pulcritudo.
759 2255 905 2298 specl0,
938 2244 994 2281 ait
1014 2243 1078 2280 ille
1096 2239 1203 2292 apud
1223 2237 1341 2276 Ovid.
1366 2236 1420 2273 III
1438 2235 1531 2299 Met..
1554 2236 1650 2281 609,

142 2311 295 2348 cultum
311 2308 550 2360 faciemque
575 2306 858 2357 gradumque:
905 2303 987 2340 Nil
1005 2299 1083 2348 ibi,
1118 2297 1227 2350 quod
1253 2302 1386 2346 posse!
1419 2293 1524 2330 creda
1546 2305 1652 2328 mot*-

144 2370 246 2417 tale,
286 2367 484 2405 videbam.
548 2366 609 2403 Ita
641 2364 734 2413 Iris,
775 2374 875 2414 quae
903 2361 1057 2398 Beroen
1089 2353 1322 2400 simulabat,
1363 2350 1459 2390 Aen.
1493 2349 1538 2397 V,
1570 2347 1653 2390 647

144 2427 274 2464 divini
301 2427 422 2476 signa
457 2425 608 2462 decoris
628 2422 892 2472 Ardenlc'sque
921 2424 1053 2455 notate
1080 2413 1213 2451 oculos
1229 2441 1239 2460 ,
1279 2411 1350 2461 qui
1379 2409 1540 2459 spir-ilus
1570 2406 1650 2452 illl,

152 2485 234 2535 Qui
256 2485 388 2522 vallus
404 2513 414 2532 ,
449 2484 635 2532 vocisque
660 2494 780 2517 sonus
811 2479 876 2515 vel
898 2487 1058 2528 gressus
1090 2471 1210 2508 eunlz'.
1253 2469 1299 2505 cf.
1327 2466 1470 2525 Odyss.
1495 2480 1531 2512 ν,
1558 2465 1654 2527 288,

149 2543 214 2580 ubi
234 2542 438 2590 Minerva,
467 2539 683 2593 proditura
705 2551 744 2575 se
775 2536 912 2583 deam,
941 2535 1102 2583 repente
1136 2528 1241 2565 inter
1265 2523 1480 2562 dicendum
1509 2522 1656 2558 femma

147 2600 195 2639 fit
211 2601 357 2638 eximia
376 2599 525 2652 specie,
557 2597 605 2634 de
627 2597 768 2634 Cerere
791 2600 923 2632 autem
942 2590 1090 2641 Hynm.
1112 2587 1205 2626 188.
1233 2585 1326 2630 189,
1346 2581 1418 2644 ubi
1432 2594 1470 2620 V.
1490 2578 1655 2643 Rulmk.

149 2659 334 2711 Inprimis
362 2664 495 2696 autem
513 2655 595 2694 huc
612 2659 767 2706 spectat
789 2651 901 2691 Iliad.
924 2668 958 2704 y,
990 2649 1071 2688 396
1095 2657 1164 2693 sq„
1190 2640 1259 2678 Ubi
1279 2640 1440 2678 Vffllel'lS
1469 2650 1562 2700 anu}
1593 2649 1657 2672 35-

150 2717 357 2755 simulatae
383 2715 555 2754 consiliis
584 2712 748 2763 obsequi
775 2724 865 2748 cum
886 2707 1010 2746 nollet
1041 2702 1211 2747 Helena,
1244 2704 1328 2735 tum
1354 2696 1420 2734 illa
1452 2694 1657 2763 manifesta

152 2775 285 2813 adstat
307 2776 400 2822 dea,
432 2774 500 2814 καί
531 2767 575 2825 ῥ’
600 2769 654 2818 ὥς
679 2764 754 2810 οὖν
786 2765 930 2818 ἐνόησε
959 2764 1062 2808 θεᾶς
1094 2753 1329 2817 περικαλλέα,
1354 2755 1517 2822 δέῑθζῖν»
1545 2754 1657 2820 ,Σξῖῖζ

150 2829 229 2874 θεά
267 2830 316 2873 θ’
350 2827 585 2884 ἱμερόεντα,
627 2827 696 2868 καὶ
730 2824 892 2879 ὄμματα
930 2818 1224 2874 μαρμαίροντα,
1267 2812 1485 2873 Θᾱμβησέᾖ)
1516 2824 1537 2872 ‘f
1588 2822 1638 2858 “Q

152 2890 308 2932 ἔπειτα·
345 2904 462 2942 quem
487 2889 618 2941 ipsum
636 2886 771 2923 locum
793 2881 977 2933 Virgilius
998 2874 1175 2915 versibus
1192 2882 1313 2921 supra
1339 2868 1547 2918 adscriptis
1568 2869 1658 2928 ante

153 2950 289 2987 oculos
319 2947 463 2986 habuit
477 2977 486 2995 ,
522 2959 608 2984 rem
628 2950 760 2982 tamen
785 2942 900 2979 aliter
923 2932 1131 2975 tractavit:
1172 2935 1349 2966 avertens
1365 2938 1491 2990 ‘rosea
1513 2935 1659 2986 servu-e.

153 3007 309 3058 reficlsit
328 3013 403 3045 etc.
465 3004 621 3042 Scilicet
645 3000 823 3039 occurrit
843 2996 950 3049 apud
968 2998 1104 3046 poetas
1126 2985 1289 3025 tandem
1310 2989 1350 3021 ct
1364 2982 1430 3020 illa
1452 2986 1576 3025 rano,
1615 2983 1657 3014 ut

1276 3050 1383 3096 16*
