1827 3436
376 235 736 288 EXCURSUS
776 235 799 281 Ι
840 236 926 281 ΑΙ)
965 233 1230 281 LIBRUM
1266 234 1315 280 H
1502 239 1603 285 379

87 371 284 419 carmina,
316 370 482 407 suerunt
511 369 709 402 tractatae
740 376 762 399 a
783 365 915 412 poelc's·
944 363 1118 414 cyclicis,
1146 361 1224 399 hoc
1254 367 1327 410 est,
1358 361 1406 398 ab
1438 361 1484 398 iis
1509 375 1609 413 poe-

88 430 161 478 tis,
193 427 283 479 qui,
323 423 488 463 Homeri
519 421 723 472 exemplo,
765 434 847 459 non
877 420 999 458 modo
1030 433 1167 458 rerum
1198 419 1302 457 bello
1336 418 1510 457 Troiano
1542 432 1610 470 ge-

91 493 263 532 starum,
294 495 393 534 quae
424 480 586 519 Iliadem
617 478 699 517 sive
731 485 1032 517 antecesserunt
1061 477 1143 515 sive
1174 483 1271 515 sunt
1300 482 1502 527 sequutae,
1536 489 1611 514 ve—

90 557 204 593 rum,
233 540 373 580 Proclo
397 538 505 591 apud
536 536 723 575 Photium
755 543 875 586 teste,
915 536 1042 575 totius
1072 534 1347 586 mythologiae
1377 548 1399 571 a
1431 534 1541 572 Coeli
1572 541 1612 572 et

91 603 238 640 Terrae
278 598 371 637 iude
411 596 564 648 nuptiis
603 594 655 632 ad
692 594 813 633 finem
853 608 1038 633 errorum
1079 593 1252 645 Ulyssis,
1296 592 1417 630 modo
1459 592 1612 643 singula

91 659 224 710 capita
255 656 373 695 modo
405 655 583 707 plurium
623 653 801 705 capitum
843 653 1119 704 complexum,
1152 653 1329 688 carmine
1358 652 1491 701 epia-o,
1535 649 1614 687 hoc

92 723 170 766 est,
219 715 272 753 ad
303 713 505 752 Homerici
536 711 722 749 carminis
761 724 970 759 numeros,
1008 709 1290 759 tractandique
1332 714 1372 746 et
1401 707 1615 758 eloquendi

93 774 277 822 modum,
320 771 562 822 composito,
606 775 899 821 exposuerant,
940 774 980 806 et
1021 781 1071 806 ex
1117 767 1264 818 quibus
1295 773 1407 805 certa
1439 766 1614 818 disposi-

97 833 202 871 tione
233 845 255 868 a
286 830 417 868 nescio
449 842 529 879 quo
561 827 738 866 collectis
770 834 810 865 et
841 826 1038 865 ordinatis
1079 831 1285 877 syntagma
1325 824 1483 876 epicum
1514 838 1615 862 con-

95 890 320 937 cinnatum,
360 887 538 925 extitisse
580 892 762 938 putatur.
840 885 1040 924 Accurate
1082 884 1132 922 de
1172 883 1240 932 iis,
1278 889 1368 934 post
1408 882 1616 920 Nicolaum

94 949 287 986 Loensem
316 947 358 984 in
392 944 592 997 Epiphyll.
623 944 672 991 II,
703 943 742 985 4.
786 943 947 981 Salmas.
978 943 1021 980 in
1051 942 1173 980 Solin.
1204 955 1242 993 p.
1262 941 1345 982 597
1377 947 1418 978 et
1449 940 1616 978 casaub.

97 1006 149 1044 ad
178 1004 322 1044 Athen.
362 1004 453 1053 VII,
487 1002 526 1044 4.
578 1002 772 1040 Dodwell.
806 1002 854 1040 de
887 1001 995 1053 Cyel.
1025 1014 1063 1052 p.
1095 1002 1192 1048 802,
1239 999 1310 1050 qui
1349 998 1423 1036 soli
1463 997 1618 1036 consuli

98 1069 322 1111 merentur,
364 1062 442 1114 egit
472 1060 725 1099 Schwarzius
755 1059 928 1098 Altdors.
971 1059 1014 1096 in
1045 1059 1143 1096 Diss.
1187 1057 1235 1095 de
1276 1056 1404 1108 poetis
1446 1057 1616 1108 cyclicis.

99 1121 214 1160 Adde
243 1121 399 1158 Fabric.
431 1120 474 1158 B.
510 1120 578 1156 Gr.
610 1120 653 1157 T.
685 1119 703 1156 I
733 1132 770 1170 p.
801 1121 897 1160 281.
957 1119 1061 1155 Sunt
1088 1122 1224 1155 tamen
1248 1114 1468 1153 admodum
1492 1127 1620 1167 pauca

99 1181 141 1218 in
170 1179 248 1217 hoc
278 1183 511 1230 argumento
545 1176 595 1214 ad
625 1177 823 1227 liquidum
854 1175 1065 1228 perducta.

214 1238 313 1275 Nam
344 1237 496 1289 primo,
541 1248 714 1285 quorum
745 1241 955 1286 poetarum
985 1232 1148 1272 nomina
1179 1238 1219 1269 et
1250 1243 1371 1282 opera
1403 1229 1479 1268 hoc
1509 1229 1619 1279 cyclo

103 1294 389 1347 comprehensa
427 1293 601 1341 suerint,
654 1306 716 1330 res
756 1299 816 1330 est
857 1292 1004 1344 partim
1044 1291 1235 1338 obscura,
1274 1288 1424 1340 partim
1455 1292 1622 1325 contro-

103 1367 238 1402 versa,
265 1353 385 1390 etiam
414 1352 520 1388 inter
551 1357 727 1399 veteres3
768 1364 842 1388 nec
871 1350 966 1387 satis
997 1354 1230 1387 constanter
1260 1346 1460 1393 traditur,
1502 1358 1622 1395 quam

104 1413 183 1450 late
213 1411 295 1449 eius
327 1416 607 1460 argumentum
635 1410 832 1460 patuerit,
880 1408 1000 1446 modo
1042 1407 1146 1444 enim
1187 1406 1297 1443 intra
1325 1404 1419 1442 belli
1459 1401 1622 1441 Troiani

104 1470 202 1507 fines
233 1469 298 1506 ille
328 1467 572 1516 substitisse,
611 1466 732 1504 modo
765 1466 815 1503 ad
846 1466 973 1517 ipsam
1004 1463 1297 1515 cosmogoniam
1324 1468 1514 1513 evagatus
1540 1472 1624 1498 esse

106 1532 310 1565 narratur.
371 1526 463 1572 Quo
507 1525 593 1576 ipso
636 1531 817 1562 constare
856 1531 981 1576 puto,
1029 1523 1137 1560 intra
1168 1521 1370 1573 privatam
1403 1519 1624 1557 nonnullo-

106 1599 197 1623 rum
222 1584 434 1622 doctorum
459 1583 824 1620 Grammaticorum
868 1581 1095 1633 opinionem
1136 1586 1264 1618 totam
1293 1578 1400 1616 hanc
1432 1577 1480 1615 de
1513 1576 1624 1629 cyclo

108 1642 218 1694 epico
260 1641 576 1693 praeceptionem
629 1641 848 1678 substitisse
888 1641 930 1677 in
970 1639 1128 1678 diversa
1175 1637 1421 1675 abeuntium.
1490 1635 1627 1685 Neque

108 1714 286 1750 unquam
322 1700 401 1737 tale
436 1713 580 1751 corpus
611 1699 788 1750 plurium
818 1704 1031 1750 poetarum
1064 1697 1179 1734 aliter
1210 1696 1460 1742 consectum,
1507 1706 1628 1744 quam

110 1764 157 1796 ut
185 1754 466 1809 grammaticus
498 1757 638 1807 aliquis
669 1769 808 1794 eorum
837 1769 1043 1794 recensum
1075 1768 1145 1792 seu
1171 1753 1344 1791 indicem
1375 1753 1547 1800 faceret,
1590 1755 1630 1787 et

110 1816 299 1867 singulari
329 1816 433 1854 sorte
462 1815 594 1852 libello
626 1821 697 1852 aut
734 1815 776 1852 in
808 1827 926 1865 opere
965 1813 1224 1864 grammatico
1265 1811 1424 1859 ederet3
1462 1822 1535 1847 nec
1566 1809 1629 1846 fa-

111 1874 183 1912 cile
214 1887 364 1923 omnes,
395 1887 568 1923 quorum
598 1887 764 1924 magnus
792 1873 868 1911 fuit
897 1885 1112 1919 numerus,
1143 1870 1211 1921 qui
1242 1868 1500 1918 Genealogias
1532 1866 1630 1904 deo-

112 1945 224 1980 rum,
263 1931 606 1979 Titanoniachias,
662 1930 1031 1981 Gigantoinaehias,
1074 1928 1366 1979 Argonautica,
1420 1925 1631 1971 Thebaica,

112 1989 342 2038 Heracleas,
374 1995 415 2026 et
444 1989 500 2026 sic
530 2003 666 2040 porro,
698 1995 783 2026 tum
814 1989 856 2026 in
887 1988 1006 2027 rebus
1037 1987 1178 2035 Iliacis,
1210 1985 1277 2036 qui
1311 1983 1498 2031 Νόστους
1529 1982 1632 2020 seri-

114 2054 305 2099 pserunt,
355 2047 427 2085 tali
468 2048 600 2084 indice
639 2047 861 2084 enumerati
899 2047 1078 2084 suerunt.
1147 2045 1362 2083 Arcanum
1400 2043 1629 2087 Milesium,

118 2107 357 2152 Eumelzcm,
406 2105 588 2142 Leselzen
629 2111 668 2143 et
703 2106 852 2155 Cypria
883 2106 1065 2142 carmina
1106 2116 1152 2140 eo
1185 2099 1471 2153 comprehensa
1514 2098 1634 2136 fuisse

119 2163 299 2214 plerique
335 2162 525 2210 tradunt3
584 2163 900 2209 Antinmclmm,
951 2161 1243 2206 Slesiclzorzmz,
1304 2158 1400 2195 alios
1451 2158 1635 2195 inserunt

119 2221 206 2268 alii,
248 2219 328 2257 fide
366 2234 449 2257 non
489 2220 585 2257 satis
625 2220 846 2270 explorata.
928 2219 1128 2257 Videntur
1167 2230 1289 2269 porro
1320 2216 1438 2267 plura
1477 2215 1517 2251 in
1559 2213 1636 2250 hac

121 2278 353 2328 quaestione
385 2278 602 2315 confundi:
649 2278 760 2314 Alius
794 2284 852 2314 est
888 2277 1030 2328 Cyclas
1063 2276 1288 2326 ηιγΙΙιίοιις,
1328 2273 1370 2311 h.
1402 2285 1434 2310 e.
1476 2271 1636 2309 sabula-

120 2349 211 2373 rum
243 2335 473 2386 complexus
502 2336 594 2373 inde
625 2349 646 2372 a
676 2335 910 2386 genealogiis
943 2334 1110 2371 deorum
1152 2332 1200 2370 ad
1233 2331 1376 2369 Troiae
1406 2343 1532 2380 usque
1564 2342 1637 2366 ex-

122 2393 271 2430 cidium
303 2393 519 2443 deductus3
550 2393 650 2430 alius
687 2394 827 2444 Cyclas
855 2395 1065 2440 'l'roiamffi
1097 2390 1136 2428 h.
1158 2404 1189 2428 e.
1220 2389 1447 2428 fabularum
1478 2388 1528 2425 ad
1549 2387 1637 2424 bel-

123 2452 205 2489 lum
236 2451 456 2489 Troianum
487 2451 764 2502 spectantium.
836 2451 918 2487 Iam
950 2450 1001 2487 ab
1042 2450 1105 2486 llis
1145 2450 1266 2499 cys-lis
1297 2447 1425 2484 dictos
1465 2446 1638 2484 arbitror

121 2517 264 2559 poetas
296 2510 465 2559 cyclicas·
508 2516 548 2547 et
588 2512 772 2546 carmina
813 2509 989 2559 qroliea,
1041 2520 1214 2557 quorum
1257 2511 1492 2555 argumenta
1533 2504 1640 2541 intra

127 2566 366 2604 alterutrum
397 2567 635 2618 mythorum
667 2567 921 2617 complexum
950 2572 989 2602 et
1021 2565 1156 2602 orbem
1191 2564 1518 2601 continerentur:
1559 2574 1641 2599 non

128 2637 224 2661 vero
259 2631 307 2661 ut
335 2624 410 2675 ipsi
450 2626 605 2676 cyclum
649 2625 818 2674 aliquem
862 2624 1164 2661 constituerent.
1236 2623 1295 2659 Ex
1335 2621 1470 2672 priore
1501 2631 1643 2670 genere

129 2682 238 2719 suere
267 2682 542 2734 Theogoniae,
576 2684 880 2734 Cosmogoniae,
911 2680 1260 2728 Titanoinachiae,
1307 2679 1435 2730 qualis
1466 2679 1544 2716 fuit
1574 2689 1643 2714 seu

134 2840 233 2872 [inem
253 2842 537 2875 Observationum
560 2843 591 2874 in
616 2843 760 2874 Iliadem
782 2840 941 2885 prodid13
980 2841 1073 2872 forte
1096 2851 1159 2871 nec
1188 2839 1255 2871 hoc
1281 2838 1315 2870 in
1344 2838 1493 2871 animum
1512 2836 1645 2870 admis—

134 2899 248 2925 suruS,
274 2887 338 2918 nisi
357 2902 519 2933 expressa
542 2889 797 2933 quodaminodo
819 2901 933 2921 varum
955 2885 1129 2919 consessio
1153 2885 1293 2925 suisset3
1330 2897 1442 2929 neque
1469 2884 1556 2916 enim
1578 2890 1646 2915 tam

133 2932 247 2977 magni
266 2933 394 2977 ingenii
412 2948 467 2967 ros
488 2943 539 2967 est
560 2936 594 2967 in
617 2936 700 2968 talia
720 2935 886 2974 incidere,
913 2946 1013 2977 quam
1033 2932 1162 2971 iudicii,
1190 2932 1322 2972 videre,
1348 2945 1390 2964 nu
1411 2931 1495 2964 satis
1520 2931 1644 2974 explo-

134 2986 209 3013 rata
227 2986 259 3012 et
279 2987 372 3013 certa
395 2994 433 3014 ea
455 2981 521 3014 sint
535 3009 542 3023 ,
570 2989 607 3014 ut
626 2982 661 3014 in
686 2982 836 3015 medium
858 2979 1012 3027 proferri
1029 2979 1175 3026 possint.
