1811 3388
484 225 606 272 AD
681 222 1123 271 LIBRUM
1195 224 1256 271 11
1530 233 1629 277 417

430 405 1015 464 EXCURSUS
1087 405 1308 462 VIII*

166 523 332 566 Ilector
371 521 510 565 classi
547 520 834 564 Achivorum
873 521 1032 577 ignem
1071 521 1299 574 inserens5
1342 529 1382 564 et
1422 523 1572 566 victor

644 578 856 623 Patrocli
884 578 1081 622 Γειίίωιε.

223 696 321 736 Aen.
354 695 400 745 II,
430 693 527 737 274.
554 697 592 738 5.
631 696 718 733 Hei
753 694 884 732 mihi!
913 696 1049 747 qualis
1079 703 1188 745 erat,
1223 702 1420 747 quantum
1450 704 1629 735 mutatas

109 753 161 792 ab
193 755 263 793 illo
294 756 486 802 Hectore,
530 754 602 805 qui
629 753 730 790 redit
761 754 930 791 exuvias
970 754 1133 790 inclutas
1169 753 1352 802 Achilli,
1409 755 1489 793 Vel
1528 756 1628 792 Da·-

108 826 234 849 naum
278 812 485 863 Phrygios
534 811 738 848 iaculatus
780 810 990 861 puppibus·
1028 813 1157 861 ignes.
1221 811 1458 861 Hectorem,
1502 812 1629 863 qualis

108 870 242 922 paullo
274 876 365 908 ante
397 883 473 908 vss.
506 871 603 909 272.
633 871 660 910 3
693 868 1019 917 describebatur,
1051 870 1262 918 Raptatus
1286 868 1393 919 bigis
1423 879 1466 907 ιιι
1497 885 1627 922 quon-

109 929 231 976 dam,
265 937 425 979 aterque
459 934 617 964 cruento
649 928 847 975 Pulvere,
876 940 1029 978 perque
1054 927 1179 976 peiles
1208 929 1398 964 traiectus
1434 929 1520 965 lora
1561 937 1626 965 m·-

108 993 280 1035 mentes‚
321 985 553 1024 videramus
581 982 663 1022 iam
703 984 806 1022 libro
847 983 876 1032 Ι,
919 983 1015 1024 483.
1057 984 1125 1022 ubi
1176 986 1251 1022 Ter
1287 987 1438 1022 circam
1476 987 1628 1023 Iliacos

107 1051 340 1094 raptaverat
370 1045 550 1080 Hectora
591 1056 725 1079 muros
766 1040 959 1079 Achilles:
1001 1041 1050 1079 de
1092 1055 1171 1092 quo
1213 1056 1251 1080 v.
1291 1042 1458 1081 Excurs.
1496 1044 1628 1082 XVIII

110 1101 161 1138 ad
192 1114 222 1138 e.
252 1101 277 1139 l.
338 1101 490 1140 Hector
520 1100 685 1137 omnino
714 1101 901 1150 frequens
930 1113 1180 1150 gemmarum
1211 1099 1518 1139 l-Iomericarum
1557 1116 1627 1145 ar-

108 1165 365 1210 gumentum,
396 1172 478 1196 non
509 1171 591 1196 uno
621 1157 762 1195 habitu
792 1171 838 1195 ac
868 1163 1000 1206 statu3
1032 1158 1141 1208 quod
1175 1165 1303 1196 tamen
1330 1158 1415 1210 ipsa
1435 1172 1498 1197 res
1517 1160 1627 1197 intra

109 1216 254 1254 Iliados
284 1216 382 1254 fines
413 1216 616 1265 continet,
647 1229 739 1254 cum
769 1215 915 1253 multas
947 1215 1042 1252 alias
1071 1229 1244 1266 gemmas
1277 1230 1298 1252 a
1322 1217 1480 1268 cyclicis
1498 1218 1627 1270 poetis

110 1274 370 1313 adumbratas
402 1287 484 1312 esse
517 1280 662 1325 putare
692 1273 817 1326 possis
829 1289 839 1322 3
876 1273 953 1310 nisi
983 1274 1117 1325 potius
1150 1274 1365 1312 dicendum
1404 1281 1480 1324 est,
1523 1276 1626 1314 arti—

108 1333 202 1370 fices
232 1332 416 1384 vulgares
447 1332 624 1380 libellos,
666 1332 735 1382 qui
772 1330 924 1369 fabulas
962 1338 1252 1383 exposuerant,
1294 1340 1485 1382 sequutos
1523 1346 1626 1383 esse3

109 1390 184 1428 nisi
215 1391 320 1429 forte
352 1390 471 1428 etiam
509 1389 557 1427 iis
598 1390 752 1441 Tragici
798 1395 1031 1440 argumenta
1072 1402 1240 1440 operum
1279 1391 1494 1442 praecipuo
1536 1391 1626 1430 loco

108 1448 383 1500 suppeditasse
414 1447 575 1486 dicendi
607 1453 720 1485 sunt:
759 1453 879 1498 atque
909 1445 988 1484 hoc
1018 1448 1208 1499 exemplis
1251 1447 1498 1487 declaratum
1538 1449 1627 1487 dari

107 1507 254 1558 possit,
287 1505 607 1544 commemorabo
638 1511 798 1542 tantum
829 1503 1095 1555 Amphionem
1128 1512 1168 1543 et
1186 1504 1360 1543 Zethum
1393 1521 1484 1544 cum
1510 1506 1626 1545 Dirce

109 1571 227 1602 tauro
258 1564 423 1615 illigata:
456 1569 736 1614 argumentum
768 1576 820 1600 ex
850 1563 1041 1613 Euripide
1071 1562 1354 1602 adumbratum
1387 1562 1621 1617 (Anlt'quar.

108 1623 329 1673 Acfsc'i'lze:
360 1622 400 1660 P.
432 1619 510 1674 IL).
569 1621 802 1659 Homericas
842 1627 973 1658 tamen
1012 1621 1167 1658 fabulas
1207 1635 1257 1659 ex
1301 1621 1383 1674 ipsa
1425 1623 1546 1660 Iliade
1586 1629 1626 1661 et

107 1680 286 1732 Odyssea
316 1680 460 1731 petitas
491 1685 529 1716 et
560 1679 819 1717 adumbratas
844 1691 925 1716 esse
942 1679 1190 1729 probabilius
1209 1680 1266 1717 fit.
1327 1681 1389 1717 Ex
1405 1680 1451 1717 iis
1474 1681 1625 1719 Hector

107 1738 293 1788 frequens
324 1743 625 1788 argumentum,
657 1743 703 1775 ut
734 1736 838 1785 dixi,
878 1736 1206 1788 quandoquidem
1237 1739 1385 1788 speeies
1423 1738 1504 1776 eius
1546 1739 1625 1776 oris

106 1802 148 1833 et
177 1795 338 1834 habitus
370 1796 418 1833 ab
450 1801 536 1833 arte
566 1795 622 1834 ita
653 1801 712 1833 est
744 1795 1008 1844 constitutus,
1041 1800 1088 1833 ut
1121 1795 1268 1847 ubique
1299 1796 1359 1833 sui
1390 1796 1526 1834 similis
1557 1797 1622 1846 sit,

107 1860 146 1891 et
177 1855 249 1892 sibi
281 1860 457 1902 constet,
502 1860 561 1892 est
594 1853 739 1904 ubique
769 1853 961 1891 barbatus
997 1859 1036 1890 et
1078 1853 1208 1904 capite
1244 1853 1419 1905 galeato:
1463 1854 1519 1903 is,
1558 1854 1625 1892 in-

109 1925 249 1962 quam,
285 1911 405 1949 modo
438 1925 528 1949 cum
559 1910 843 1950 Andromache
874 1917 914 1949 et
953 1910 1220 1963 Astyanacte,
1261 1911 1459 1961 occurrit,
1501 1912 1624 1951 modo

106 1970 231 2007 facem
258 1969 436 2007 iniiciens
471 1970 587 2019 navi,
619 1970 731 2008 cuius
762 1969 906 2021 puppis
938 1969 1119 2020 apposita
1150 1975 1230 2007 est:
1263 1970 1376 2007 euius
1399 1970 1625 2021 argumenti

105 2041 300 2078 gemmam
330 2028 498 2065 militem
529 2028 820 2065 incendiarimn
862 2025 1052 2065 exhibere
1090 2026 1251 2065 dixerat
1293 2027 1439 2065 Gorius
1485 2025 1619 2081 (Mas.

107 2086 215 2123 Flor.
244 2086 356 2123 Toni.
387 2085 434 2134 ΙΙ,
463 2085 542 2123 tab.
576 2088 643 2134 60,
674 2084 731 2138 2).
790 2085 845 2122 At
875 2091 989 2122 extat
1015 2085 1091 2122 alia
1121 2098 1264 2123 verum
1295 2085 1510 2123 Hectorem
1550 2099 1624 2123 ex-

107 2156 288 2194 pressum
318 2142 468 2180 habens
498 2143 623 2194 puppi
655 2142 768 2180 navis
787 2142 984 2193 apposita:
1016 2142 1125 2193 apud
1146 2142 1287 2180 Franc.
1326 2143 1493 2180 Pallazzi
1514 2140 1623 2194 (Bo-

107 2202 210 2237 νὶωηί
230 2201 446 2237 Colleelan.
481 2206 508 2239 t.
549 2201 616 2241 56.
659 2200 776 2238 etiam
816 2200 856 2237 in
897 2201 1084 2250 Lipperli
1121 2200 1371 2251 Daclyliollz.
1416 2201 1532 2237 flldl.
1579 2201 1622 2249 lI,

108 2261 147 2305 2,
181 2257 235 2310 6).
297 2258 341 2295 Ei
378 2257 598 2308 respondet
638 2256 741 2295 Aiax
782 2257 830 2295 de
871 2257 998 2308 puppi
1036 2271 1217 2308 pugnans
1258 2258 1298 2294 in
1338 2258 1413 2295 alia
1456 2271 1621 2308 gemma.

108 2315 256 2353 Verum
287 2315 399 2367 prior
427 2315 495 2352 illa
525 2316 641 2366 plane
673 2316 862 2354 convenit
893 2315 1026 2352 versui
1046 2315 1280 2366 Virgilianoz
1319 2316 1365 2353 V
1362 2316 1400 2352 el
1419 2316 1623 2353 Danaum,

107 2373 313 2424 Phrygios·
342 2373 766 2424 iaculatuspuppibus·
792 2375 919 2423 ignes.
984 2372 1116 2410 Minus
1148 2379 1257 2410 certa
1287 2372 1365 2410 fide
1397 2379 1492 2410 sunt
1523 2373 1622 2410 aliae

106 2443 300 2481 gemmae,
331 2431 599 2469 Hectoremne
628 2445 678 2468 an
713 2431 834 2468 alium
864 2429 1027 2468 heroem
1060 2430 1256 2479 reserant3
1289 2433 1356 2479 ut,
1388 2430 1623 2469 vulneratus

108 2489 181 2526 sub
217 2489 341 2540 clipeo
374 2488 560 2526 deficiens
600 2489 680 2541 (ap.
722 2490 885 2526 ,Nauem
922 2488 1003 2526 tab.
1035 2488 1134 2527 VIII.
1174 2497 1213 2526 et
1255 2488 1391 2538 alibi),
1430 2488 1500 2525 Est
1538 2488 1622 2526 He-

107 2552 196 2584 ctor
237 2547 276 2584 in
317 2546 443 2585 Sarda
481 2560 623 2584 saxum
669 2553 810 2598 portae
851 2552 1075 2584 castrorum
1117 2546 1365 2585 Achivorum
1400 2545 1622 2597 impingens

109 2601 165 2655 (v.
194 2604 303 2642 lliad.
335 2622 374 2656 μ,
407 2610 511 2642 extr.
545 2618 606 2656 ap.
637 2606 822 2655 Lc'pperl.
859 2605 974 2642 Mill.
1008 2604 1056 2652 ΙΙ,
1087 2607 1127 2652 2,
1159 2606 1197 2647 5.
1229 2617 1358 2654 neque
1387 2603 1508 2641 alium
1540 2617 1622 2641 esse

109 2661 282 2699 arbitror
312 2662 427 2702 Mill.
461 2662 524 2711 III,
555 2665 595 2711 2,
626 2665 665 2705 6,
697 2660 960 2715 expressum).
1020 2662 1223 2700 Incertum
1244 2674 1402 2712 quoque
1424 2674 1504 2698 esse
1525 2668 1621 2713 pot-

109 2723 189 2765 est,
240 2733 289 2756 an
336 2720 442 2757 inter
488 2719 630 2757 heroes
677 2720 774 2771 bigis
824 2720 1017 2758 instantes
1056 2718 1208 2757 Hector
1251 2718 1503 2769 quaerendus
1549 2720 1620 2768 sit,

109 2775 255 2812 certior
286 2776 383 2813 fides
409 2782 467 2814 est
498 2792 733 2816 numorum:
764 2777 870 2815 inter
902 2792 1001 2828 quos
1031 2780 1146 2814 numi
1173 2776 1368 2814 notissimi
1409 2778 1620 2814 Iliensium,

109 2837 225 2879 sunt,
256 2832 308 2869 ad
338 2834 623 2884 Commodum,
661 2835 715 2874 M.
747 2834 977 2883 Aurelium,
1020 2841 1058 2872 et
1099 2834 1343 2872 Caracallum
1382 2840 1617 2885 spectantes,

108 2888 324 2927 Hectorem
377 2891 578 2942 quadrigis
632 2893 719 2931 citis
768 2894 1015 2931 insistentem
1058 2891 1313 2939 exhibentes,
1362 2906 1399 2929 v.
1443 2906 1463 2928 c
1517 2891 1617 2928 Mus.

108 2945 269 2984 Fames.
300 2947 386 2985 Vol.
417 2948 464 2997 V,
499 2954 526 2985 t.
558 2952 624 2998 17,
656 2953 694 2992 3.
752 2950 896 2989 Merito
929 2949 1079 2989 dixeris
1119 2949 1229 2988 hune
1269 2948 1483 2987 Hectorem
1523 2961 1618 2997 esse,

180 3014 387 3062 Vmen„
427 3015 570 3063 ToM.
606 3016 668 3063 II.
1274 3019 1339 3062 27
