1811 3388
362 255 773 309 AENEIDos
812 256 954 304 LIB.
990 255 1412 318 v1,485-49s
1538 264 1638 311 923

129 384 476 452 Deiphobum
498 381 669 443 videt,
707 388 761 429 et
783 379 1017 429 lacerum
1040 377 1327 428 crudeliter
1349 396 1455 443 ora,
1542 386 1641 434 495

132 457 241 507 Ora
262 468 559 518 manusque
582 449 787 513 ambae,
824 448 1184 515 populataque
1211 456 1458 513 tempora
1484 452 1643 515 raptis

130 524 382 587 AuribUS,
422 531 474 571 et
494 531 705 570 truncas
728 519 1015 568 inhonesto
1033 518 1257 567 volnere
1285 518 1438 569 nariS.

130 595 227 646 Vix
249 592 384 642 adeo
412 591 664 656 adgnovit
682 590 1030 656 pavitantem,
1071 597 1124 638 et
1148 587 1260 637 dira
1278 596 1552 653 tegentem

203 679 316 727 495.
347 689 517 737 VIDIT,
550 686 800 721 LACERUM

225 778 296 814 495
321 779 421 811 videt
446 784 481 810 et
505 776 633 810 Medic.
657 788 733 809 cum
751 775 847 817 aliis,
876 785 944 818 quo
962 773 1119 807 alludunt
1136 773 1196 806 alii
1215 785 1270 816 ap.
1289 773 1402 805 Burm.
1452 770 1591 815 („videt
1611 778 1650 803 ez

133 826 368 871 incogitanter
400 824 564 857 Heinsius
602 823 795 866 repositum
834 821 1009 854 volebat.“
1056 822 1151 853 Haec
1180 819 1322 853 Wakef.
1348 820 1393 852 ad
1425 818 1564 850 Lucret.
1590 818 1650 859 III,

133 873 214 908 404.
261 873 343 906 Non
361 871 486 913 video,
511 882 613 916 quam
644 869 991 912 incogitantem
1013 887 1057 892 —
1086 867 1356 900 inconsiderate
1385 865 1503 898 dicere
1535 865 1650 897 debe·

134 920 217 959 bat3
243 939 287 943 —-—
311 919 347 950 id
367 924 502 951 tantum
525 917 652 956 doleo,
685 916 779 961 quod
808 915 956 948 varietas
991 913 1155 946 lectionis
1183 924 1253 945 non
1282 912 1365 945 satis
1402 918 1561 945 accurate
1592 910 1650 943 hic

136 972 276 1000 enotata
297 965 446 997 videtur.
494 966 533 996 In
554 963 713 996 Mediceo
731 963 824 1007 apud
845 961 991 1005 Foggin.
1012 960 1141 1004 legitur
1169 959 1260 992 vidit
1287 983 1295 991 .
1325 967 1360 991 et
1389 959 1424 999 l.‚
1451 958 1513 990 sed
1533 965 1650 990 trans-

134 1013 203 1047 fixa
225 1012 369 1056 copula3
394 1011 495 1044 videt
515 1019 551 1043 ec
569 1010 646 1043 cod.
669 1011 700 1045 1.
720 1016 755 1042 et
775 1010 807 1044 7.
830 1008 994 1041 editionis
1015 1007 1207 1040 diobolaris
1221 1031 1229 1047 ,
1254 1017 1341 1050 quae
1363 1004 1524 1039 Vinariae
1546 1005 1649 1039 1826.

135 1059 287 1105 prodiit3
307 1064 492 1103 praeterea
509 1057 608 1090 videt
628 1056 779 1100 optimus
802 1056 892 1089 Gud.
919 1067 993 1088 cum
1023 1053 1157 1095 Dorph.
1192 1054 1218 1084 Ι.
1249 1059 1285 1084 et
1312 1052 1372 1085 alt.
1398 1052 1515 1096 Lips.;
1550 1051 1651 1083 videt

136 1106 262 1139 relicto
296 1105 388 1137 inter
418 1105 486 1137 hoc
514 1104 656 1136 verbum
682 1110 718 1135 et
748 1103 906 1135 lacerum
936 1102 1050 1145 spatio
1079 1101 1221 1137 Franc.;
1254 1098 1403 1143 denique
1428 1099 1509 1131 Exc.
1537 1098 1650 1131 Burm.

141 1153 301 1186 lacerum
332 1152 442 1184 videt.
492 1152 610 1194 ltaque
636 1149 820 1195 probabile
850 1155 902 1181 est
929 1147 1114 1190 Virgilium
1143 1146 1323 1190 scripsisse
1357 1145 1453 1178 videt
1484 1152 1531 1176 et.
1582 1145 1652 1176 Iam

138 1199 264 1243 copula
285 1207 320 1231 et
338 1198 503 1231 facillime
522 1196 636 1242 potuit
656 1196 836 1229 absorberi
862 1206 1064 1238 praegressa
1085 1193 1205 1226 eadem
1227 1192 1384 1236 syllaba,
1409 1191 1503 1235 quod
1522 1191 1652 1223 factum

139 1253 195 1279 est
214 1245 432 1290 saepissime;
460 1244 528 1276 vid.
547 1243 724 1276 Drakenb.
757 1243 801 1275 ad
829 1242 904 1275 Liv.
935 1242 1094 1282 XXXV,
1121 1239 1178 1274 41.
1225 1242 1293 1272 Aut
1320 1239 1349 1270 si
1378 1238 1453 1282 quis
1485 1237 1652 1269 mendose

141 1292 330 1336 scripserat
352 1293 464 1331 vidit,
497 1302 682 1334 perperam
709 1289 861 1322 deletum
889 1295 941 1321 est
975 1297 1010 1320 ec
1036 1288 1078 1320 ab
1111 1287 1203 1327 alio,
1234 1297 1303 1318 non
1327 1285 1415 1317 illud
1442 1284 1652 1327 corrigente,

141 1340 254 1379 vidit,
279 1339 312 1370 in
335 1350 402 1383 quo
430 1345 504 1370 erat
519 1337 691 1369 mendum.
740 1335 904 1375 Accedit,
936 1335 1030 1379 quod
1052 1339 1129 1366 tota
1158 1332 1272 1364 oratio
1298 1342 1485 1375 reposcere
1512 1330 1652 1362 videtur

140 1386 363 1420 obliteratam
381 1384 580 1417 lectionem.
627 1383 776 1416 Primum
797 1382 900 1426 paulo
921 1379 1118 1423 languidior
1139 1385 1193 1411 est
1218 1379 1304 1411 haec
1323 1377 1499 1423 appositio
1529 1377 1653 1409 lania-

141 1441 218 1466 tum
237 1444 389 1478 corpore
410 1439 498 1471 toto,
524 1431 733 1463 laceram
759 1442 779 1463 ο
793 1442 861 1467 νας
888 1427 1099 1471 Virgilianus
1121 1432 1242 1458 contra
1260 1436 1335 1457 mos
1357 1425 1391 1456 id
1415 1433 1651 1467 epexegeseos

142 1490 249 1524 genus
267 1478 430 1522 requirit,
457 1477 550 1522 quod
568 1477 763 1509 adiunctam
783 1476 888 1508 habet
907 1474 1084 1519 copulam3
1111 1473 1179 1505 vid.
1201 1474 1243 1513 Q.
1267 1473 1308 1504 V.
1333 1471 1506 1510 XXXIII,
1529 1472 1562 1504 6.
1610 1470 1654 1501 Et

142 1538 246 1571 quum
268 1537 323 1557 res
345 1536 434 1557 nova
457 1531 492 1556 et
511 1523 690 1556 horribilis
709 1530 813 1567 atque
834 1521 902 1566 ipsi
921 1526 1056 1554 Aeneae
1076 1526 1216 1564 praeter
1237 1516 1530 1562 exspectationem
1551 1515 1655 1548 obla-

142 1579 177 1606 ta
195 1573 253 1605 hic
273 1578 486 1616 exponatur,
511 1570 619 1603 multo
639 1569 898 1602 convenientius
919 1574 973 1601 est
990 1566 1170 1611 particulis
1193 1568 1314 1610 Atque
1334 1565 1392 1596 lzic
1412 1563 1447 1595 in
1479 1562 1542 1595 tali
1572 1573 1656 1594 ora-

143 1620 238 1653 tione
257 1619 436 1660 Praesens,
460 1629 560 1661 quam
580 1617 795 1655 Perfectum3
821 1616 888 1648 vid.
908 1617 950 1656 Q.
973 1616 1012 1647 V.
1032 1615 1108 1654 Vll,
1127 1615 1160 1647 2.
1180 1619 1215 1644 et
1237 1614 1268 1646 5.
1290 1612 1422 1649 XXIII⁷
1442 1610 1475 1645 3.
1497 1609 1656 1649 XXXV,

143 1668 199 1701 22.
246 1666 379 1698 Contra
405 1669 525 1709 Atque
544 1664 762 1696 hic-vidit
790 1661 960 1695 sedatiori
987 1667 1105 1705 aptum
1138 1665 1191 1692 est
1221 1657 1389 1702 loquendi
1414 1655 1545 1700 generi.
1596 1655 1657 1687 His

142 1719 257 1746 motus
282 1711 394 1745 causis
414 1711 508 1743 edidi
525 1711 641 1750 videt,
666 1718 713 1742 et.
746 1711 841 1751 JVr.)
934 1708 1004 1742 496
1029 1718 1160 1739 manus
1185 1717 1218 1738 α.
1243 1705 1317 1736 sine
1338 1716 1406 1749 que
1425 1703 1514 1735 alter
1532 1702 1657 1735 Hamb.

143 1759 212 1795 498
239 1767 273 1791 et
291 1759 447 1791 vulnera
469 1758 503 1789 d.
521 1765 702 1802 tegentem
720 1756 838 1789 laudat
857 1758 953 1788 Serv.
971 1754 1015 1787 ad
1036 1755 1061 1794 I,
1082 1754 1147 1787 157
1178 1764 1219 1784 ex
1244 1749 1550 1794 interpretatione.
1599 1749 1656 1792 ((ιο

145 1807 229 1841 dira
247 1805 374 1838 Medic.
396 1816 451 1848 ap.
472 1803 618 1847 Foggin.
635 1809 670 1834 et
693 1803 788 1846 Lips.
819 1802 899 1841 alt.;
931 1813 995 1834 nec
1022 1800 1164 1838 dubito,
1199 1798 1280 1842 quin
1306 1797 1355 1829 ita
1381 1795 1485 1828 etiam
1515 1796 1550 1827 in
1579 1794 1656 1827 aliis

145 1852 248 1886 codd.
266 1852 426 1896 legatur3
452 1860 487 1883 et
517 1851 600 1882 dira
626 1851 762 1892 Fragm.
792 1851 873 1883 Vat.
906 1854 942 1881 et
970 1846 1103 1889 Palat.,
1136 1844 1260 1886 etiam,
1293 1850 1333 1876 ut
1364 1842 1523 1884 videtur,
1559 1843 1658 1874 Rom.

144 1899 228 1934 vid.
249 1900 291 1941 Q.
311 1900 357 1934 V.
374 1898 533 1940 XXXV,
551 1898 609 1933 21.
640 1897 736 1940 Wr.)

146 1995 327 2043 lectum,
375 1998 516 2031 nostro
563 1991 703 2030 saltem
745 2003 875 2039 sensu,

148 2051 369 2098 desideres,
410 2050 561 2088 nullam
602 2049 706 2086 enim
740 2048 877 2086 suavi-

148 2115 273 2148 tatem
293 2107 416 2146 habet
438 2106 577 2145 videre
605 2112 676 2144 aut
704 2106 877 2156 cogitare

148 2167 351 2205 hominem
372 2164 558 2202 membris
580 2163 785 2211 mutilatis,
806 2165 878 2202 λω-

150 2221 272 2278 βητὸν
294 2253 306 2272 ,
352 2218 764 2274 η’κρωτηριασμένον,
817 2219 880 2259 αι’-

149 2280 344 2322 κισθέντα
365 2309 377 2329 ,
428 2279 633 2330 insigniter
678 2284 812 2316 tamen
858 2290 880 2313 a

151 2345 270 2391 poeta
304 2342 503 2376 ornatum.
564 2334 635 2388 (At
667 2341 758 2387 post
797 2334 881 2372 He-

152 2403 304 2435 ctorem
332 2394 559 2446 Deiphobus
586 2391 881 2445 praestantissi—

151 2468 242 2493 mus
290 2453 367 2491 suit
411 2452 677 2490 Troianorum
698 2480 708 2499 ,
762 2455 882 2499 atque

152 2511 308 2551 Aeneae
326 2510 497 2556 amicus,
528 2514 575 2546 ut
599 2521 650 2546 ex
671 2507 710 2545 h.
740 2507 765 2545 l.
795 2514 835 2544 et
862 2519 882 2542 e

153 2569 418 2622 Lycophrone
448 2572 590 2618 patet,
631 2571 670 2602 et
705 2577 725 2601 e
756 2563 881 2615 poetis

156 2640 265 2666 nunc
287 2625 507 2677 deperditis
531 2623 692 2674 Virgilio
722 2621 884 2659 notissi-

156 2699 267 2723 mum
299 2690 396 2722 erat.
456 2681 606 2720 Deinde
638 2682 763 2718 satum
793 2679 885 2716 Dei-

157 2742 278 2795 phobi
299 2741 490 2793 egregiam
509 2739 559 2776 ad
579 2736 886 2776 describendum

157 2806 296 2852 poetae
324 2798 470 2836 obtulit
493 2796 751 2834 occasionem.
812 2794 887 2831 Le-

158 2857 338 2895 ctoribus
365 2855 535 2905 denique
565 2853 643 2891 suis
672 2852 770 2890 haec
800 2853 887 2904 pla—

157 2916 284 2953 citura
309 2914 426 2951 scivit
450 2918 566 2964 poeta
593 2917 632 2948 et
654 2912 784 2948 Tucca
807 2910 888 2947 Va-

158 2973 335 3023 riusque.
368 2971 502 3010 Ruszk.
579 2968 703 3007 Addit
734 2969 774 3005 in
811 2967 888 3005 mi—

934 2001 1033 2027 nore
1054 1986 1228 2025 editione
1250 1983 1452 2036 Heynius:
1482 1981 1659 2032 „Verum

936 2046 986 2084 de
1029 2045 1203 2083 Helenae
1243 2041 1412 2095 perfidia
1454 2039 1661 2092 prodentis

935 2103 1076 2142 urbem
1105 2100 1264 2139 Achivis
1296 2097 1472 2136 narratio
1497 2097 1662 2147 insigni-

936 2167 999 2198 ter
1031 2157 1330 2197 accommodata
1362 2160 1446 2192 erat
1472 2166 1663 2206 personae

938 2218 1115 2264 Aeneae,
1158 2222 1197 2252 et
1227 2228 1298 2266 per
1330 2226 1370 2250 se
1395 2211 1661 2249 memorabilis

939 2273 1256 2326 expositionique
1290 2270 1466 2323 poeticae
1504 2282 1663 2306 accom—

939 2332 1139 2371 modata.“
1180 2328 1297 2380 lVr.)
1369 2327 1445 2364 Sed
1488 2327 1665 2364 imitator

939 2388 1106 2429 Homeri
1131 2386 1315 2437 Virgilius
1352 2391 1393 2422 et
1422 2383 1488 2421 hic
1519 2384 1665 2435 depre-

939 2447 1151 2493 henditur,
1195 2444 1226 2481 si
1254 2443 1387 2481 locum
1417 2441 1465 2480 de
1496 2440 1666 2492 Agame-

941 2504 1098 2543 mnonis
1114 2502 1254 2541 umbra
1275 2501 1454 2538 conseras
1471 2499 1613 2551 Odyss.
1633 2501 1666 2547 λ,

942 2566 1026 2606 386
1058 2575 1141 2612 sqq.
1201 2558 1479 2610 Deiphobum,
1533 2571 1555 2594 a
1586 2570 1666 2607 quo

942 2620 1093 2659 Helena
1118 2623 1209 2670 post
1226 2615 1379 2655 Paridis
1404 2620 1574 2652 mortem
1601 2627 1669 2651 seu

944 2679 1148 2725 abducta,
1183 2688 1253 2712 seu
1285 2672 1350 2725 (ut
1378 2687 1440 2725 ap.
1472 2670 1669 2723 Lycophr.

944 2750 1003 2775 vs.
1035 2736 1114 2776 168
1142 2747 1198 2783 sq.
1228 2731 1359 2769 Schol.
1392 2729 1443 2767 ad
1475 2729 1584 2768 Iliad.
1625 2743 1669 2775 ω,

945 2792 1041 2835 251.
1088 2788 1292 2842 traditur)
1348 2802 1421 2840 pro
1472 2783 1671 2838 α’ριστείας

945 2849 1120 2903 praemio
1138 2863 1157 2886 a
1176 2848 1331 2886 Priamo
1350 2850 1508 2895 accepta
1528 2844 1670 2889 suerat,

946 2909 989 2946 in
1020 2910 1102 2945 eius
1134 2905 1311 2945 thalamo
1343 2918 1363 2941 a
1393 2901 1570 2940 Menelao
1598 2913 1671 2950 op-

948 2979 1128 3019 pressum
1190 2962 1310 3001 etiam
1368 2959 1502 2998 videas
1566 2956 1672 3009 apud
