1827 3436
337 202 740 256 AENEIDOS
778 203 918 250 Llss.
958 202 995 258 Ι,
1032 206 1324 252 286—298

1491 210 1585 255 125

83 338 222 386 Cana
256 331 438 389 Fides,
482 337 534 376 et
556 331 740 389 Vesta,
776 328 952 376 Remo
981 341 1101 372 cum
1130 323 1291 373 fratre
1324 327 1587 389 Quirinus,

79 407 197 453 Iura
228 401 456 453 dabunt:
497 398 640 446 dirae
663 395 807 444 ferro
836 404 888 443 et
913 394 1236 458 conpagibus
1262 396 1381 442 artis

81 471 409 523 Claudcntur
436 466 569 516 Belli
596 474 806 531 portae3
855 466 1028 512 Furor
1052 464 1228 528 inpius
1250 463 1405 525 intus,

81 544 243 590 Saeva
304 538 497 587 sedens
557 552 718 601 super
777 550 946 596 arina,

1014 541 1066 581 et
1128 541 1344 581 centum
1384 533 1589 581 vinctus

862 602 1005 651 aenis
1488 606 1591 654 295

78 682 205 728 Post
230 686 437 740 tergum
462 673 634 732 nodiS,
672 670 867 720 fremet
892 669 1141 719 horridus
1165 686 1259 718 ore
1284 679 1520 721 cruentO.

147 750 289 795 Ilaec
315 746 406 794 ait:
442 752 493 791 et
516 742 647 791 Maia
672 742 909 804 genitum
939 740 1168 789 demittit
1192 739 1254 787 ab
1278 739 1398 803 alto,

79 820 149 866 Ut
182 825 380 876 terrae,
428 822 595 878 utque
625 827 796 860 novae
830 818 1043 876 pateant
1079 809 1406 873 Carthaginis
1445 826 1588 858 arces

149 914 264 961 297.
300 922 465 967 ALT03

172 1036 241 1072 293
270 1038 315 1067 Ec
336 1034 435 1066 deest
445 1033 559 1076 Bigot.
594 1032 708 1065 arctis
727 1031 769 1064 al.
783 1038 820 1064 ut
837 1030 925 1064 male
946 1031 1051 1064 scribi
1070 1031 1173 1064 solet.
1202 1030 1471 1075 (refragantibus
1491 1030 1589 1063 scili—

80 1088 137 1115 cet
157 1082 297 1126 optimis
316 1081 434 1120 libris3
459 1080 516 1112 hie
538 1079 678 1123 quidem
698 1078 837 1111 miniuta
856 1091 875 1111 c
895 1078 929 1110 in
952 1078 1075 1111 Medic.
1098 1078 1344 1122 superscripta.
1390 1077 1472 1110 Vid.
1492 1078 1586 1110 Cort.

80 1129 125 1162 ad
143 1129 286 1162 Sallust.
304 1129 376 1171 Ing.
392 1140 419 1159 c.
441 1128 498 1161 5⁶2.
519 1133 553 1158 et
573 1126 627 1160 85.
658 1126 833 1157 Drakenb.
857 1125 900 1157 ad
917 1124 1037 1157 Silium
1058 1126 1132 1165 VH,
1153 1126 1231 1159 280.
1257 1124 1350 1165 lls'r.)
1409 1125 1478 1158 295
1501 1127 1589 1157 Sce-

81 1187 129 1208 να
148 1177 270 1208 Franc.
294 1181 328 1206 et
344 1174 502 1206 Parrhas.

80 1223 191 1255 mittit
219 1234 260 1255 ex
290 1220 493 1253 melioribus
526 1218 687 1262 reposuit
714 1218 833 1250 Heius.

598 1173 667 1206 297
693 1174 818 1204 DIaiae
838 1184 905 1204 sec.
927 1173 1053 1203 Moret.
1073 1178 1107 1202 et
1132 1172 1180 1203 sic
1200 1173 1297 1203 Rom.
1316 1184 1334 1203 a
1354 1183 1397 1202 m.
1421 1183 1472 1214 pr.
1522 1172 1589 1202 de-

891 1218 1008 1261 Vulgo
1039 1218 1196 1250 dimittit.
1245 1219 1387 1250 demisit
1412 1217 1490 1249 Ald.
1514 1217 1588 1260 (scd

80 1268 158 1301 Ald.
177 1275 258 1301 tert.
286 1268 452 1299 demittit.
483 1266 577 1307 ll'r.)
602 1271 636 1297 et
657 1267 745 1297 Iunt.
769 1271 802 1296 et
822 1265 979 1309 sequitur
999 1273 1150 1297 arceret.
1180 1265 1310 1296 Verum
1329 1263 1363 1295 in
1384 1271 1490 1308 pocta
1510 1264 1588 1308 epi-—

81 1326 122 1346 co
141 1327 210 1347 non
229 1316 340 1348 locum
361 1313 467 1345 habet
495 1325 534 1345 ea
556 1311 755 1344 observatio
786 1323 803 1343 c
825 1311 991 1344 Cicerone
1018 1311 1140 1355 petita.
1175 1310 1399 1355 (Saepissime
1422 1311 1525 1343 etiam
1546 1311 1587 1342 ab

81 1361 264 1394 Ilistoricis
303 1359 480 1392 Praesenti
506 1358 674 1390 historico
701 1359 945 1402 Imperfectum
970 1357 1200 1400 subiungitur.
1243 1357 1426 1390 Subtiliter
1446 1357 1488 1389 de
1512 1357 1545 1389 h.
1564 1356 1587 1388 l.

82 1407 239 1451 disputat
254 1407 349 1439 Iahn.
370 1406 413 1438 ad
432 1406 456 1438 Ι.
477 1407 536 1445 VI,
561 1405 659 1439 754:
696 1412 759 1445 „ut
786 1413 945 1450 pateant
969 1404 1224 1448 quodammodo
1249 1404 1324 1448 ipsa
1353 1404 1443 1436 Iovis
1470 1404 1588 1443 verba,

82 1455 206 1498 quibus
227 1453 433 1485 Mercurium
453 1452 651 1489 admonuit,
676 1451 874 1495 posteriora
895 1464 940 1483 ne
962 1459 1104 1483 arceret
1122 1458 1237 1483 autem
1260 1463 1416 1490 causam,
1453 1463 1511 1482 cur
1530 1452 1588 1482 lu—

81 1500 176 1544 piter
194 1501 260 1533 hoc
278 1499 422 1540 fecerit,
458 1511 477 1530 a
502 1505 607 1542 poeta
635 1498 788 1530 additam
817 1498 1033 1529 continent.“

567 1545 701 1576 dimisit
720 1556 772 1588 pr.
801 1544 908 1576 Goth.
932 1544 982 1587 (ct
1007 1542 1085 1576 Alb.
1109 1545 1205 1582 lVrA
1255 1544 1411 1576 demittit
1440 1544 1589 1589 Ogymps)

356 1592 424 1626 298
451 1599 559 1636 atque
578 1591 622 1623 al.
644 1591 692 1634 (in
713 1590 837 1634 quibus
856 1591 967 1624 Palat.
999 1590 1093 1635 Wr.)
1120 1598 1155 1623 et
1175 1590 1224 1623 sic
1244 1590 1348 1633 vulgo
1365 1596 1447 1622 ante
1468 1590 1588 1622 Heius.

81 1547 175 1579 riora
195 1547 393 1590 langueant.
422 1545 517 1585 lVr.)

82 1593 191 1626 Goth.
211 1606 278 1626 sec.

82 1699 188 1750 Virg.
217 1699 293 1735 Vit.
328 1697 379 1735 ad
406 1697 446 1735 h.
469 1711 502 1735 a.
562 1696 641 1734 Nec
671 1702 806 1733 tamen

81 1756 176 1795 hinc
211 1756 380 1807 probare
423 1754 564 1805 aliquis
604 1753 806 1804 suscipiat,

82 1814 160 1852 hoc
188 1814 271 1865 ipso
291 1827 395 1851 anno
416 1813 589 1864 primum
610 1811 806 1850 Aeneidos

82 1872 229 1909 librum
268 1884 348 1907 esse
389 1870 594 1921 scriptum.
642 1870 806 1906 saecula

82 1943 227 1980 aspera
260 1931 483 1975 mitescent,
517 1932 674 1977 tempus
704 1925 806 1964 illud

84 1988 160 2024 erit
178 1991 374 2038 pacatum,
405 1984 527 2022 finitis
547 1984 671 2021 bellis.
714 1984 807 2021 Tri-

82 2045 222 2082 buitur
248 2043 431 2094 tempori,
463 2042 573 2092 quod
599 2040 805 2078 hominum

84 2108 154 2139 est.
215 2101 328 2148 Quae
347 2105 582 2150 sequuntur,
605 2101 806 2139 v.292-

84 2161 167 2200 296
193 2157 397 2208 magnifiee
419 2170 603 2208 expressa
625 2161 737 2194 sunt:
768 2169 808 2193 v.

84 2217 250 2255 Excurs.
271 2215 319 2252 ad
340 2214 379 2252 li.
402 2228 439 2252 v.
470 2214 536 2251 Ait
557 2214 690 2262 fidem,
712 2212 810 2251 reli-

83 2274 216 2324 giones
235 2273 397 2324 patrias,
420 2278 458 2309 et
477 2271 624 2309 civium
639 2284 809 2309 concor-

86 2331 204 2379 diam,
237 2330 442 2367 exstinctis
462 2328 575 2366 bellis
596 2335 634 2365 et
654 2328 809 2365 discor-

86 2388 185 2437 diis,
219 2387 507 2438 rempublicam
539 2399 621 2423 esse
653 2392 808 2437 tempe-

84 2452 257 2483 raturas.
328 2445 450 2482 Fides
492 2459 620 2491 cana,
664 2443 808 2495 prisca,

86 2503 270 2554 antiqua,
313 2502 440 2552 qua-lis
480 2501 678 2538 maiorum
718 2501 807 2538 suit.

92 2561 236 2607 Vesta,
268 2559 399 2611 patria
427 2572 548 2609 eaque
578 2558 808 2609 antiquissi-

85 2630 148 2654 ma
162 2618 350 2668 religione
369 2616 555 2654 Romanis
568 2617 686 2655 culta.
708 2616 807 2653 Cum

85 2673 147 2712 his
171 2676 367 2712 Romulus
392 2681 431 2711 et
450 2676 601 2710 Remus
620 2675 709 2711 iura
732 2673 810 2710 (la-

87 2731 205 2780 bani,
249 2732 415 2783 imperio
457 2733 633 2768 Romano
668 2743 810 2782 praee-

87 2795 205 2836 runt,
235 2789 292 2826 ita
322 2796 366 2827 ut
394 2789 445 2828 ad
467 2788 675 2840 pristinam
701 2789 809 2825 illam

87 2851 312 2896 temporum
347 2847 595 2884 sanctitatem
629 2852 668 2883 et
704 2845 809 2882 inte-

87 2903 282 2952 gritatem,
315 2917 414 2954 quae
437 2910 528 2942 ante
550 2902 809 2955 parricidium

1081 1498 1150 1530 Sed
1178 1497 1226 1530 ita
1254 1509 1378 1529 vereor
1400 1509 1443 1528 ne
1464 1503 1588 1541 postc—

863 1694 976 1732 Remi
997 1708 1015 1731 a
1029 1695 1201 1733 Romulo
1224 1694 1476 1733 commissum
1500 1695 1588 1742 suit,

862 1752 1025 1790 rediisse
1053 1766 1114 1789 res
1138 1753 1264 1790 videri
1298 1753 1451 1790 debeat.
1486 1754 1588 1790 Be!-

863 1811 961 1857 lum‚
994 1808 1018 1849 ὁ
1046 1806 1242 1861 Πόλεμος,
1274 1810 1313 1848 h.
1344 1811 1368 1848 l.
1402 1810 1463 1847 dei
1493 1824 1589 1862 per-

864 1881 999 1905 sonam
1032 1868 1222 1917 sustinet3
1252 1868 1357 1905 idem
1385 1882 1481 1906 mox
1503 1870 1590 1905 Fu—

863 1939 940 1962 ror.
985 1926 1098 1962 Belli
1107 1935 1250 1976 portae
1269 1926 1488 1977 respiciunt
1508 1926 1588 1962 lam

862 1983 1057 2034 templum
1074 1981 1137 2034 (cs.
1151 1983 1245 2021 Aen.
1258 1983 1341 2032 VII,
1354 1982 1468 2036 607),
1482 1982 1590 2033 quod

863 2053 958 2092 pace
979 2044 1166 2078 restituta
1189 2042 1366 2080 clausum
1387 2041 1498 2091 quasi
1518 2054 1589 2092 pro

867 2111 1026 2135 carcere
1058 2105 1096 2135 et
1119 2098 1301 2136 custodia
1328 2099 1426 2136 Belli
1448 2097 1591 2135 haberi

865 2162 1008 2207 potest.
1070 2156 1236 2206 Reliqua
1265 2170 1340 2194 VSS.
1370 2154 1466 2203 294,
1497 2156 1536 2204 5,
1565 2158 1590 2196 6

867 2213 918 2249 ad
941 2218 1136 2251 terrorem
1169 2214 1392 2251 animorum
1424 2226 1589 2264 compo-

866 2271 941 2308 sita
974 2277 1078 2308 sunt.
1153 2269 1388 2323 (Virgilius,
1426 2277 1470 2308 ut
1506 2283 1590 2308 rem

866 2327 1055 2376 variaret,
1078 2328 1273 2366 Furorem
1295 2342 1383 2366 cum
1407 2328 1514 2365 Bello
1528 2328 1591 2364 la-

865 2386 906 2423 ni
926 2386 1073 2436 templo
1090 2386 1263 2424 inclusit.
1298 2387 1464 2423 Furor
1486 2385 1590 2422 enim

865 2443 972 2480 inter
999 2443 1139 2481 Martis
1164 2444 1327 2481 comites
1353 2443 1462 2494 apud
1491 2445 1590 2480 Stat.

867 2500 1060 2542 Thebaid,
1094 2501 1159 2549 ΙΙΙ,
1188 2500 1284 2543 424.
1344 2500 1464 2552 Apud
1489 2514 1590 2539 eun-

868 2558 958 2596 dem
978 2558 1061 2606 VII,
1081 2557 1148 2599 52.
1172 2558 1210 2595 in
1231 2558 1336 2609 regia
1357 2558 1496 2596 Martis
1516 2557 1590 2595 ha-

865 2616 968 2654 bitat
988 2615 1131 2653 Furor.
1167 2615 1311 2669 IVclz.)

926 2676 1010 2715 297
1027 2694 1084 2702 -·
1103 2673 1199 2713 304.
1244 2674 1442 2721 Observa,
1473 2686 1590 2723 quam

868 2730 1071 2768 succincta
1103 2730 1143 2767 in
1180 2744 1284 2781 seqq.
1316 2730 1495 2768 narratio
1531 2730 1590 2766 sit.

867 2787 972 2825 Bene
1000 2793 1132 2825 autem
1164 2788 1203 2825 in
1232 2788 1406 2840 hospitio
1430 2787 1592 2825 Teucris

867 2846 1047 2896 parando
1060 2845 1321 2883 ministerium
1344 2845 1510 2883 deorum
1526 2844 1592 2880 in-

867 2902 1117 2954 terponitur,
1150 2916 1198 2940 ne
1222 2916 1285 2941 res
1307 2902 1501 2940 miraculo
1524 2914 1590 2937 ca-
