1779 3420
85 253 181 298 148

393 249 448 296 Ρ.
493 246 841 297 VIRGILII
890 240 1269 290 MARONIS

82 375 319 422 Cernere
348 389 417 420 ne
446 373 563 437 quis
600 388 717 430 eos,
755 384 863 416 neu
896 367 1012 432 quis
1053 367 1363 429 contingere
1394 376 1592 432 posset,

82 442 321 491 Molirive
346 458 583 500 moram,
622 448 710 488 aut
736 435 987 486 veniendi
1012 451 1235 500 poscere
1261 452 1475 487 caussas,

79 514 195 577 Ipsa
218 511 460 576 Paphum
485 509 724 558 sublimis
748 506 876 563 abit,
920 504 1184 570 sedesque
1209 506 1386 553 revisit

1493 508 1594 556 415

81 585 236 629 Laeta
258 598 397 630 snas:
432 580 524 628 ubi
551 575 812 642 templum
835 573 930 635 illi,
970 582 1297 640 centumque
1319 575 1522 623 Sabaeo

172 721 241 755 413
267 720 431 752 aberrant
456 717 558 749 codd.
583 716 617 747 in
644 728 690 748 ne
709 715 790 759 qais
815 721 850 745 et
875 726 946 746 nea
972 715 1064 759 quis.
1090 725 1121 746 v.
1146 715 1255 746 Burm.
1302 716 1422 760 possit
1444 713 1594 758 plurimi,

80 767 182 800 mule.
210 767 407 810 tpauciores
428 772 565 811 posset,
601 762 635 794 in
653 761 778 805 quibus
801 767 920 793 tamen
942 760 1124 792 Mediceus
1146 766 1200 800 et,
1238 767 1275 793 ut
1296 761 1453 799 videtur,
1480 762 1592 800 Rom„

82 827 100 847 e
124 813 289 847 Parisinis
310 824 395 844 unns
415 814 459 849 8.,
485 817 520 842 et
539 810 636 853 Lips.
657 808 715 841 alt.
748 820 812 852 per
840 807 1093 851 compendium.
1131 806 1225 848 lVr.)
1275 820 1345 839 neu
1368 809 1430 852 elui
1454 820 1592 852 cogno—

81 874 183 893 scere
205 861 349 906 possint
376 860 477 889 Voss.
506 868 603 888 unus.

709 854 778 889 414
804 854 975 887 Μοῖίι·ι’νε
1006 855 1100 886 viam
1132 855 1257 886 Hanib.
1285 865 1338 898 pr.

1386 867 1454 898 que
1482 854 1593 897 Bigot.

81 920 216 940 moram
236 905 404 938 veniendi
429 917 471 936 ac
486 916 524 949 p.
550 902 603 934 ed.
622 903 711 934 Ven.
760 901 900 934 discere
923 913 1078 933 caussas
1094 907 1175 945 post
1193 901 1417 944 Longobard.
1439 907 1473 932 et
1494 901 1594 941 alios,

83 953 194 986 Pierio
218 953 393 996 inspectos
409 976 417 989 ‚
447 949 610 981 Rottend.
630 955 776 991 uterque
801 954 836 979 et
858 948 981 979 Hamb.
1009 959 1063 979 un.
1089 959 1142 990 pr.
1168 960 1238 979 var.
1269 947 1349 979 lect.
1377 948 1427 991 (et
1447 959 1465 979 e
1485 947 1593 980 Paris.

84 1004 111 1034 l.
131 1007 166 1031 el.
184 1001 215 1034 7.
246 998 340 1040 lb'r.)
366 998 456 1029 forte
483 1008 523 1027 ex
544 1000 625 1028 Aen.
647 996 707 1034 VI,
732 996 799 1028 483
834 994 868 1025 in
891 994 970 1026 edd.
1005 993 1180 1025 nonnullis
1208 1006 1284 1025 esse
1317 994 1452 1025 videtur
1480 1006 1599 1040 expo-—

81 1060 189 1079 scere.
223 1045 356 1089 aliquot
388 1043 490 1076 codd.
512 1043 604 1087 apud
624 1041 774 1074 Pierium
799 1042 1000 1085 exquirere.

1102 1040 1171 1075 415
1201 1041 1351 1086 Paphon
1385 1041 1509 1073 Hamb.
1542 1052 1592 1084 pr.

81 1106 155 1126 cuin
179 1093 223 1125 al.
246 1098 315 1124 ant.
343 1090 446 1133 (idem
465 1101 483 1121 e
508 1089 578 1121 suis
597 1089 698 1121 codd.
726 1088 828 1120 affert
852 1087 946 1119 Cort.
979 1087 1023 1119 ad
1046 1087 1172 1119 Lucan.
1194 1089 1238 1128 V,
1263 1088 1342 1122 496.
1374 1087 1467 1128 Wr.)
1517 1087 1594 1119 adit

81 1140 213 1183 aliquot
246 1150 301 1181 ap.
329 1139 441 1169 Burni.
463 1142 499 1168 et
514 1136 605 1168 Pier.
654 1135 774 1179 (ctiam
797 1134 875 1167 Alb.
904 1140 938 1166 et
957 1135 1022 1166 Ms.
1046 1134 1138 1166 Bosii
1164 1146 1220 1178 ap.
1243 1135 1334 1167 Cort.
1352 1135 1396 1167 ad
1415 1135 1543 1166 Lucan.
1569 1135 1594 1175 Ι,

79 1188 159 1220 sss.
189 1189 223 1219 ll
232 1186 284 1228 ν.)

81 1279 284 1322 408409.
305 1293 354 1316 ac
372 1293 484 1316 veras
505 1279 644 1316 audire
665 1285 700 1314 et
714 1277 807 1314 recl—

80 1339 167 1375 <lere
187 1352 298 1374 voces
319 1351 397 1374 non
418 1349 467 1373 ex
490 1336 613 1373 aliena
638 1347 805 1386 persona

81 1395 252 1441 adscita,
284 1394 352 1431 sed
378 1400 422 1432 ut
441 1399 567 1431 mater
588 1392 806 1430 manifesta.

81 1454 137 1491 Cl'.
156 1453 279 1491 verba
300 1451 448 1503 Ulyssis
470 1452 521 1489 ad
545 1457 715 1488 matrem
740 1449 807 1487 in—

82 1517 143 1548 ter
164 1510 337 1548 umbras.
370 1509 446 1547 Od.
467 1513 500 1557 λ,
524 1511 606 1550 209
629 1521 712 1558 sqq.

138 1567 234 1608 412.
267 1568 392 1604 Densa
418 1568 523 1605 nube
551 1564 808 1604 circumfudit

83 1639 159 1663 eos.
222 1625 280 1662 Ab
300 1626 475 1662 Homero
499 1638 588 1662 eum
617 1624 695 1662 hoc
718 1630 807 1660 tra-

83 1684 185 1720 xisse
210 1690 349 1720 notum
373 1682 562 1734 est‚apud
583 1695 699 1732 quem
718 1693 807 1717 sae-

83 1754 129 1792 pe
153 1740 227 1777 hoc
255 1740 452 1789 occurrit3
483 1740 662 1792 inprimis
693 1752 806 1776 coni—

84 1813 178 1850 para
212 1799 355 1850 Odyss.
391 1815 438 1849 η,
476 1798 539 1838 14.
575 1800 629 1839 39
661 1819 711 1824 ·-
740 1795 809 1844 43)

83 1870 198 1907 quem
221 1857 351 1893 locum
372 1856 448 1893 iam
470 1855 711 1892 monstravit
722 1853 809 1890 Ma·-

84 1914 191 1951 orob.
223 1914 267 1961 V,
296 1913 344 1961 4,
377 1914 425 1950 de
456 1914 616 1965 Ulysse,
647 1911 810 1962 quando

87 1971 237 2008 Alcinoi
269 1972 413 2021 regiam
440 1972 585 2020 intrat3
617 1971 668 2007 ad
699 1970 811 2007 cuius

85 2029 310 2079 exemplum
332 2035 443 2066 totus
468 2028 621 2066 Aeneae
645 2027 695 2064 ad
709 2028 810 2064 Car-

88 2086 284 2135 thaginem
309 2093 348 2123 et
372 2087 565 2124 Didonem
594 2086 724 2123 aditus
752 2090 812 2121 est

86 2144 360 2181 adumbratus,
395 2144 497 2181 adde
530 2144 714 2195 Apollon.
745 2142 811 2190 ΙΙΙ,

87 2205 170 2243 210
186 2224 230 2228 —
248 2204 393 2249 214‚0t
414 2202 522 2240 alios.
556 2202 604 2239 cf.
617 2200 657 2238 h.
674 2201 697 2238 l.
711 2202 811 2237 Cer-

89 2259 151 2295 da.
193 2259 337 2296 Totum
360 2260 489 2297 locuni
514 2258 708 2311 expressit
731 2258 812 2295 Va-

91 2316 156 2352 lor.
183 2316 237 2353 ΕΙ.
257 2317 301 2363 V,
321 2316 404 2358 400
424 2332 507 2367 sqq.
568 2316 697 2353 Facile
715 2328 811 2353 vero

90 2373 285 2424 principos
301 2373 415 2411 huius
430 2374 716 2425 phantasmatis
736 2387 812 2410 au-

91 2437 219 2466 ‹·l‹11·es
239 2433 318 2481 ipsc
338 2432 546 2469 oculorum
567 2446 714 2479 sensus,
739 2443 813 2467 ne—

91 2488 191 2524 bulis
213 2502 258 2523 ac
287 2489 455 2526 nubibus
476 2490 604 2527 vicina
630 2490 714 2526 loca
738 2489 813 2525 ob—

91 2545 341 2591 ‹lm-ontibus,
370 2546 469 2582 illud
491 2548 633 2584 docere
654 2546 816 2595 debuit3

92 2602 218 2639 inulto
253 2603 372 2651 inagis
404 2618 492 2640 cuni
529 2605 621 2640 deos
656 2616 814 2653 quoque

93 2660 197 2696 nube
229 2661 393 2696 amictos
427 2668 465 2697 ct
503 2662 628 2699 oculis
660 2662 814 2698 subdu-

92 2725 176 2753 cios
193 2718 307 2766 vulgo
329 2725 549 2755 narrarenl.
610 2717 816 2760 413.414.

95 2777 352 2822 (baliugere,
386 2775 487 2822 vini,
528 2776 711 2813 iniuriam
750 2776 816 2812 in-

93 2833 193 2869 soi-ro.
216 2833 260 2868 iis
291 2838 478 2881 tanquam
505 2833 688 2870 advenis:
720 2834 816 2870 bar-

96 2891 281 2926 haroruni
308 2890 544 2940 populorum
568 2904 688 2927 inorc.
729 2905 816 2926 mo-

93 2950 159 2984 lm·
206 2961 357 2983 maram
397 2947 655 2997 ponderosius
699 2962 816 2997 quani

864 1275 1005 1323 facere,
1026 1275 1210 1313 excitare.
1243 1277 1313 1313 Est
1336 1276 1439 1313 enim
1459 1282 1593 1313 strue—

865 1345 908 1370 re
930 1333 993 1370 vel
1017 1346 1177 1371 movere
1206 1334 1333 1385 poetis
1354 1335 1498 1370 moliri.

925 1389 1022 1430 415.
1053 1392 1108 1429 Cl'.
1136 1392 1186 1429 ad
1212 1406 1247 1429 v.
1272 1395 1336 1431 16.
1371 1392 1516 1429 Versus
1543 1403 1593 1427 ex

866 1447 1042 1486 Homero
1088 1449 1158 1487 sed
1197 1450 1379 1487 ornatius
1420 1448 1595 1500 expressi

867 1505 1010 1557 Odyss.
1052 1511 1105 1555 θ,
1149 1510 1232 1549 362
1267 1521 1322 1557 sq.
1401 1507 1596 1558 Compara

871 1564 1015 1614 llymn.
1039 1564 1079 1601 in
1104 1564 1245 1602 Vener.
1275 1568 1342 1613 58,
1373 1565 1426 1605 59
1446 1578 1529 1614 sqq.
1556 1570 1595 1600 et

867 1621 1009 1672 Odyss.
1039 1638 1078 1673 η,
1104 1624 1171 1671 80,
1193 1625 1239 1663 81
1266 1637 1348 1672 sqq.
1378 1622 1426 1659 de
1446 1623 1594 1658 Miner-

867 1692 929 1718 va.
992 1679 1045 1716 At
1085 1692 1136 1717 ex
1177 1680 1338 1729 Virgilio
1371 1681 1521 1717 Statius
1562 1679 1592 1717 V

868 1736 993 1774 Theb.
1017 1740 1063 1777 61
1090 1738 1174 1775 llla
1200 1738 1408 1788 Plzaplzon
1430 1746 1596 1774 velet-em.

869 1802 1102 1845 centumque
1176 1797 1327 1832 allaz-ia
1394 1797 1590 1846 linquens.

870 1851 991 1899 Quod
1021 1859 1153 1889 autem
1191 1853 1295 1890 turis
1327 1859 1365 1890 et
1395 1859 1594 1890 sertorum

870 1910 1014 1946 odores
1045 1909 1320 1948 exhalantium
1355 1916 1513 1948 tantum
1550 1910 1596 1946 lit

870 1968 1041 2014 mentio,
1076 1982 1153 2005 non
1180 1969 1434 2006 victimarum
1461 1981 1596 2004 caesa-

870 2039 982 2073 rum,
1014 2025 1109 2062 satis
1132 2026 1248 2063 docte
1270 2027 1507 2077 interpretes
1528 2037 1595 2062 re-

870 2084 1007 2120 ferunt
1029 2083 1079 2119 ad
1113 2097 1262 2121 morem
1291 2097 1496 2121 sacrorum
1520 2083 1596 2120 Ve-

872 2141 998 2188 neris,
1031 2141 1139 2190 quod
1167 2155 1257 2179 arae
1281 2143 1412 2179 nullus
1440 2141 1596 2190 sanguis

871 2198 1173 2247 ollhndebatur,
1216 2200 1385 2237 maxime
1426 2198 1597 2250 Paphiae

870 2256 1027 2294 Veneri.
1058 2271 1097 2294 v.
1125 2257 1247 2295 Tacit.
1272 2257 1374 2294 Hist.
1399 2257 1450 2303 ll,
1475 2260 1512 2298 3.
1546 2256 1594 2293 cs.

871 2314 910 2352 h.
936 2314 959 2351 l.
992 2314 1132 2352 Corda.
1192 2315 1303 2353 Alius
1325 2328 1415 2353 cum
1439 2315 1597 2365 elegan-

870 2372 949 2409 tiae
971 2386 1090 2410 sensu
1113 2372 1164 2409 ad
1183 2373 1238 2420 id,
1259 2373 1367 2423 quod
1390 2372 1502 2409 deam
1525 2371 1597 2408 de-

872 2429 1053 2467 liciarum
1081 2435 1120 2467 et
1153 2431 1373 2481 voluptatis
1404 2430 1595 2467 arbitram

872 2488 1011 2524 decere
1044 2487 1186 2538 possit,
1218 2489 1385 2525 reserat:
1425 2501 1596 2537 quomo—

873 2545 924 2582 do
945 2545 1061 2592 enim,
1079 2544 1221 2595 inquit,
1252 2552 1323 2582 aut
1342 2545 1595 2583 victimarum

875 2602 1014 2640 nidore
1044 2602 1111 2639 illa
1140 2603 1350 2649 delectari,
1394 2609 1461 2639 aut
1493 2603 1597 2639 inter

877 2661 1020 2698 odores
1041 2661 1143 2698 turis
1165 2667 1203 2696 ct
1221 2661 1367 2697 {lorum
1391 2660 1507 2696 istun]
1534 2661 1595 2695 ni—

875 2718 1014 2756 dorem
1037 2717 1261 2755 desiderarc
1287 2724 1410 2768 potesl
1426 2718 1444 2754 ’Β
1479 2717 1597 2753 Com-

876 2782 992 2826 parat
1016 2776 1147 2813 locuni
1164 2774 1391 2813 Callimachi
1413 2776 1460 2811 dc
1475 2775 1599 2825 Apol-

876 2833 965 2870 linis
993 2834 1135 2870 Carnei
1158 2848 1224 2872 ara
1250 2834 1298 2871 ll.
1320 2834 1360 2870 in
1388 2832 1517 2883 Apoll.
1545 2834 1600 2872 80

875 2905 958 2941 sqq.
982 2891 1170 2928 Guellius.
1232 2892 1339 2928 laem
1366 2905 1400 2928 v.
1425 2893 1508 2930 416
1532 2903 1600 2926 ac-

876 2949 983 3000 cipe,
1040 2949 1226 2999 quoniam
1264 2948 1412 3000 gaudet
1453 2946 1600 2999 Papho.
