<?xml version="1.0" encoding="UTF-8"?>
<!DOCTYPE html PUBLIC "-//W3C//DTD XHTML 1.0 Transitional//EN"
    "http://www.w3.org/TR/xhtml1/DTD/xhtml1-transitional.dtd">
<html xmlns="http://www.w3.org/1999/xhtml" xml:lang="en" lang="en">
 <head>
  <title>
</title>
<meta http-equiv="Content-Type" content="text/html;charset=utf-8" />
  <meta name='ocr-system' content='tesseract 3.04.00' />
  <meta name='ocr-capabilities' content='ocr_page ocr_carea ocr_par ocr_line ocrx_word'/>
</head>
<body>
  <div class='ocr_page' id='page_1' title='image "./publiusvirgilius02virguoft/publiusvirgilius02virguoft_0640.png"; bbox 0 0 1779 3420; ppageno 0'>
   <div class='ocr_carea' id='block_1_1' title="bbox 42 169 1221 236">
    <p class='ocr_par' dir='ltr' id='par_1_1' title="bbox 42 169 1221 236">
     <span class='ocr_line' id='line_1_1' title="bbox 42 169 1221 236; baseline -0.016 0"><span class='ocrx_word' id='word_1_1' title='bbox 42 189 147 236; x_wconf 76' lang='lat'>652</span> <span class='ocrx_word' id='word_1_2' title='bbox 380 183 435 229; x_wconf 90' lang='grc' dir='ltr'>Ρ.</span> <span class='ocrx_word' id='word_1_3' title='bbox 472 176 814 230; x_wconf 87' lang='lat' dir='ltr'>VIRGILII</span> <span class='ocrx_word' id='word_1_4' title='bbox 847 169 1221 223; x_wconf 86' lang='lat' dir='ltr'><strong>MARONIS</strong></span> 
     </span>
    </p>
   </div>
   <div class='ocr_carea' id='block_1_2' title="bbox 42 293 1508 438">
    <p class='ocr_par' dir='ltr' id='par_1_2' title="bbox 42 293 1508 438">
     <span class='ocr_line' id='line_1_2' title="bbox 43 293 1214 367; baseline -0.015 -10"><span class='ocrx_word' id='word_1_5' title='bbox 43 306 314 367; x_wconf 82' lang='lat' dir='ltr'>PallentiS‚</span> <span class='ocrx_word' id='word_1_6' title='bbox 351 304 473 354; x_wconf 83' lang='lat' dir='ltr'>alias</span> <span class='ocrx_word' id='word_1_7' title='bbox 493 303 590 352; x_wconf 87' lang='lat' dir='ltr'>sub</span> <span class='ocrx_word' id='word_1_8' title='bbox 617 306 832 351; x_wconf 81' lang='lat' dir='ltr'>Tartara</span> <span class='ocrx_word' id='word_1_9' title='bbox 848 296 1009 345; x_wconf 82' lang='lat' dir='ltr'>tristia</span> <span class='ocrx_word' id='word_1_10' title='bbox 1028 293 1214 354; x_wconf 81' lang='lat' dir='ltr'>mittit3</span> 
     </span>
     <span class='ocr_line' id='line_1_3' title="bbox 42 362 1508 438; baseline -0.011 -10"><span class='ocrx_word' id='word_1_11' title='bbox 42 382 147 429; x_wconf 84' lang='lat' dir='ltr'>Dat</span> <span class='ocrx_word' id='word_1_12' title='bbox 177 391 398 426; x_wconf 88' lang='lat' dir='ltr'>somnos</span> <span class='ocrx_word' id='word_1_13' title='bbox 418 374 732 438; x_wconf 84' lang='lat' dir='ltr'>adimitque,</span> <span class='ocrx_word' id='word_1_14' title='bbox 773 377 824 418; x_wconf 86' lang='lat' dir='ltr'>et</span> <span class='ocrx_word' id='word_1_15' title='bbox 840 366 1042 415; x_wconf 83' lang='lat' dir='ltr'>lumina</span> <span class='ocrx_word' id='word_1_16' title='bbox 1062 371 1242 412; x_wconf 87' lang='lat' dir='ltr'>morte</span> <span class='ocrx_word' id='word_1_17' title='bbox 1265 362 1508 426; x_wconf 82' lang='lat' dir='ltr'><strong>resignat.</strong></span> 
     </span>
    </p>
   </div>
   <div class='ocr_carea' id='block_1_3' title="bbox 48 478 1567 1188">
    <p class='ocr_par' dir='ltr' id='par_1_3' title="bbox 48 478 1566 1005">
     <span class='ocr_line' id='line_1_4' title="bbox 140 478 1559 529; baseline -0.013 -1"><span class='ocrx_word' id='word_1_18' title='bbox 140 492 210 529; x_wconf 74' lang='lat'>243</span> <span class='ocrx_word' id='word_1_19' title='bbox 245 490 311 526; x_wconf 80' lang='lat' dir='ltr'>sub</span> <span class='ocrx_word' id='word_1_20' title='bbox 351 493 513 525; x_wconf 78' lang='lat' dir='ltr'>Tartara</span> <span class='ocrx_word' id='word_1_21' title='bbox 546 489 679 523; x_wconf 74' lang='lat' dir='ltr'>tristia.</span> <span class='ocrx_word' id='word_1_22' title='bbox 735 483 899 518; x_wconf 77' lang='lat' dir='ltr'>Ordinem</span> <span class='ocrx_word' id='word_1_23' title='bbox 932 483 1049 514; x_wconf 82' lang='lat' dir='ltr'>Burm.</span> <span class='ocrx_word' id='word_1_24' title='bbox 1087 492 1106 514; x_wconf 90' lang='lat' dir='ltr'>e</span> <span class='ocrx_word' id='word_1_25' title='bbox 1139 479 1243 514; x_wconf 89' lang='lat' dir='ltr'>codd.</span> <span class='ocrx_word' id='word_1_26' title='bbox 1280 479 1406 521; x_wconf 88' lang='lat' dir='ltr'>Pierii,</span> <span class='ocrx_word' id='word_1_27' title='bbox 1440 478 1559 511; x_wconf 82' lang='lat' dir='ltr'>Heius.</span> 
     </span>
     <span class='ocr_line' id='line_1_5' title="bbox 50 525 1561 578; baseline -0.012 -3"><span class='ocrx_word' id='word_1_28' title='bbox 50 549 86 577; x_wconf 79' lang='lat' dir='ltr'>et</span> <span class='ocrx_word' id='word_1_29' title='bbox 111 542 181 574; x_wconf 87' lang='lat' dir='ltr'>suis</span> <span class='ocrx_word' id='word_1_30' title='bbox 204 539 371 573; x_wconf 77' lang='lat' dir='ltr'><strong>restituit.</strong></span> <span class='ocrx_word' id='word_1_31' title='bbox 418 538 518 571; x_wconf 88' lang='lat' dir='ltr'><strong>Adde</strong></span> <span class='ocrx_word' id='word_1_32' title='bbox 553 536 676 578; x_wconf 80' lang='lat' dir='ltr'>fragm.</span> <span class='ocrx_word' id='word_1_33' title='bbox 708 531 824 565; x_wconf 80' lang='lat' dir='ltr'>Vatic.</span> <span class='ocrx_word' id='word_1_34' title='bbox 880 529 949 562; x_wconf 86' lang='lat' dir='ltr'>Alii</span> <span class='ocrx_word' id='word_1_35' title='bbox 985 527 1051 561; x_wconf 78' lang='lat' dir='ltr'>sub</span> <span class='ocrx_word' id='word_1_36' title='bbox 1085 529 1209 561; x_wconf 75' lang='lat' dir='ltr'>tristia</span> <span class='ocrx_word' id='word_1_37' title='bbox 1247 529 1288 560; x_wconf 85' lang='lat' dir='ltr'>T.</span> <span class='ocrx_word' id='word_1_38' title='bbox 1326 526 1391 571; x_wconf 74' lang='lat' dir='ltr'>(sic</span> <span class='ocrx_word' id='word_1_39' title='bbox 1423 525 1561 564; x_wconf 81' lang='lat' dir='ltr'>Palat.;</span> 
     </span>
     <span class='ocr_line' id='line_1_6' title="bbox 49 572 1562 626; baseline -0.013 -4"><span class='ocrx_word' id='word_1_40' title='bbox 49 589 121 623; x_wconf 85' lang='lat' dir='ltr'>vid.</span> <span class='ocrx_word' id='word_1_41' title='bbox 145 589 188 622; x_wconf 89' lang='lat' dir='ltr'>V.</span> <span class='ocrx_word' id='word_1_42' title='bbox 214 587 252 620; x_wconf 88' lang='lat' dir='ltr'>L.</span> <span class='ocrx_word' id='word_1_43' title='bbox 278 586 321 618; x_wconf 85' lang='lat' dir='ltr'>ad</span> <span class='ocrx_word' id='word_1_44' title='bbox 347 586 391 626; x_wconf 83' lang='lat' dir='ltr'>V,</span> <span class='ocrx_word' id='word_1_45' title='bbox 416 585 494 619; x_wconf 80' lang='lat'>840.</span> <span class='ocrx_word' id='word_1_46' title='bbox 522 579 618 625; x_wconf 83' lang='lat' dir='ltr'>Wr.)</span> <span class='ocrx_word' id='word_1_47' title='bbox 714 577 783 614; x_wconf 70' lang='lat'>244</span> <span class='ocrx_word' id='word_1_48' title='bbox 809 578 934 610; x_wconf 84' lang='lat' dir='ltr'>limina</span> <span class='ocrx_word' id='word_1_49' title='bbox 959 575 1051 611; x_wconf 90' lang='lat' dir='ltr'>Gud.</span> <span class='ocrx_word' id='word_1_50' title='bbox 1077 582 1111 608; x_wconf 85' lang='lat' dir='ltr'>et</span> <span class='ocrx_word' id='word_1_51' title='bbox 1145 574 1312 607; x_wconf 85' lang='lat' dir='ltr'>Rottend.</span> <span class='ocrx_word' id='word_1_52' title='bbox 1352 585 1428 617; x_wconf 84' lang='lat' dir='ltr'>pr.,</span> <span class='ocrx_word' id='word_1_53' title='bbox 1465 572 1562 617; x_wconf 84' lang='lat' dir='ltr'>quod</span> 
     </span>
     <span class='ocr_line' id='line_1_7' title="bbox 48 619 1563 677; baseline -0.012 -8"><span class='ocrx_word' id='word_1_54' title='bbox 48 637 163 669; x_wconf 89' lang='lat' dir='ltr'>Burm.</span> <span class='ocrx_word' id='word_1_55' title='bbox 188 633 313 677; x_wconf 78' lang='lat' dir='ltr'>arripit</span> <span class='ocrx_word' id='word_1_56' title='bbox 337 638 373 664; x_wconf 86' lang='lat' dir='ltr'>et</span> <span class='ocrx_word' id='word_1_57' title='bbox 397 631 542 675; x_wconf 84' lang='lat' dir='ltr'>probat,</span> <span class='ocrx_word' id='word_1_58' title='bbox 567 634 606 660; x_wconf 89' lang='lat' dir='ltr'>ut</span> <span class='ocrx_word' id='word_1_59' title='bbox 630 626 819 658; x_wconf 85' lang='lat' dir='ltr'>Mercurius</span> <span class='ocrx_word' id='word_1_60' title='bbox 846 624 1089 656; x_wconf 85' lang='lat' dir='ltr'>defunctorum</span> <span class='ocrx_word' id='word_1_61' title='bbox 1122 621 1304 654; x_wconf 84' lang='lat' dir='ltr'>animabus</span> <span class='ocrx_word' id='word_1_62' title='bbox 1338 619 1494 662; x_wconf 79' lang='lat' dir='ltr'><strong>resignet</strong></span> <span class='ocrx_word' id='word_1_63' title='bbox 1528 625 1563 651; x_wconf 87' lang='lat' dir='ltr'>et</span> 
     </span>
     <span class='ocr_line' id='line_1_8' title="bbox 51 663 1563 727; baseline -0.013 -11"><span class='ocrx_word' id='word_1_64' title='bbox 51 682 187 727; x_wconf 84' lang='lat' dir='ltr'>aperiat</span> <span class='ocrx_word' id='word_1_65' title='bbox 210 679 331 713; x_wconf 85' lang='lat' dir='ltr'>limina</span> <span class='ocrx_word' id='word_1_66' title='bbox 365 677 568 710; x_wconf 71' lang='lat' dir='ltr'>interorum.</span> <span class='ocrx_word' id='word_1_67' title='bbox 624 674 755 706; x_wconf 84' lang='lat' dir='ltr'>Verum</span> <span class='ocrx_word' id='word_1_68' title='bbox 789 671 838 703; x_wconf 88' lang='lat' dir='ltr'>ita</span> <span class='ocrx_word' id='word_1_69' title='bbox 871 682 936 702; x_wconf 88' lang='lat' dir='ltr'>nec</span> <span class='ocrx_word' id='word_1_70' title='bbox 970 669 1146 702; x_wconf 88' lang='lat' dir='ltr'>diversum</span> <span class='ocrx_word' id='word_1_71' title='bbox 1181 668 1249 700; x_wconf 89' lang='lat' dir='ltr'>hoc</span> <span class='ocrx_word' id='word_1_72' title='bbox 1285 667 1329 700; x_wconf 92' lang='lat' dir='ltr'>ab</span> <span class='ocrx_word' id='word_1_73' title='bbox 1361 666 1453 699; x_wconf 83' lang='lat' dir='ltr'>illis:</span> <span class='ocrx_word' id='word_1_74' title='bbox 1497 663 1563 698; x_wconf 75' lang='lat' dir='ltr'>snb</span> 
     </span>
     <span class='ocr_line' id='line_1_9' title="bbox 56 713 1562 763; baseline -0.012 -1"><span class='ocrx_word' id='word_1_75' title='bbox 56 732 217 763; x_wconf 80' lang='lat' dir='ltr'>Tartara</span> <span class='ocrx_word' id='word_1_76' title='bbox 240 726 364 759; x_wconf 73' lang='lat' dir='ltr'>tristia</span> <span class='ocrx_word' id='word_1_77' title='bbox 387 724 516 761; x_wconf 74' lang='lat' dir='ltr'>mittit3</span> <span class='ocrx_word' id='word_1_78' title='bbox 541 732 606 754; x_wconf 88' lang='lat' dir='ltr'>nec</span> <span class='ocrx_word' id='word_1_79' title='bbox 630 719 756 753; x_wconf 83' lang='lat' dir='ltr'>limina</span> <span class='ocrx_word' id='word_1_80' title='bbox 781 717 944 750; x_wconf 84' lang='lat' dir='ltr'>absolute</span> <span class='ocrx_word' id='word_1_81' title='bbox 968 716 1018 749; x_wconf 84' lang='lat' dir='ltr'>ita</span> <span class='ocrx_word' id='word_1_82' title='bbox 1044 715 1088 748; x_wconf 89' lang='lat' dir='ltr'>de</span> <span class='ocrx_word' id='word_1_83' title='bbox 1113 714 1233 748; x_wconf 89' lang='lat' dir='ltr'>inseris</span> <span class='ocrx_word' id='word_1_84' title='bbox 1257 713 1346 747; x_wconf 89' lang='lat' dir='ltr'>locis</span> <span class='ocrx_word' id='word_1_85' title='bbox 1367 713 1437 746; x_wconf 90' lang='lat' dir='ltr'>dici</span> <span class='ocrx_word' id='word_1_86' title='bbox 1456 723 1562 758; x_wconf 87' lang='lat' dir='ltr'>posse</span> 
     </span>
     <span class='ocr_line' id='line_1_10' title="bbox 51 760 1563 812; baseline -0.012 -3"><span class='ocrx_word' id='word_1_87' title='bbox 51 776 222 810; x_wconf 86' lang='lat' dir='ltr'>videntur.</span> <span class='ocrx_word' id='word_1_88' title='bbox 245 773 288 805; x_wconf 83' lang='lat' dir='ltr'>cf.</span> <span class='ocrx_word' id='word_1_89' title='bbox 313 777 386 804; x_wconf 85' lang='lat' dir='ltr'>not.</span> <span class='ocrx_word' id='word_1_90' title='bbox 435 771 509 802; x_wconf 91' lang='lat' dir='ltr'>Nec</span> <span class='ocrx_word' id='word_1_91' title='bbox 534 767 713 812; x_wconf 90' lang='lat' dir='ltr'>quicquam</span> <span class='ocrx_word' id='word_1_92' title='bbox 737 765 901 810; x_wconf 81' lang='lat' dir='ltr'>proficis,</span> <span class='ocrx_word' id='word_1_93' title='bbox 923 763 952 796; x_wconf 93' lang='lat' dir='ltr'>si</span> <span class='ocrx_word' id='word_1_94' title='bbox 977 771 1083 796; x_wconf 79' lang='lat' dir='ltr'>nocte</span> <span class='ocrx_word' id='word_1_95' title='bbox 1108 763 1274 807; x_wconf 73' lang='lat' dir='ltr'>resignat</span> <span class='ocrx_word' id='word_1_96' title='bbox 1298 760 1444 804; x_wconf 84' lang='lat' dir='ltr'>legeris3</span> <span class='ocrx_word' id='word_1_97' title='bbox 1485 771 1563 792; x_wconf 87' lang='lat' dir='ltr'>nam</span> 
     </span>
     <span class='ocr_line' id='line_1_11' title="bbox 53 807 1564 863; baseline -0.011 -10"><span class='ocrx_word' id='word_1_98' title='bbox 53 829 89 856; x_wconf 87' lang='lat' dir='ltr'>et</span> <span class='ocrx_word' id='word_1_99' title='bbox 113 821 181 854; x_wconf 88' lang='lat' dir='ltr'>hoc</span> <span class='ocrx_word' id='word_1_100' title='bbox 206 820 316 863; x_wconf 89' lang='lat' dir='ltr'>ipsum</span> <span class='ocrx_word' id='word_1_101' title='bbox 342 822 435 849; x_wconf 87' lang='lat' dir='ltr'>esset</span> <span class='ocrx_word' id='word_1_102' title='bbox 459 814 609 848; x_wconf 89' lang='lat' dir='ltr'>otiosum</span> <span class='ocrx_word' id='word_1_103' title='bbox 633 819 716 857; x_wconf 89' lang='lat' dir='ltr'>post</span> <span class='ocrx_word' id='word_1_104' title='bbox 741 812 807 845; x_wconf 77' lang='lat' dir='ltr'>dat</span> <span class='ocrx_word' id='word_1_105' title='bbox 830 811 1038 855; x_wconf 78' lang='lat' dir='ltr'>adimitque.</span> <span class='ocrx_word' id='word_1_106' title='bbox 1066 808 1114 853; x_wconf 64' lang='lat' dir='ltr'>(in</span> <span class='ocrx_word' id='word_1_107' title='bbox 1141 808 1288 841; x_wconf 83' lang='lat' dir='ltr'>eandem</span> <span class='ocrx_word' id='word_1_108' title='bbox 1315 807 1564 847; x_wconf 86' lang='lat' dir='ltr'>coniecturam,</span> 
     </span>
     <span class='ocr_line' id='line_1_12' title="bbox 52 853 1565 911; baseline -0.011 -10"><span class='ocrx_word' id='word_1_109' title='bbox 52 868 156 902; x_wconf 85' lang='lat' dir='ltr'>valde</span> <span class='ocrx_word' id='word_1_110' title='bbox 181 866 360 911; x_wconf 86' lang='lat' dir='ltr'>probatam</span> <span class='ocrx_word' id='word_1_111' title='bbox 385 862 592 896; x_wconf 80' lang='lat' dir='ltr'>Weicherto</span> <span class='ocrx_word' id='word_1_112' title='bbox 619 863 673 892; x_wconf 85' lang='lat' dir='ltr'>De</span> <span class='ocrx_word' id='word_1_113' title='bbox 698 872 813 892; x_wconf 77' lang='lat' dir='ltr'>verss.</span> <span class='ocrx_word' id='word_1_114' title='bbox 845 859 957 891; x_wconf 81' lang='lat' dir='ltr'>iniur.</span> <span class='ocrx_word' id='word_1_115' title='bbox 992 868 1093 902; x_wconf 79' lang='lat' dir='ltr'>susp.</span> <span class='ocrx_word' id='word_1_116' title='bbox 1127 868 1162 900; x_wconf 86' lang='lat' dir='ltr'>p.</span> <span class='ocrx_word' id='word_1_117' title='bbox 1202 856 1248 891; x_wconf 87' lang='lat'>79</span> <span class='ocrx_word' id='word_1_118' title='bbox 1281 866 1356 899; x_wconf 83' lang='lat' dir='ltr'>sq.,</span> <span class='ocrx_word' id='word_1_119' title='bbox 1392 853 1565 886; x_wconf 84' lang='lat' dir='ltr'>inciderat</span> 
     </span>
     <span class='ocr_line' id='line_1_13' title="bbox 54 900 1566 954; baseline -0.011 -6"><span class='ocrx_word' id='word_1_120' title='bbox 54 920 210 950; x_wconf 87' lang='lat' dir='ltr'><strong>Ammon.</strong></span> <span class='ocrx_word' id='word_1_121' title='bbox 241 911 334 954; x_wconf 79' lang='lat' dir='ltr'>Wr.)</span> <span class='ocrx_word' id='word_1_122' title='bbox 381 911 420 942; x_wconf 91' lang='lat' dir='ltr'>In</span> <span class='ocrx_word' id='word_1_123' title='bbox 444 909 566 952; x_wconf 82' lang='lat' dir='ltr'>fragm.</span> <span class='ocrx_word' id='word_1_124' title='bbox 593 905 707 940; x_wconf 80' lang='lat' dir='ltr'>Vatic.</span> <span class='ocrx_word' id='word_1_125' title='bbox 732 912 827 938; x_wconf 86' lang='lat' dir='ltr'>totus</span> <span class='ocrx_word' id='word_1_126' title='bbox 846 916 966 937; x_wconf 89' lang='lat' dir='ltr'>versus</span> <span class='ocrx_word' id='word_1_127' title='bbox 991 903 1036 936; x_wconf 87' lang='lat' dir='ltr'>ad</span> <span class='ocrx_word' id='word_1_128' title='bbox 1060 902 1191 936; x_wconf 83' lang='lat' dir='ltr'>calcem</span> <span class='ocrx_word' id='word_1_129' title='bbox 1215 901 1377 947; x_wconf 83' lang='lat' dir='ltr'>pagellae</span> <span class='ocrx_word' id='word_1_130' title='bbox 1404 907 1478 933; x_wconf 86' lang='lat' dir='ltr'>erat</span> <span class='ocrx_word' id='word_1_131' title='bbox 1497 900 1566 933; x_wconf 85' lang='lat' dir='ltr'>ad—</span> 
     </span>
     <span class='ocr_line' id='line_1_14' title="bbox 53 948 1566 1005; baseline -0.01 -11"><span class='ocrx_word' id='word_1_132' title='bbox 53 961 213 1005; x_wconf 84' lang='lat' dir='ltr'>scriptus.</span> <span class='ocrx_word' id='word_1_133' title='bbox 260 956 432 1001; x_wconf 87' lang='lat' dir='ltr'>Equidem</span> <span class='ocrx_word' id='word_1_134' title='bbox 456 955 571 988; x_wconf 89' lang='lat' dir='ltr'>malim</span> <span class='ocrx_word' id='word_1_135' title='bbox 605 952 864 986; x_wconf 86' lang='lat' dir='ltr'>hemistichium</span> <span class='ocrx_word' id='word_1_136' title='bbox 897 951 1041 984; x_wconf 86' lang='lat' dir='ltr'>abesse:</span> <span class='ocrx_word' id='word_1_137' title='bbox 1077 957 1113 982; x_wconf 71' lang='lat' dir='ltr'>et</span> <span class='ocrx_word' id='word_1_138' title='bbox 1147 950 1288 982; x_wconf 76' lang='lat' dir='ltr'>lumina</span> <span class='ocrx_word' id='word_1_139' title='bbox 1321 956 1437 982; x_wconf 80' lang='lat' dir='ltr'>morte</span> <span class='ocrx_word' id='word_1_140' title='bbox 1472 948 1566 980; x_wconf 73' lang='lat' dir='ltr'>resi-</span> 
     </span>
    </p>

    <p class='ocr_par' dir='ltr' id='par_1_4' title="bbox 53 994 1567 1188">
     <span class='ocr_line' id='line_1_15' title="bbox 80 994 1564 1050; baseline -0.009 -10"><span class='ocrx_word' id='word_1_141' title='bbox 80 1016 163 1041; x_wconf 71' lang='lat' dir='ltr'>nat:</span> <span class='ocrx_word' id='word_1_142' title='bbox 189 1015 393 1050; x_wconf 85' lang='lat' dir='ltr'>quoeunque</span> <span class='ocrx_word' id='word_1_143' title='bbox 417 1009 454 1035; x_wconf 90' lang='lat' dir='ltr'>te</span> <span class='ocrx_word' id='word_1_144' title='bbox 478 1000 773 1045; x_wconf 81' lang='lat' dir='ltr'>interpretatione</span> <span class='ocrx_word' id='word_1_145' title='bbox 796 1005 931 1039; x_wconf 88' lang='lat' dir='ltr'>vertas,</span> <span class='ocrx_word' id='word_1_146' title='bbox 966 996 1142 1030; x_wconf 79' lang='lat' dir='ltr'>sententia</span> <span class='ocrx_word' id='word_1_147' title='bbox 1181 1002 1235 1028; x_wconf 90' lang='lat' dir='ltr'>est</span> <span class='ocrx_word' id='word_1_148' title='bbox 1269 1008 1288 1029; x_wconf 88' lang='lat' dir='ltr'>a</span> <span class='ocrx_word' id='word_1_149' title='bbox 1322 995 1402 1028; x_wconf 89' lang='lat' dir='ltr'>loco</span> <span class='ocrx_word' id='word_1_150' title='bbox 1439 994 1564 1027; x_wconf 83' lang='lat' dir='ltr'>aliena.</span> 
     </span>
     <span class='ocr_line' id='line_1_16' title="bbox 72 1041 1566 1091; baseline -0.009 -5"><span class='ocrx_word' id='word_1_151' title='bbox 72 1056 151 1087; x_wconf 79' lang='lat' dir='ltr'>Non</span> <span class='ocrx_word' id='word_1_152' title='bbox 196 1063 272 1084; x_wconf 87' lang='lat' dir='ltr'>esse</span> <span class='ocrx_word' id='word_1_153' title='bbox 310 1051 354 1083; x_wconf 89' lang='lat' dir='ltr'>de</span> <span class='ocrx_word' id='word_1_154' title='bbox 396 1049 522 1082; x_wconf 89' lang='lat' dir='ltr'>horum</span> <span class='ocrx_word' id='word_1_155' title='bbox 563 1047 750 1080; x_wconf 88' lang='lat' dir='ltr'>verborum</span> <span class='ocrx_word' id='word_1_156' title='bbox 784 1044 1019 1091; x_wconf 83' lang='lat' dir='ltr'>explicatione</span> <span class='ocrx_word' id='word_1_157' title='bbox 1063 1043 1338 1087; x_wconf 83' lang='lat' dir='ltr'>desperandum,</span> <span class='ocrx_word' id='word_1_158' title='bbox 1378 1041 1566 1083; x_wconf 90' lang='lat' dir='ltr'>docebunt,</span> 
     </span>
     <span class='ocr_line' id='line_1_17' title="bbox 53 1088 1567 1146; baseline -0.009 -12"><span class='ocrx_word' id='word_1_159' title='bbox 53 1112 141 1146; x_wconf 84' lang='lat' dir='ltr'>quae</span> <span class='ocrx_word' id='word_1_160' title='bbox 165 1097 289 1142; x_wconf 88' lang='lat' dir='ltr'>scripsi</span> <span class='ocrx_word' id='word_1_161' title='bbox 313 1098 348 1129; x_wconf 93' lang='lat' dir='ltr'>in</span> <span class='ocrx_word' id='word_1_162' title='bbox 373 1098 459 1130; x_wconf 83' lang='lat' dir='ltr'>Not.</span> <span class='ocrx_word' id='word_1_163' title='bbox 507 1095 613 1129; x_wconf 82' lang='lat' dir='ltr'>Nulla</span> <span class='ocrx_word' id='word_1_164' title='bbox 638 1094 747 1138; x_wconf 84' lang='lat' dir='ltr'>igitur</span> <span class='ocrx_word' id='word_1_165' title='bbox 771 1105 895 1134; x_wconf 88' lang='lat' dir='ltr'>causa,</span> <span class='ocrx_word' id='word_1_166' title='bbox 930 1103 1038 1136; x_wconf 85' lang='lat' dir='ltr'>quare</span> <span class='ocrx_word' id='word_1_167' title='bbox 1063 1090 1131 1123; x_wconf 90' lang='lat' dir='ltr'>hoc</span> <span class='ocrx_word' id='word_1_168' title='bbox 1157 1089 1403 1122; x_wconf 86' lang='lat' dir='ltr'>hemistichion</span> <span class='ocrx_word' id='word_1_169' title='bbox 1429 1088 1567 1121; x_wconf 90' lang='lat' dir='ltr'>rescin-</span> 
     </span>
     <span class='ocr_line' id='line_1_18' title="bbox 54 1136 1567 1188; baseline -0.009 -8"><span class='ocrx_word' id='word_1_170' title='bbox 54 1149 181 1181; x_wconf 81' lang='lat' dir='ltr'>damus.</span> <span class='ocrx_word' id='word_1_171' title='bbox 230 1147 320 1179; x_wconf 91' lang='lat' dir='ltr'>Nam</span> <span class='ocrx_word' id='word_1_172' title='bbox 344 1143 438 1188; x_wconf 91' lang='lat' dir='ltr'>quod</span> <span class='ocrx_word' id='word_1_173' title='bbox 462 1142 498 1175; x_wconf 89' lang='lat' dir='ltr'>in</span> <span class='ocrx_word' id='word_1_174' title='bbox 521 1142 645 1186; x_wconf 81' lang='lat' dir='ltr'>fragm.</span> <span class='ocrx_word' id='word_1_175' title='bbox 672 1143 752 1174; x_wconf 88' lang='lat' dir='ltr'>Vat.</span> <span class='ocrx_word' id='word_1_176' title='bbox 777 1151 848 1173; x_wconf 89' lang='lat' dir='ltr'>non</span> <span class='ocrx_word' id='word_1_177' title='bbox 871 1139 1003 1183; x_wconf 86' lang='lat' dir='ltr'>legitur</span> <span class='ocrx_word' id='word_1_178' title='bbox 1026 1137 1062 1170; x_wconf 86' lang='lat' dir='ltr'>in</span> <span class='ocrx_word' id='word_1_179' title='bbox 1087 1136 1209 1169; x_wconf 80' lang='lat' dir='ltr'>ordine</span> <span class='ocrx_word' id='word_1_180' title='bbox 1244 1137 1301 1169; x_wconf 90' lang='lat' dir='ltr'>hic</span> <span class='ocrx_word' id='word_1_181' title='bbox 1334 1148 1476 1176; x_wconf 88' lang='lat' dir='ltr'>versus,</span> <span class='ocrx_word' id='word_1_182' title='bbox 1507 1141 1567 1168; x_wconf 91' lang='lat' dir='ltr'>aut</span> 
     </span>
    </p>
   </div>
   <div class='ocr_carea' id='block_1_4' title="bbox 54 1187 878 1231">
    <p class='ocr_par' dir='ltr' id='par_1_5' title="bbox 54 1187 878 1231">
     <span class='ocr_line' id='line_1_19' title="bbox 54 1187 878 1231; baseline -0.01 -4"><span class='ocrx_word' id='word_1_183' title='bbox 54 1193 221 1227; x_wconf 85' lang='lat' dir='ltr'>delendus</span> <span class='ocrx_word' id='word_1_184' title='bbox 247 1191 313 1224; x_wconf 86' lang='lat' dir='ltr'>erit</span> <span class='ocrx_word' id='word_1_185' title='bbox 335 1197 453 1231; x_wconf 85' lang='lat' dir='ltr'>totus,</span> <span class='ocrx_word' id='word_1_186' title='bbox 478 1195 539 1222; x_wconf 88' lang='lat' dir='ltr'>aut</span> <span class='ocrx_word' id='word_1_187' title='bbox 563 1194 658 1221; x_wconf 84' lang='lat' dir='ltr'>totus</span> <span class='ocrx_word' id='word_1_188' title='bbox 679 1187 878 1220; x_wconf 83' lang='lat' dir='ltr'>servandus.</span> 
     </span>
    </p>
   </div>
   <div class='ocr_carea' id='block_1_5' title="bbox 927 1183 1569 1228">
    <p class='ocr_par' dir='ltr' id='par_1_6' title="bbox 927 1183 1569 1228">
     <span class='ocr_line' id='line_1_20' title="bbox 927 1183 1569 1228; baseline -0.006 -10"><span class='ocrx_word' id='word_1_189' title='bbox 927 1187 997 1218; x_wconf 85' lang='lat' dir='ltr'>Iam</span> <span class='ocrx_word' id='word_1_190' title='bbox 1025 1195 1110 1217; x_wconf 84' lang='lat' dir='ltr'>vero</span> <span class='ocrx_word' id='word_1_191' title='bbox 1133 1183 1288 1228; x_wconf 86' lang='lat' dir='ltr'>priorem</span> <span class='ocrx_word' id='word_1_192' title='bbox 1324 1183 1398 1215; x_wconf 87' lang='lat' dir='ltr'>eius</span> <span class='ocrx_word' id='word_1_193' title='bbox 1431 1185 1569 1227; x_wconf 80' lang='lat' dir='ltr'>partem</span> 
     </span>
    </p>
   </div>
   <div class='ocr_carea' id='block_1_6' title="bbox 52 1228 1569 1333">
    <p class='ocr_par' dir='ltr' id='par_1_7' title="bbox 52 1228 1569 1333">
     <span class='ocr_line' id='line_1_21' title="bbox 52 1228 1569 1283; baseline -0.008 -10"><span class='ocrx_word' id='word_1_194' title='bbox 52 1248 168 1275; x_wconf 85' lang='lat' dir='ltr'>tuetur</span> <span class='ocrx_word' id='word_1_195' title='bbox 191 1238 267 1283; x_wconf 86' lang='lat' dir='ltr'>ipse</span> <span class='ocrx_word' id='word_1_196' title='bbox 291 1239 485 1277; x_wconf 86' lang='lat' dir='ltr'>Homerus,</span> <span class='ocrx_word' id='word_1_197' title='bbox 509 1236 601 1268; x_wconf 89' lang='lat' dir='ltr'>unde</span> <span class='ocrx_word' id='word_1_198' title='bbox 624 1234 794 1267; x_wconf 81' lang='lat' dir='ltr'>translata</span> <span class='ocrx_word' id='word_1_199' title='bbox 830 1240 882 1266; x_wconf 85' lang='lat' dir='ltr'>est</span> <span class='ocrx_word' id='word_1_200' title='bbox 914 1245 934 1266; x_wconf 85' lang='lat' dir='ltr'>a</span> <span class='ocrx_word' id='word_1_201' title='bbox 969 1230 1143 1275; x_wconf 79' lang='lat' dir='ltr'>Virgili03</span> <span class='ocrx_word' id='word_1_202' title='bbox 1176 1230 1264 1263; x_wconf 85' lang='lat' dir='ltr'>haec</span> <span class='ocrx_word' id='word_1_203' title='bbox 1298 1236 1414 1262; x_wconf 86' lang='lat' dir='ltr'>autem</span> <span class='ocrx_word' id='word_1_204' title='bbox 1449 1228 1479 1262; x_wconf 90' lang='lat' dir='ltr'>si</span> <span class='ocrx_word' id='word_1_205' title='bbox 1514 1235 1569 1262; x_wconf 88' lang='lat' dir='ltr'>est</span> 
     </span>
     <span class='ocr_line' id='line_1_22' title="bbox 54 1277 1349 1333; baseline -0.008 -13"><span class='ocrx_word' id='word_1_206' title='bbox 54 1286 223 1333; x_wconf 81' lang='lat' dir='ltr'>genuina,</span> <span class='ocrx_word' id='word_1_207' title='bbox 246 1284 391 1318; x_wconf 86' lang='lat' dir='ltr'>alteram</span> <span class='ocrx_word' id='word_1_208' title='bbox 416 1282 521 1317; x_wconf 88' lang='lat' dir='ltr'>obelo</span> <span class='ocrx_word' id='word_1_209' title='bbox 545 1282 774 1326; x_wconf 86' lang='lat' dir='ltr'>transfigere,</span> <span class='ocrx_word' id='word_1_210' title='bbox 797 1280 891 1314; x_wconf 88' lang='lat' dir='ltr'>nulla</span> <span class='ocrx_word' id='word_1_211' title='bbox 914 1278 1004 1313; x_wconf 85' lang='lat' dir='ltr'>ratio</span> <span class='ocrx_word' id='word_1_212' title='bbox 1028 1290 1092 1311; x_wconf 89' lang='lat' dir='ltr'>nos</span> <span class='ocrx_word' id='word_1_213' title='bbox 1117 1277 1223 1322; x_wconf 85' lang='lat' dir='ltr'>cogit.</span> <span class='ocrx_word' id='word_1_214' title='bbox 1251 1278 1307 1312; x_wconf 88' lang='lat' dir='ltr'><em>W</em></span> <span class='ocrx_word' id='word_1_215' title='bbox 1304 1277 1349 1321; x_wconf 74' lang='lat' dir='ltr'>r.)</span> 
     </span>
    </p>
   </div>
   <div class='ocr_carea' id='block_1_7' title="bbox 55 1388 806 2937">
    <p class='ocr_par' dir='ltr' id='par_1_8' title="bbox 55 1388 806 2937">
     <span class='ocr_line' id='line_1_23' title="bbox 56 1388 781 1444; baseline -0.006 -11"><span class='ocrx_word' id='word_1_216' title='bbox 56 1395 128 1433; x_wconf 86' lang='lat' dir='ltr'>Gr.</span> <span class='ocrx_word' id='word_1_217' title='bbox 159 1390 231 1441; x_wconf 75' lang='grc' dir='ltr'>τὰς</span> <span class='ocrx_word' id='word_1_218' title='bbox 260 1389 395 1444; x_wconf 68' lang='grc' dir='ltr'><em>ψυχάς</em></span> <span class='ocrx_word' id='word_1_219' title='bbox 428 1388 593 1443; x_wconf 82' lang='grc' dir='ltr'><em>πέμπει,</em></span> <span class='ocrx_word' id='word_1_220' title='bbox 646 1399 781 1442; x_wconf 83' lang='grc' dir='ltr'><strong>ψυχο-</strong></span> 
     </span>
     <span class='ocr_line' id='line_1_24' title="bbox 55 1448 779 1504; baseline -0.014 -11"><span class='ocrx_word' id='word_1_221' title='bbox 55 1448 229 1504; x_wconf 83' lang='grc' dir='ltr'><strong>πομπός.</strong></span> <span class='ocrx_word' id='word_1_222' title='bbox 263 1452 334 1488; x_wconf 74' lang='lat' dir='ltr'>(lat</span> <span class='ocrx_word' id='word_1_223' title='bbox 357 1462 514 1486; x_wconf 79' lang='lat' dir='ltr'>somnos</span> <span class='ocrx_word' id='word_1_224' title='bbox 534 1450 779 1499; x_wconf 73' lang='lat' dir='ltr'>adimitque.-</span> 
     </span>
     <span class='ocr_line' id='line_1_25' title="bbox 57 1504 783 1560; baseline -0.008 -12"><span class='ocrx_word' id='word_1_225' title='bbox 57 1522 108 1548; x_wconf 84' lang='lat' dir='ltr'>ex</span> <span class='ocrx_word' id='word_1_226' title='bbox 131 1509 274 1560; x_wconf 84' lang='lat' dir='ltr'>Odyss.</span> <span class='ocrx_word' id='word_1_227' title='bbox 295 1524 339 1556; x_wconf 85' lang='grc' dir='ltr'>ω,</span> <span class='ocrx_word' id='word_1_228' title='bbox 355 1505 394 1547; x_wconf 80' lang='grc'>4.</span> <span class='ocrx_word' id='word_1_229' title='bbox 455 1504 528 1558; x_wconf 89' lang='lat' dir='ltr'>(De</span> <span class='ocrx_word' id='word_1_230' title='bbox 560 1505 601 1544; x_wconf 91' lang='lat' dir='ltr'>vi</span> <span class='ocrx_word' id='word_1_231' title='bbox 629 1519 783 1557; x_wconf 85' lang='lat' dir='ltr'>prono-</span> 
     </span>
     <span class='ocr_line' id='line_1_26' title="bbox 56 1563 782 1612; baseline -0.007 -7"><span class='ocrx_word' id='word_1_232' title='bbox 56 1568 174 1606; x_wconf 87' lang='lat' dir='ltr'>minis</span> <span class='ocrx_word' id='word_1_233' title='bbox 206 1566 286 1604; x_wconf 76' lang='lat' dir='ltr'>hac</span> <span class='ocrx_word' id='word_1_234' title='bbox 319 1564 400 1604; x_wconf 87' lang='lat' dir='ltr'>vid.</span> <span class='ocrx_word' id='word_1_235' title='bbox 431 1564 483 1611; x_wconf 87' lang='lat' dir='ltr'>Q.</span> <span class='ocrx_word' id='word_1_236' title='bbox 523 1563 567 1602; x_wconf 90' lang='lat' dir='ltr'>V.</span> <span class='ocrx_word' id='word_1_237' title='bbox 610 1564 703 1612; x_wconf 82' lang='lat' dir='ltr'>XX,</span> <span class='ocrx_word' id='word_1_238' title='bbox 744 1565 782 1604; x_wconf 85' lang='lat'>3.</span> 
     </span>
     <span class='ocr_line' id='line_1_27' title="bbox 64 1621 776 1677; baseline -0.011 -12"><span class='ocrx_word' id='word_1_239' title='bbox 64 1626 131 1665; x_wconf 90' lang='lat' dir='ltr'><em>W</em></span> <span class='ocrx_word' id='word_1_240' title='bbox 127 1622 175 1677; x_wconf 85' lang='lat' dir='ltr'>r.)</span> <span class='ocrx_word' id='word_1_241' title='bbox 235 1622 331 1664; x_wconf 73' lang='lat'>244.</span> <span class='ocrx_word' id='word_1_242' title='bbox 362 1623 519 1660; x_wconf 78' lang='lat' dir='ltr'>lunu&#39;na</span> <span class='ocrx_word' id='word_1_243' title='bbox 543 1629 663 1659; x_wconf 83' lang='lat' dir='ltr'>morte</span> <span class='ocrx_word' id='word_1_244' title='bbox 686 1621 776 1657; x_wconf 57' lang='lat' dir='ltr'>res-22</span> 
     </span>
     <span class='ocr_line' id='line_1_28' title="bbox 56 1677 785 1734; baseline -0.007 -14"><span class='ocrx_word' id='word_1_245' title='bbox 56 1690 175 1734; x_wconf 62' lang='grc' dir='ltr'>εξηαι.</span> <span class='ocrx_word' id='word_1_246' title='bbox 240 1680 338 1728; x_wconf 88' lang='lat' dir='ltr'>Quis</span> <span class='ocrx_word' id='word_1_247' title='bbox 379 1679 493 1718; x_wconf 83' lang='lat' dir='ltr'>verbi</span> <span class='ocrx_word' id='word_1_248' title='bbox 535 1692 673 1717; x_wconf 88' lang='lat' dir='ltr'>sensus</span> <span class='ocrx_word' id='word_1_249' title='bbox 721 1677 785 1726; x_wconf 85' lang='lat' dir='ltr'>sit,</span> 
     </span>
     <span class='ocr_line' id='line_1_29' title="bbox 61 1734 788 1778; baseline -0.006 -1"><span class='ocrx_word' id='word_1_250' title='bbox 61 1740 282 1778; x_wconf 84' lang='lat' dir='ltr'>dubitatur.</span> <span class='ocrx_word' id='word_1_251' title='bbox 341 1737 404 1776; x_wconf 83' lang='lat' dir='ltr'>Ad</span> <span class='ocrx_word' id='word_1_252' title='bbox 431 1737 669 1775; x_wconf 79' lang='lat' dir='ltr'>sententiam</span> <span class='ocrx_word' id='word_1_253' title='bbox 708 1734 788 1773; x_wconf 88' lang='lat' dir='ltr'>loci</span> 
     </span>
     <span class='ocr_line' id='line_1_30' title="bbox 61 1792 787 1842; baseline -0.008 -6"><span class='ocrx_word' id='word_1_254' title='bbox 61 1804 144 1836; x_wconf 74' lang='lat' dir='ltr'>tam</span> <span class='ocrx_word' id='word_1_255' title='bbox 172 1795 515 1834; x_wconf 81' lang='lat' dir='ltr'>accommodatum</span> <span class='ocrx_word' id='word_1_256' title='bbox 549 1800 649 1832; x_wconf 88' lang='lat' dir='ltr'>esset</span> <span class='ocrx_word' id='word_1_257' title='bbox 676 1792 787 1842; x_wconf 85' lang='lat' dir='ltr'>nihil,</span> 
     </span>
     <span class='ocr_line' id='line_1_31' title="bbox 62 1851 787 1906; baseline -0.006 -14"><span class='ocrx_word' id='word_1_258' title='bbox 62 1868 182 1906; x_wconf 86' lang='lat' dir='ltr'>quam</span> <span class='ocrx_word' id='word_1_259' title='bbox 198 1853 386 1891; x_wconf 85' lang='lat' dir='ltr'>Serviana</span> <span class='ocrx_word' id='word_1_260' title='bbox 404 1852 522 1901; x_wconf 86' lang='lat' dir='ltr'>ratio,</span> <span class='ocrx_word' id='word_1_261' title='bbox 547 1853 676 1905; x_wconf 87' lang='lat' dir='ltr'>primo</span> <span class='ocrx_word' id='word_1_262' title='bbox 699 1851 787 1889; x_wconf 90' lang='lat' dir='ltr'>loco</span> 
     </span>
     <span class='ocr_line' id='line_1_32' title="bbox 62 1909 787 1965; baseline -0.006 -15"><span class='ocrx_word' id='word_1_263' title='bbox 62 1912 213 1965; x_wconf 84' lang='lat' dir='ltr'>posita,</span> <span class='ocrx_word' id='word_1_264' title='bbox 251 1924 328 1961; x_wconf 90' lang='lat' dir='ltr'>qua</span> <span class='ocrx_word' id='word_1_265' title='bbox 355 1923 425 1963; x_wconf 89' lang='lat' dir='ltr'>per</span> <span class='ocrx_word' id='word_1_266' title='bbox 458 1911 614 1948; x_wconf 72' lang='lat' dir='ltr'>claudit</span> <span class='ocrx_word' id='word_1_267' title='bbox 646 1909 787 1947; x_wconf 87' lang='lat' dir='ltr'>reddi-</span> 
     </span>
     <span class='ocr_line' id='line_1_33' title="bbox 63 1968 788 2018; baseline -0.006 -10"><span class='ocrx_word' id='word_1_268' title='bbox 63 1976 153 2008; x_wconf 84' lang='lat' dir='ltr'>tum</span> <span class='ocrx_word' id='word_1_269' title='bbox 185 1969 330 2007; x_wconf 89' lang='lat' dir='ltr'>videas.</span> <span class='ocrx_word' id='word_1_270' title='bbox 397 1968 507 2006; x_wconf 91' lang='lat' dir='ltr'>Nove</span> <span class='ocrx_word' id='word_1_271' title='bbox 538 1968 684 2005; x_wconf 84' lang='lat' dir='ltr'>scilicet</span> <span class='ocrx_word' id='word_1_272' title='bbox 715 1980 788 2018; x_wconf 91' lang='lat' dir='ltr'>pro</span> 
     </span>
     <span class='ocr_line' id='line_1_34' title="bbox 65 2025 792 2078; baseline -0.006 -12"><span class='ocrx_word' id='word_1_273' title='bbox 65 2027 296 2078; x_wconf 84' lang='lat' dir='ltr'>obsignare,</span> <span class='ocrx_word' id='word_1_274' title='bbox 332 2026 561 2074; x_wconf 86' lang='lat' dir='ltr'>occludere,</span> <span class='ocrx_word' id='word_1_275' title='bbox 600 2025 657 2063; x_wconf 86' lang='lat' dir='ltr'>ita</span> <span class='ocrx_word' id='word_1_276' title='bbox 687 2025 792 2062; x_wconf 82' lang='lat' dir='ltr'>dixit</span> 
     </span>
     <span class='ocr_line' id='line_1_35' title="bbox 65 2083 790 2136; baseline -0.004 -13"><span class='ocrx_word' id='word_1_277' title='bbox 65 2088 278 2136; x_wconf 75' lang='lat' dir='ltr'>resignare.</span> <span class='ocrx_word' id='word_1_278' title='bbox 349 2083 499 2122; x_wconf 84' lang='lat' dir='ltr'>Verum</span> <span class='ocrx_word' id='word_1_279' title='bbox 542 2096 615 2122; x_wconf 88' lang='lat' dir='ltr'>nec</span> <span class='ocrx_word' id='word_1_280' title='bbox 654 2096 790 2121; x_wconf 79' lang='lat' dir='ltr'>exem-</span> 
     </span>
     <span class='ocr_line' id='line_1_36' title="bbox 66 2142 792 2196; baseline -0.004 -15"><span class='ocrx_word' id='word_1_281' title='bbox 66 2142 177 2196; x_wconf 88' lang='lat' dir='ltr'>plum</span> <span class='ocrx_word' id='word_1_282' title='bbox 208 2147 451 2180; x_wconf 88' lang='lat' dir='ltr'>memoratur</span> <span class='ocrx_word' id='word_1_283' title='bbox 471 2171 481 2189; x_wconf 90' lang='lat'>,</span> <span class='ocrx_word' id='word_1_284' title='bbox 537 2142 579 2179; x_wconf 91' lang='lat' dir='ltr'>in</span> <span class='ocrx_word' id='word_1_285' title='bbox 607 2155 687 2191; x_wconf 90' lang='lat' dir='ltr'>quo</span> <span class='ocrx_word' id='word_1_286' title='bbox 721 2153 792 2178; x_wconf 88' lang='lat' dir='ltr'>seu</span> 
     </span>
     <span class='ocr_line' id='line_1_37' title="bbox 67 2199 792 2251; baseline -0.001 -14"><span class='ocrx_word' id='word_1_287' title='bbox 67 2202 269 2250; x_wconf 73' lang='lat' dir='ltr'>resignare</span> <span class='ocrx_word' id='word_1_288' title='bbox 287 2212 356 2236; x_wconf 87' lang='lat' dir='ltr'>seu</span> <span class='ocrx_word' id='word_1_289' title='bbox 378 2199 546 2251; x_wconf 79' lang='lat' dir='ltr'>simplex</span> <span class='ocrx_word' id='word_1_290' title='bbox 565 2201 728 2250; x_wconf 76' lang='lat' dir='ltr'>signare</span> <span class='ocrx_word' id='word_1_291' title='bbox 747 2211 792 2236; x_wconf 87' lang='lat' dir='ltr'>eo</span> 
     </span>
     <span class='ocr_line' id='line_1_38' title="bbox 69 2256 791 2303; baseline 0 -9"><span class='ocrx_word' id='word_1_292' title='bbox 69 2270 185 2294; x_wconf 86' lang='lat' dir='ltr'>sensu</span> <span class='ocrx_word' id='word_1_293' title='bbox 221 2256 444 2294; x_wconf 81' lang='lat' dir='ltr'>adhibitum</span> <span class='ocrx_word' id='word_1_294' title='bbox 477 2257 546 2303; x_wconf 87' lang='lat' dir='ltr'>sit,</span> <span class='ocrx_word' id='word_1_295' title='bbox 590 2270 663 2294; x_wconf 89' lang='lat' dir='ltr'>nec</span> <span class='ocrx_word' id='word_1_296' title='bbox 698 2256 791 2294; x_wconf 85' lang='lat' dir='ltr'>alibi</span> 
     </span>
     <span class='ocr_line' id='line_1_39' title="bbox 70 2313 792 2352; baseline 0.001 -1"><span class='ocrx_word' id='word_1_297' title='bbox 70 2315 180 2352; x_wconf 82' lang='lat' dir='ltr'>facile</span> <span class='ocrx_word' id='word_1_298' title='bbox 197 2313 276 2351; x_wconf 89' lang='lat' dir='ltr'>hoc</span> <span class='ocrx_word' id='word_1_299' title='bbox 294 2314 479 2352; x_wconf 85' lang='lat' dir='ltr'>Mercurii</span> <span class='ocrx_word' id='word_1_300' title='bbox 504 2315 679 2352; x_wconf 79' lang='lat' dir='ltr'>officium</span> <span class='ocrx_word' id='word_1_301' title='bbox 699 2315 792 2352; x_wconf 88' lang='lat' dir='ltr'>lau-</span> 
     </span>
     <span class='ocr_line' id='line_1_40' title="bbox 73 2371 793 2422; baseline 0.004 -15"><span class='ocrx_word' id='word_1_302' title='bbox 73 2371 215 2419; x_wconf 84' lang='lat' dir='ltr'>datur,</span> <span class='ocrx_word' id='word_1_303' title='bbox 241 2376 285 2408; x_wconf 91' lang='lat' dir='ltr'>ut</span> <span class='ocrx_word' id='word_1_304' title='bbox 309 2378 436 2409; x_wconf 76' lang='lat' dir='ltr'>morte</span> <span class='ocrx_word' id='word_1_305' title='bbox 458 2373 592 2410; x_wconf 88' lang='lat' dir='ltr'>oculos</span> <span class='ocrx_word' id='word_1_306' title='bbox 613 2372 793 2422; x_wconf 82' lang='lat' dir='ltr'>claudat3</span> 
     </span>
     <span class='ocr_line' id='line_1_41' title="bbox 74 2428 795 2480; baseline 0.003 -15"><span class='ocrx_word' id='word_1_307' title='bbox 74 2429 144 2465; x_wconf 84' lang='lat' dir='ltr'>etsi</span> <span class='ocrx_word' id='word_1_308' title='bbox 164 2428 204 2465; x_wconf 92' lang='lat' dir='ltr'>in</span> <span class='ocrx_word' id='word_1_309' title='bbox 226 2428 369 2466; x_wconf 78' lang='lat' dir='ltr'>talibus</span> <span class='ocrx_word' id='word_1_310' title='bbox 392 2430 594 2480; x_wconf 85' lang='lat' dir='ltr'>opiniones</span> <span class='ocrx_word' id='word_1_311' title='bbox 610 2437 795 2469; x_wconf 83' lang='lat' dir='ltr'>veterum</span> 
     </span>
     <span class='ocr_line' id='line_1_42' title="bbox 76 2485 796 2538; baseline 0.003 -15"><span class='ocrx_word' id='word_1_312' title='bbox 76 2485 233 2523; x_wconf 80' lang='lat' dir='ltr'>variant</span> <span class='ocrx_word' id='word_1_313' title='bbox 256 2485 318 2521; x_wconf 91' lang='lat' dir='ltr'>vel</span> <span class='ocrx_word' id='word_1_314' title='bbox 335 2487 517 2525; x_wconf 80' lang='lat' dir='ltr'>maxime.</span> <span class='ocrx_word' id='word_1_315' title='bbox 576 2487 639 2525; x_wconf 81' lang='lat' dir='ltr'>Ad</span> <span class='ocrx_word' id='word_1_316' title='bbox 655 2488 796 2538; x_wconf 81' lang='lat' dir='ltr'>vulga—</span> 
     </span>
     <span class='ocr_line' id='line_1_43' title="bbox 75 2541 797 2595; baseline 0.003 -15"><span class='ocrx_word' id='word_1_317' title='bbox 75 2555 162 2580; x_wconf 79' lang='lat' dir='ltr'>rem</span> <span class='ocrx_word' id='word_1_318' title='bbox 186 2541 296 2578; x_wconf 86' lang='lat' dir='ltr'>verbi</span> <span class='ocrx_word' id='word_1_319' title='bbox 319 2555 435 2580; x_wconf 90' lang='lat' dir='ltr'>usum</span> <span class='ocrx_word' id='word_1_320' title='bbox 450 2546 627 2595; x_wconf 75' lang='lat' dir='ltr'>resignat</span> <span class='ocrx_word' id='word_1_321' title='bbox 639 2546 797 2582; x_wconf 72' lang='lat' dir='ltr'>lamina</span> 
     </span>
     <span class='ocr_line' id='line_1_44' title="bbox 79 2599 797 2649; baseline 0.007 -14"><span class='ocrx_word' id='word_1_322' title='bbox 79 2605 158 2646; x_wconf 85' lang='lat' dir='ltr'>est,</span> <span class='ocrx_word' id='word_1_323' title='bbox 200 2599 348 2649; x_wconf 82' lang='lat' dir='ltr'>aperit,</span> <span class='ocrx_word' id='word_1_324' title='bbox 390 2610 530 2648; x_wconf 82' lang='lat' dir='ltr'>morte,</span> <span class='ocrx_word' id='word_1_325' title='bbox 569 2602 609 2638; x_wconf 90' lang='lat' dir='ltr'>in</span> <span class='ocrx_word' id='word_1_326' title='bbox 649 2608 797 2640; x_wconf 79' lang='lat' dir='ltr'>morte:</span> 
     </span>
     <span class='ocr_line' id='line_1_45' title="bbox 80 2655 798 2708; baseline 0.008 -16"><span class='ocrx_word' id='word_1_327' title='bbox 80 2655 191 2706; x_wconf 86' lang='lat' dir='ltr'>atqui</span> <span class='ocrx_word' id='word_1_328' title='bbox 210 2655 286 2692; x_wconf 87' lang='lat' dir='ltr'>hoc</span> <span class='ocrx_word' id='word_1_329' title='bbox 304 2656 407 2694; x_wconf 89' lang='lat' dir='ltr'>dices</span> <span class='ocrx_word' id='word_1_330' title='bbox 426 2671 644 2708; x_wconf 85' lang='lat' dir='ltr'>repugnare</span> <span class='ocrx_word' id='word_1_331' title='bbox 663 2673 798 2697; x_wconf 87' lang='lat' dir='ltr'>rerum</span> 
     </span>
     <span class='ocr_line' id='line_1_46' title="bbox 80 2716 800 2761; baseline 0.006 -10"><span class='ocrx_word' id='word_1_332' title='bbox 80 2719 263 2761; x_wconf 84' lang='lat' dir='ltr'>naturae,</span> <span class='ocrx_word' id='word_1_333' title='bbox 291 2726 382 2750; x_wconf 84' lang='lat' dir='ltr'>nam</span> <span class='ocrx_word' id='word_1_334' title='bbox 407 2721 533 2752; x_wconf 87' lang='lat' dir='ltr'>morte</span> <span class='ocrx_word' id='word_1_335' title='bbox 555 2716 800 2755; x_wconf 83' lang='lat' dir='ltr'>clauduntur</span> 
     </span>
     <span class='ocr_line' id='line_1_47' title="bbox 82 2770 803 2821; baseline 0.004 -13"><span class='ocrx_word' id='word_1_336' title='bbox 82 2770 209 2818; x_wconf 77' lang='lat' dir='ltr'>oculi3</span> <span class='ocrx_word' id='word_1_337' title='bbox 240 2770 314 2807; x_wconf 89' lang='lat' dir='ltr'>nisi</span> <span class='ocrx_word' id='word_1_338' title='bbox 340 2771 513 2821; x_wconf 83' lang='lat' dir='ltr'>argutari</span> <span class='ocrx_word' id='word_1_339' title='bbox 543 2774 653 2810; x_wconf 84' lang='lat' dir='ltr'>malis</span> <span class='ocrx_word' id='word_1_340' title='bbox 679 2781 718 2811; x_wconf 88' lang='lat' dir='ltr'>et</span> <span class='ocrx_word' id='word_1_341' title='bbox 752 2774 803 2811; x_wconf 84' lang='lat' dir='ltr'>ad</span> 
     </span>
     <span class='ocr_line' id='line_1_48' title="bbox 84 2827 805 2878; baseline 0.004 -13"><span class='ocrx_word' id='word_1_342' title='bbox 84 2827 218 2865; x_wconf 87' lang='lat' dir='ltr'>oculos</span> <span class='ocrx_word' id='word_1_343' title='bbox 250 2834 379 2865; x_wconf 83' lang='lat' dir='ltr'>morte</span> <span class='ocrx_word' id='word_1_344' title='bbox 405 2829 576 2878; x_wconf 72' lang='lat' dir='ltr'>rigentes</span> <span class='ocrx_word' id='word_1_345' title='bbox 615 2837 654 2868; x_wconf 87' lang='lat' dir='ltr'>et</span> <span class='ocrx_word' id='word_1_346' title='bbox 684 2844 805 2868; x_wconf 82' lang='lat' dir='ltr'>manu</span> 
     </span>
     <span class='ocr_line' id='line_1_49' title="bbox 84 2885 806 2937; baseline 0.004 -15"><span class='ocrx_word' id='word_1_347' title='bbox 84 2885 403 2937; x_wconf 84' lang='lat' dir='ltr'>comprimendos</span> <span class='ocrx_word' id='word_1_348' title='bbox 452 2887 610 2925; x_wconf 76' lang='lat' dir='ltr'>referre.</span> <span class='ocrx_word' id='word_1_349' title='bbox 686 2887 806 2925; x_wconf 84' lang='lat' dir='ltr'>Forte</span> 
     </span>
    </p>
   </div>
   <div class='ocr_carea' id='block_1_8' title="bbox 838 1383 1587 2939">
    <p class='ocr_par' dir='ltr' id='par_1_9' title="bbox 838 1383 1587 2939">
     <span class='ocr_line' id='line_1_50' title="bbox 838 1383 1570 1437; baseline -0.007 -11"><span class='ocrx_word' id='word_1_350' title='bbox 838 1393 973 1426; x_wconf 79' lang='lat' dir='ltr'>tamen</span> <span class='ocrx_word' id='word_1_351' title='bbox 1027 1385 1082 1424; x_wconf 87' lang='lat' dir='ltr'>ita</span> <span class='ocrx_word' id='word_1_352' title='bbox 1140 1383 1418 1437; x_wconf 85' lang='lat' dir='ltr'>accipiendum</span> <span class='ocrx_word' id='word_1_353' title='bbox 1476 1383 1570 1422; x_wconf 88' lang='lat' dir='ltr'>erit:</span> 
     </span>
     <span class='ocr_line' id='line_1_51' title="bbox 840 1441 1572 1492; baseline -0.007 -8"><span class='ocrx_word' id='word_1_354' title='bbox 840 1454 986 1492; x_wconf 76' lang='lat' dir='ltr'>morte,</span> <span class='ocrx_word' id='word_1_355' title='bbox 1035 1444 1218 1482; x_wconf 86' lang='lat' dir='ltr'>mortuis.</span> <span class='ocrx_word' id='word_1_356' title='bbox 1301 1443 1459 1481; x_wconf 86' lang='lat' dir='ltr'>Dictum</span> <span class='ocrx_word' id='word_1_357' title='bbox 1493 1441 1572 1479; x_wconf 88' lang='lat' dir='ltr'>hoc</span> 
     </span>
     <span class='ocr_line' id='line_1_52' title="bbox 841 1500 1570 1552; baseline -0.008 -10"><span class='ocrx_word' id='word_1_358' title='bbox 841 1510 944 1542; x_wconf 87' lang='lat' dir='ltr'>esset</span> <span class='ocrx_word' id='word_1_359' title='bbox 964 1501 1014 1540; x_wconf 87' lang='lat' dir='ltr'>ad</span> <span class='ocrx_word' id='word_1_360' title='bbox 1040 1501 1268 1552; x_wconf 81' lang='lat' dir='ltr'>exemplum</span> <span class='ocrx_word' id='word_1_361' title='bbox 1281 1501 1444 1539; x_wconf 85' lang='lat' dir='ltr'>Pindari</span> <span class='ocrx_word' id='word_1_362' title='bbox 1460 1500 1570 1537; x_wconf 86' lang='lat' dir='ltr'>Nem.</span> 
     </span>
     <span class='ocr_line' id='line_1_53' title="bbox 845 1559 1572 1608; baseline -0.01 -6"><span class='ocrx_word' id='word_1_363' title='bbox 845 1564 897 1604; x_wconf 89' lang='lat'>10</span> <span class='ocrx_word' id='word_1_364' title='bbox 914 1561 961 1608; x_wconf 86' lang='lat' dir='ltr'>s.‚</span> <span class='ocrx_word' id='word_1_365' title='bbox 993 1559 1063 1598; x_wconf 86' lang='lat' dir='ltr'>ubi</span> <span class='ocrx_word' id='word_1_366' title='bbox 1084 1560 1224 1597; x_wconf 83' lang='lat' dir='ltr'>Castor</span> <span class='ocrx_word' id='word_1_367' title='bbox 1246 1572 1266 1596; x_wconf 91' lang='lat' dir='ltr'>e</span> <span class='ocrx_word' id='word_1_368' title='bbox 1288 1565 1418 1596; x_wconf 89' lang='lat' dir='ltr'>morte</span> <span class='ocrx_word' id='word_1_369' title='bbox 1450 1571 1572 1596; x_wconf 89' lang='lat' dir='ltr'>revo-</span> 
     </span>
     <span class='ocr_line' id='line_1_54' title="bbox 844 1612 1573 1668; baseline -0.007 -11"><span class='ocrx_word' id='word_1_370' title='bbox 844 1624 958 1657; x_wconf 82' lang='lat' dir='ltr'>catus</span> <span class='ocrx_word' id='word_1_371' title='bbox 986 1613 1154 1658; x_wconf 77' lang='grc' dir='ltr'><em>ἇναλύει</em></span> <span class='ocrx_word' id='word_1_372' title='bbox 1179 1612 1416 1668; x_wconf 79' lang='grc' dir='ltr'><strong>ὀφθαλμόν.·</strong></span> <span class='ocrx_word' id='word_1_373' title='bbox 1447 1622 1494 1654; x_wconf 92' lang='lat' dir='ltr'>ut</span> <span class='ocrx_word' id='word_1_374' title='bbox 1516 1615 1573 1653; x_wconf 88' lang='lat' dir='ltr'>ita</span> 
     </span>
     <span class='ocr_line' id='line_1_55' title="bbox 843 1674 1572 1715; baseline -0.007 0"><span class='ocrx_word' id='word_1_375' title='bbox 843 1676 1067 1715; x_wconf 81' lang='lat' dir='ltr'>Mercurius</span> <span class='ocrx_word' id='word_1_376' title='bbox 1083 1680 1266 1712; x_wconf 85' lang='lat' dir='ltr'>mortuos</span> <span class='ocrx_word' id='word_1_377' title='bbox 1290 1675 1331 1712; x_wconf 87' lang='lat' dir='ltr'>in</span> <span class='ocrx_word' id='word_1_378' title='bbox 1358 1674 1482 1712; x_wconf 77' lang='lat' dir='ltr'>vitam</span> <span class='ocrx_word' id='word_1_379' title='bbox 1504 1686 1572 1710; x_wconf 85' lang='lat' dir='ltr'>re-</span> 
     </span>
     <span class='ocr_line' id='line_1_56' title="bbox 844 1731 1573 1784; baseline -0.007 -11"><span class='ocrx_word' id='word_1_380' title='bbox 844 1747 990 1773; x_wconf 85' lang='lat' dir='ltr'>vocare</span> <span class='ocrx_word' id='word_1_381' title='bbox 1011 1733 1181 1770; x_wconf 87' lang='lat' dir='ltr'>dicatur.</span> <span class='ocrx_word' id='word_1_382' title='bbox 1232 1732 1437 1784; x_wconf 87' lang='lat' dir='ltr'>(Similiter</span> <span class='ocrx_word' id='word_1_383' title='bbox 1456 1731 1573 1769; x_wconf 81' lang='lat' dir='ltr'>Iacob</span> 
     </span>
     <span class='ocr_line' id='line_1_57' title="bbox 846 1790 1575 1839; baseline -0.007 -9"><span class='ocrx_word' id='word_1_384' title='bbox 846 1792 897 1830; x_wconf 77' lang='lat' dir='ltr'>ad</span> <span class='ocrx_word' id='word_1_385' title='bbox 914 1791 1036 1829; x_wconf 88' lang='lat' dir='ltr'>Lucil.</span> <span class='ocrx_word' id='word_1_386' title='bbox 1063 1790 1178 1827; x_wconf 82' lang='lat' dir='ltr'>Aetn.</span> <span class='ocrx_word' id='word_1_387' title='bbox 1209 1804 1269 1828; x_wconf 75' lang='lat' dir='ltr'>vs,</span> <span class='ocrx_word' id='word_1_388' title='bbox 1304 1793 1418 1839; x_wconf 71' lang='lat'>112,</span> <span class='ocrx_word' id='word_1_389' title='bbox 1453 1797 1575 1826; x_wconf 77' lang='lat' dir='ltr'>morte</span> 
     </span>
     <span class='ocr_line' id='line_1_58' title="bbox 844 1848 1574 1901; baseline -0.007 -13"><span class='ocrx_word' id='word_1_390' title='bbox 844 1851 1023 1901; x_wconf 75' lang='lat' dir='ltr'>resignat</span> <span class='ocrx_word' id='word_1_391' title='bbox 1043 1848 1245 1899; x_wconf 80' lang='lat' dir='ltr'>explicans</span> <span class='ocrx_word' id='word_1_392' title='bbox 1265 1861 1335 1899; x_wconf 89' lang='lat' dir='ltr'>per</span> <span class='ocrx_word' id='word_1_393' title='bbox 1352 1856 1446 1898; x_wconf 69' lang='lat' dir='ltr'>post</span> <span class='ocrx_word' id='word_1_394' title='bbox 1465 1861 1574 1884; x_wconf 89' lang='lat' dir='ltr'>mor-</span> 
     </span>
     <span class='ocr_line' id='line_1_59' title="bbox 846 1904 1574 1958; baseline -0.005 -13"><span class='ocrx_word' id='word_1_395' title='bbox 846 1916 924 1946; x_wconf 83' lang='lat' dir='ltr'>tem</span> <span class='ocrx_word' id='word_1_396' title='bbox 941 1908 1079 1957; x_wconf 75' lang='lat' dir='ltr'>aperit.</span> <span class='ocrx_word' id='word_1_397' title='bbox 1107 1904 1224 1958; x_wconf 80' lang='lat' dir='ltr'>IVr.)</span> <span class='ocrx_word' id='word_1_398' title='bbox 1277 1906 1422 1943; x_wconf 80' lang='lat' dir='ltr'>Munus</span> <span class='ocrx_word' id='word_1_399' title='bbox 1439 1911 1574 1942; x_wconf 83' lang='lat' dir='ltr'>tamen</span> 
     </span>
     <span class='ocr_line' id='line_1_60' title="bbox 846 1962 1575 2014; baseline -0.005 -11"><span class='ocrx_word' id='word_1_400' title='bbox 846 1965 924 2003; x_wconf 90' lang='lat' dir='ltr'>hoc</span> <span class='ocrx_word' id='word_1_401' title='bbox 944 1963 1131 2003; x_wconf 86' lang='lat' dir='ltr'>Mercurii</span> <span class='ocrx_word' id='word_1_402' title='bbox 1158 1964 1241 2000; x_wconf 85' lang='lat' dir='ltr'>aliis</span> <span class='ocrx_word' id='word_1_403' title='bbox 1265 1962 1456 2014; x_wconf 79' lang='lat' dir='ltr'>exemplis</span> <span class='ocrx_word' id='word_1_404' title='bbox 1477 1976 1575 2013; x_wconf 87' lang='lat' dir='ltr'>pro-</span> 
     </span>
     <span class='ocr_line' id='line_1_61' title="bbox 846 2021 1576 2073; baseline -0.005 -12"><span class='ocrx_word' id='word_1_405' title='bbox 846 2023 933 2062; x_wconf 85' lang='lat' dir='ltr'>bari</span> <span class='ocrx_word' id='word_1_406' title='bbox 958 2021 1119 2073; x_wconf 88' lang='lat' dir='ltr'>nequit:</span> <span class='ocrx_word' id='word_1_407' title='bbox 1153 2021 1211 2058; x_wconf 91' lang='lat' dir='ltr'>sin</span> <span class='ocrx_word' id='word_1_408' title='bbox 1233 2021 1284 2058; x_wconf 86' lang='lat' dir='ltr'>ad</span> <span class='ocrx_word' id='word_1_409' title='bbox 1301 2021 1576 2059; x_wconf 85' lang='lat' dir='ltr'>evocationem</span> 
     </span>
     <span class='ocr_line' id='line_1_62' title="bbox 848 2079 1578 2130; baseline -0.005 -11"><span class='ocrx_word' id='word_1_410' title='bbox 848 2081 1026 2120; x_wconf 84' lang='lat' dir='ltr'>Manium</span> <span class='ocrx_word' id='word_1_411' title='bbox 1046 2080 1205 2127; x_wconf 83' lang='lat' dir='ltr'>reseras,</span> <span class='ocrx_word' id='word_1_412' title='bbox 1228 2092 1271 2116; x_wconf 91' lang='lat' dir='ltr'>ea</span> <span class='ocrx_word' id='word_1_413' title='bbox 1292 2079 1369 2116; x_wconf 86' lang='lat' dir='ltr'>iam</span> <span class='ocrx_word' id='word_1_414' title='bbox 1392 2091 1578 2130; x_wconf 84' lang='lat' dir='ltr'>praeces-</span> 
     </span>
     <span class='ocr_line' id='line_1_63' title="bbox 848 2137 1578 2186; baseline -0.005 -9"><span class='ocrx_word' id='word_1_415' title='bbox 848 2140 910 2177; x_wconf 85' lang='lat' dir='ltr'>sit.</span> <span class='ocrx_word' id='word_1_416' title='bbox 987 2138 1123 2176; x_wconf 89' lang='lat' dir='ltr'>Potest</span> <span class='ocrx_word' id='word_1_417' title='bbox 1168 2137 1332 2175; x_wconf 86' lang='lat' dir='ltr'>tandem</span> <span class='ocrx_word' id='word_1_418' title='bbox 1374 2139 1578 2186; x_wconf 73' lang='lat' dir='ltr'>resignare</span> 
     </span>
     <span class='ocr_line' id='line_1_64' title="bbox 851 2194 1579 2247; baseline -0.005 -13"><span class='ocrx_word' id='word_1_419' title='bbox 851 2196 975 2247; x_wconf 87' lang='lat' dir='ltr'>accipi</span> <span class='ocrx_word' id='word_1_420' title='bbox 1002 2209 1074 2247; x_wconf 88' lang='lat' dir='ltr'>pro</span> <span class='ocrx_word' id='word_1_421' title='bbox 1111 2195 1292 2245; x_wconf 88' lang='lat' dir='ltr'>solvere,</span> <span class='ocrx_word' id='word_1_422' title='bbox 1345 2194 1512 2231; x_wconf 82' lang='lat' dir='ltr'>ademtis</span> <span class='ocrx_word' id='word_1_423' title='bbox 1540 2198 1579 2230; x_wconf 84' lang='lat' dir='ltr'>et</span> 
     </span>
     <span class='ocr_line' id='line_1_65' title="bbox 851 2253 1580 2292; baseline -0.005 0"><span class='ocrx_word' id='word_1_424' title='bbox 851 2254 1060 2292; x_wconf 83' lang='lat' dir='ltr'>subductis</span> <span class='ocrx_word' id='word_1_425' title='bbox 1079 2253 1254 2291; x_wconf 84' lang='lat' dir='ltr'>viribus:</span> <span class='ocrx_word' id='word_1_426' title='bbox 1298 2258 1344 2290; x_wconf 85' lang='lat' dir='ltr'>ut</span> <span class='ocrx_word' id='word_1_427' title='bbox 1376 2253 1419 2290; x_wconf 84' lang='lat' dir='ltr'>in</span> <span class='ocrx_word' id='word_1_428' title='bbox 1443 2258 1580 2290; x_wconf 82' lang='lat' dir='ltr'>vetere</span> 
     </span>
     <span class='ocr_line' id='line_1_66' title="bbox 849 2309 1579 2365; baseline -0.007 -14"><span class='ocrx_word' id='word_1_429' title='bbox 849 2313 1161 2365; x_wconf 79' lang='lat' dir='ltr'>Epigrannuate:</span> <span class='ocrx_word' id='word_1_430' title='bbox 1193 2313 1245 2348; x_wconf 67' lang='lat' dir='ltr'>Et</span> <span class='ocrx_word' id='word_1_431' title='bbox 1263 2321 1481 2361; x_wconf 64' lang='lat' dir='ltr'>pos-[qaam</span> <span class='ocrx_word' id='word_1_432' title='bbox 1493 2309 1579 2359; x_wconf 79' lang='lat' dir='ltr'>Ja-</span> 
     </span>
     <span class='ocr_line' id='line_1_67' title="bbox 852 2369 1579 2408; baseline -0.008 0"><span class='ocrx_word' id='word_1_433' title='bbox 852 2374 902 2408; x_wconf 71' lang='lat' dir='ltr'>tis</span> <span class='ocrx_word' id='word_1_434' title='bbox 933 2370 1143 2407; x_wconf 66' lang='lat' dir='ltr'>morientia</span> <span class='ocrx_word' id='word_1_435' title='bbox 1179 2370 1335 2406; x_wconf 74' lang='lat' dir='ltr'>lmm‘na</span> <span class='ocrx_word' id='word_1_436' title='bbox 1366 2369 1494 2404; x_wconf 68' lang='lat' dir='ltr'>solvil.</span> <span class='ocrx_word' id='word_1_437' title='bbox 1539 2371 1579 2402; x_wconf 85' lang='lat' dir='ltr'>et</span> 
     </span>
     <span class='ocr_line' id='line_1_68' title="bbox 851 2423 1579 2478; baseline -0.01 -12"><span class='ocrx_word' id='word_1_438' title='bbox 851 2429 920 2466; x_wconf 82' lang='lat' dir='ltr'>ins.</span> <span class='ocrx_word' id='word_1_439' title='bbox 946 2428 990 2476; x_wconf 87' lang='lat' dir='ltr'>V,</span> <span class='ocrx_word' id='word_1_440' title='bbox 1011 2426 1107 2468; x_wconf 86' lang='lat'>856.</span> <span class='ocrx_word' id='word_1_441' title='bbox 1168 2425 1236 2478; x_wconf 82' lang='lat' dir='ltr'>(Et</span> <span class='ocrx_word' id='word_1_442' title='bbox 1251 2425 1497 2462; x_wconf 88' lang='lat' dir='ltr'>Forcellinus</span> <span class='ocrx_word' id='word_1_443' title='bbox 1514 2423 1579 2460; x_wconf 91' lang='lat' dir='ltr'>in-</span> 
     </span>
     <span class='ocr_line' id='line_1_69' title="bbox 852 2481 1580 2537; baseline -0.008 -14"><span class='ocrx_word' id='word_1_444' title='bbox 852 2490 1103 2537; x_wconf 85' lang='lat' dir='ltr'>terpretatur</span> <span class='ocrx_word' id='word_1_445' title='bbox 1126 2499 1135 2522; x_wconf 86' lang='lat'><strong>:</strong></span> <span class='ocrx_word' id='word_1_446' title='bbox 1179 2483 1380 2521; x_wconf 82' lang='lat' dir='ltr'>resolvere</span> <span class='ocrx_word' id='word_1_447' title='bbox 1432 2481 1580 2528; x_wconf 90' lang='lat' dir='ltr'>oculos,</span> 
     </span>
     <span class='ocr_line' id='line_1_70' title="bbox 853 2544 1581 2582; baseline -0.01 0"><span class='ocrx_word' id='word_1_448' title='bbox 853 2544 1089 2582; x_wconf 81' lang='lat' dir='ltr'>labefactata</span> <span class='ocrx_word' id='word_1_449' title='bbox 1159 2554 1297 2579; x_wconf 88' lang='lat' dir='ltr'>eorum</span> <span class='ocrx_word' id='word_1_450' title='bbox 1363 2545 1581 2577; x_wconf 81' lang='lat' dir='ltr'>structura.</span> 
     </span>
     <span class='ocr_line' id='line_1_71' title="bbox 861 2597 1582 2654; baseline -0.008 -16"><span class='ocrx_word' id='word_1_451' title='bbox 861 2599 1011 2654; x_wconf 71' lang='lat' dir='ltr'>VVch.)</span> <span class='ocrx_word' id='word_1_452' title='bbox 1071 2598 1188 2637; x_wconf 88' lang='lat' dir='ltr'>Nulla</span> <span class='ocrx_word' id='word_1_453' title='bbox 1227 2598 1330 2636; x_wconf 84' lang='lat' dir='ltr'>ratio</span> <span class='ocrx_word' id='word_1_454' title='bbox 1373 2597 1582 2644; x_wconf 77' lang='lat' dir='ltr'>satisfacit3</span> 
     </span>
     <span class='ocr_line' id='line_1_72' title="bbox 857 2654 1583 2709; baseline -0.007 -14"><span class='ocrx_word' id='word_1_455' title='bbox 857 2658 950 2709; x_wconf 87' lang='lat' dir='ltr'>quia</span> <span class='ocrx_word' id='word_1_456' title='bbox 978 2658 1055 2696; x_wconf 86' lang='lat' dir='ltr'>iam</span> <span class='ocrx_word' id='word_1_457' title='bbox 1082 2663 1324 2694; x_wconf 87' lang='lat' dir='ltr'>antecessere</span> <span class='ocrx_word' id='word_1_458' title='bbox 1354 2654 1442 2703; x_wconf 87' lang='lat' dir='ltr'>illa,</span> <span class='ocrx_word' id='word_1_459' title='bbox 1484 2667 1583 2703; x_wconf 88' lang='lat' dir='ltr'>quae</span> 
     </span>
     <span class='ocr_line' id='line_1_73' title="bbox 859 2714 1585 2754; baseline -0.007 -1"><span class='ocrx_word' id='word_1_460' title='bbox 859 2716 1025 2754; x_wconf 81' lang='lat' dir='ltr'>eandem</span> <span class='ocrx_word' id='word_1_461' title='bbox 1061 2728 1145 2753; x_wconf 87' lang='lat' dir='ltr'>rem</span> <span class='ocrx_word' id='word_1_462' title='bbox 1175 2714 1402 2751; x_wconf 76' lang='lat' dir='ltr'>declarant:</span> <span class='ocrx_word' id='word_1_463' title='bbox 1447 2720 1585 2749; x_wconf 79' lang='lat' dir='ltr'>evocat</span> 
     </span>
     <span class='ocr_line' id='line_1_74' title="bbox 860 2771 1582 2815; baseline -0.008 -4"><span class='ocrx_word' id='word_1_464' title='bbox 860 2776 1022 2811; x_wconf 70' lang='lat' dir='ltr'>animas</span> <span class='ocrx_word' id='word_1_465' title='bbox 1056 2779 1095 2810; x_wconf 86' lang='lat' dir='ltr'>et</span> <span class='ocrx_word' id='word_1_466' title='bbox 1126 2771 1197 2809; x_wconf 68' lang='lat' dir='ltr'>sub</span> <span class='ocrx_word' id='word_1_467' title='bbox 1237 2773 1409 2808; x_wconf 81' lang='lat' dir='ltr'>&#39;l&#39;artara</span> <span class='ocrx_word' id='word_1_468' title='bbox 1437 2771 1582 2815; x_wconf 67' lang='lat' dir='ltr'>mittit,-</span> 
     </span>
     <span class='ocr_line' id='line_1_75' title="bbox 862 2826 1587 2882; baseline -0.006 -15"><span class='ocrx_word' id='word_1_469' title='bbox 862 2844 956 2882; x_wconf 80' lang='lat' dir='ltr'>prae</span> <span class='ocrx_word' id='word_1_470' title='bbox 995 2830 1156 2881; x_wconf 89' lang='lat' dir='ltr'>reliquis</span> <span class='ocrx_word' id='word_1_471' title='bbox 1187 2835 1321 2867; x_wconf 83' lang='lat' dir='ltr'>tamen</span> <span class='ocrx_word' id='word_1_472' title='bbox 1359 2827 1488 2866; x_wconf 86' lang='lat' dir='ltr'>media</span> <span class='ocrx_word' id='word_1_473' title='bbox 1520 2826 1587 2863; x_wconf 83' lang='lat' dir='ltr'>illa</span> 
     </span>
     <span class='ocr_line' id='line_1_76' title="bbox 862 2886 1586 2939; baseline -0.008 -12"><span class='ocrx_word' id='word_1_474' title='bbox 862 2889 968 2927; x_wconf 84' lang='lat' dir='ltr'>ratio</span> <span class='ocrx_word' id='word_1_475' title='bbox 990 2889 1079 2927; x_wconf 90' lang='lat' dir='ltr'>usui</span> <span class='ocrx_word' id='word_1_476' title='bbox 1106 2886 1296 2939; x_wconf 89' lang='lat' dir='ltr'>loquendi</span> <span class='ocrx_word' id='word_1_477' title='bbox 1327 2892 1387 2925; x_wconf 87' lang='lat' dir='ltr'>est</span> <span class='ocrx_word' id='word_1_478' title='bbox 1418 2897 1586 2923; x_wconf 88' lang='lat' dir='ltr'>consen-</span> 
     </span>
    </p>
   </div>
  </div>
 </body>
</html>
