1779 3420
102 223 205 270 260
348 219 391 266 E
430 221 474 266 X
514 219 554 268 C
595 220 640 268 U
677 220 726 269 R
760 220 794 267 S
834 220 879 269 U
921 221 954 267 S
1026 222 1211 271 XXII.
1255 222 1464 269 XXIII

102 348 371 401 Cogitandum
398 349 539 388 saltem
573 350 623 388 de
649 350 857 402 sculptura
886 350 950 387 vel
983 350 1222 403 anaglypho.
1282 351 1500 390 Enimvero
1528 352 1635 390 acci-

100 421 196 460 pere
237 413 417 460 praestat
454 408 688 460 simpliciter
725 408 773 446 de
803 414 1042 446 ornamento
1083 409 1218 460 aliquo
1253 410 1319 449 vel
1357 410 1533 460 cimelio,
1584 423 1635 448 ex

101 466 245 515 ebore,
278 472 467 518 argento,
499 467 565 505 vel
591 479 794 505 marmore
824 466 953 514 facto,
985 466 1096 517 quod
1123 467 1231 505 intra
1260 468 1377 506 aliam
1407 468 1634 518 materiam,

99 524 140 564 11.
172 525 197 563 l.
230 539 398 574 aurum,
432 524 768 577 comprehensum
799 529 839 561 et
863 524 1066 562 inclusum
1099 531 1181 575 est,
1218 532 1266 564 ut
1295 527 1350 564 ita
1380 528 1468 566 auri
1495 527 1635 579 splen-

101 584 200 622 dore
227 597 463 636 repercusso
491 583 696 621 interioris
716 582 907 620 materiae
937 582 1091 621 candor
1125 589 1166 622 et
1196 584 1307 623 nitor
1337 592 1449 624 tanto
1486 586 1634 624 clarius

100 642 298 694 effulgeat.
362 641 426 680 Ad
468 641 637 679 similem
673 640 843 679 niodum
882 641 962 679 viri
1000 641 1139 679 divina
1165 642 1245 680 oris
1276 643 1470 694 dignitate
1498 644 1633 683 ornati

99 701 249 753 species
272 706 358 739 erat
379 705 496 738 tanto
518 699 641 751 magis
662 699 824 750 insignis
854 705 896 736 et
919 699 1147 751 praeclara,
1186 701 1298 751 quod
1318 702 1478 740 nimbus
1491 702 1632 754 fulgi—

99 761 176 797 dus
198 772 288 797 eum
319 757 608 796 circumdabat.
669 757 793 805 Quod
829 757 948 795 etiam
980 757 1109 795 multo
1139 759 1261 809 magis
1282 766 1394 812 patet
1424 774 1474 798 ex
1506 761 1631 799 altero

98 817 188 855 1000
215 818 283 855 lib.
313 818 366 865 X,
403 816 482 858 135
508 830 564 867 sq.
602 816 749 866 Qualis·
777 830 946 866 gemma
973 818 1122 866 micat,
1155 817 1331 868 fizlvum
1359 833 1462 870 quae
1484 819 1634 857 dividit

98 891 245 914 aarum
268 874 384 928 (auro
414 873 586 927 inclusa)
620 874 706 912 Aut
733 876 834 912 collo
865 875 987 912 decus
1016 883 1089 912 αιιι
1119 877 1276 926 οαρίίι’,·
1313 878 1379 914 vel
1404 879 1525 929 quale
1555 892 1634 928 per

97 942 225 972 artem
254 934 458 972 Inclusum
490 933 615 981 buxo,
648 940 721 970 aut
757 932 896 971 Oricia
923 932 1138 971 terebimlzo
1171 935 1303 972 Luc-ec
1332 935 1444 974 ebur.
1504 936 1630 973 Asca—

102 993 192 1031 nius
213 992 364 1030 scilicet
384 992 492 1029 inter
518 997 673 1029 ceteros
703 998 929 1042 pugnantes
956 991 1196 1043 conspicuus
1230 999 1289 1030 est
1316 994 1396 1031 oris
1430 995 1560 1032 nitore
1591 1000 1631 1032 et

96 1050 384 1103 pulcritudine.
446 1049 500 1087 At
520 1050 745 1097 Homerus,
778 1063 797 1087 e
820 1064 899 1101 quo
931 1056 1102 1101 uterque
1127 1051 1238 1089 locus
1263 1064 1500 1104 expressus,
1532 1053 1630 1091 dum

102 1109 282 1161 Ulyssem
308 1109 435 1146 lotum
458 1114 498 1145 et
519 1114 687 1147 unctum
707 1122 816 1146 nova
840 1108 1020 1160 corporis
1058 1108 1253 1160 dignitate
1275 1111 1465 1149 enituisse
1493 1111 1630 1149 decla-

97 1181 190 1205 rare
217 1168 330 1216 vult,
372 1166 606 1218 simpliciter
636 1176 851 1231 argentum:
887 1182 986 1204 auro
1013 1167 1214 1205 inclusum
1240 1176 1458 1219 memorat,
1499 1170 1630 1208 versi-

96 1225 170 1263 bus
200 1231 334 1263 tamen
365 1224 636 1273 nitidissiinis;
686 1224 870 1277 inprimis
900 1225 951 1262 ad
987 1225 1271 1265 declarandam
1300 1228 1508 1266 notionem
1533 1232 1628 1269 τοῦ·

94 1300 148 1338 τῳ
181 1285 366 1337 περίχευε
400 1300 540 1336 χαριν,
572 1282 739 1321 adhibet
768 1282 892 1321 illud:
929 1280 1037 1331 Ὡς
1027 1280 1089 1324 ότε
1118 1301 1179 1333 τις
1198 1283 1345 1338 χρυσὸν
1372 1283 1629 1339 περιχεύεται

98 1338 269 1398 α’ργύρῳ
299 1337 405 1395 <iwrio
430 1340 557 1394 ''16th-
577 1364 634 1371 —-
661 1341 702 1379 in
733 1355 813 1392 quo
845 1342 1523 1393 3189111031,11.0.01113111011111111
1552 1345 1628 1383 ali-

96 1400 208 1451 quod
228 1407 270 1439 et
294 1398 474 1455 ἄγαλμα,
507 1399 712 1438 mulieblis
742 1406 1050 1449 ν.0.011131115,
1083 1414 1133 1438 ex
1159 1409 1345 1454 argento,
1378 1404 1628 1442 femumina-

92 1459 202 1497 tione
237 1455 465 1512 (κολλήσει,
509 1457 710 1515 συναφῇ),
752 1459 953 1497 inclusum
993 1472 1116 1508 auro,
1157 1460 1378 1513 intelligere
1399 1462 1439 1500 in
1461 1469 1629 1514 promtu

94 1523 175 1555 est:
205 1518 247 1555 in
268 1532 347 1568 quo
368 1517 523 1569 argenti
546 1517 653 1555 nitor
674 1531 720 1554 ac
743 1517 897 1555 candor
929 1517 1037 1555 inter
1069 1532 1215 1557 aurum
1244 1521 1408 1559 suavius
1439 1535 1485 1559 30
1520 1521 1628 1560 vivi-

100 1575 190 1613 dius
218 1576 429 1625 elucescit3
471 1576 559 1614 auri
589 1575 694 1613 enim
724 1575 932 1614 rutilantis
960 1576 1174 1627 splendore
1205 1592 1440 1631 repercusso
1473 1580 1628 1631 argenti

93 1634 203 1672 nitor
234 1635 360 1673 multo
395 1634 518 1685 magis
552 1634 782 1672 efflorescit.
855 1633 1037 1686 Apparet
1078 1648 1128 1673 ex
1158 1635 1220 1674 his
1251 1637 1346 1690 ipsis
1375 1638 1472 1676 locis
1502 1639 1626 1677 talem

93 1693 245 1744 argenti
266 1693 434 1744 aurique
458 1692 499 1730 in
522 1706 605 1730 uno
630 1706 749 1744 opere
769 1693 1028 1730 consociandi
1051 1707 1168 1732 usum
1194 1709 1240 1733 30
1262 1709 1416 1745 morem
1439 1697 1624 1748 viguisse,

92 1758 133 1789 et
155 1751 374 1803 placuisse,
416 1750 583 1789 Homeri
616 1751 756 1788 saltem
782 1757 933 1789 aetate:
984 1752 1090 1789 Talis
1117 1760 1205 1792 eiat
1235 1754 1419 1793 calathus
1447 1755 1624 1794 Helenae

91 1823 142 1847 ex
165 1808 348 1882 Aegypto
379 1815 619 1861 apportatus
652 1809 796 1861 Odyss.
828 1810 863 1858 6,
898 1812 978 1850 132
1004 1805 1182 1863 ταλαρον
1207 1807 1451 1867 Ἀργύρεον·
1489 1816 1626 1870 χρυσῷ

91 1864 134 1908 δ’
169 1868 235 1909 ἐπὶ
258 1870 388 1921 χείλεα
418 1864 657 1920 κεκράαντο.
721 1868 827 1905 Τ3115
851 1874 939 1905 elat
958 1874 1090 1907 crater
1111 1869 1209 1908 ibid.
1241 1885 1280 1910 v.
1305 1872 1402 1913 615
1445 1872 1623 1910 Omnino

90 1926 212 1964 vmiis
247 1926 416 1965 metallis
445 1940 516 1964 vas
542 1926 607 1964 vel
636 1926 807 1964 utensile
839 1927 1063 1965 exornandi
1103 1942 1256 1967 morem
1289 1930 1410 1968 fuisse
1444 1930 1624 1969 declarat

90 1999 128 2023 v.
155 1998 188 2023 e.
210 1985 338 2024 lectus
364 1984 515 2036 Ulyssis
543 1983 688 2036 Odyss.
720 1999 767 2035 ψ,
799 1987 898 2025 200.
959 1984 1012 2022 At
1047 1986 1178 2024 eboris
1218 1989 1406 2039 aurique,
1439 1989 1623 2041 inprimis

90 2043 130 2081 111
151 2043 378 2096 anaglypho
409 2056 550 2094 opere,
584 2042 778 2080 miscendi
808 2056 893 2081 mos
925 2057 945 2080 a
969 2044 1133 2083 G1aecis
1155 2046 1427 2098 Romanisque
1449 2054 1510 2085 est
1537 2048 1622 2086 sre-

89 2108 318 2152 quentatus.
361 2102 411 2140 cf.
434 2102 503 2139 Ge.
532 2101 599 2149 III,
627 2104 698 2143 26.
759 2101 899 2153 Coepit
920 2116 1080 2155 quoque
1097 2104 1258 2155 lignum
1278 2105 1389 2143 ebore
1410 2106 1621 2158 ddstc'ngui,

89 2174 182 2198 mox
215 2162 388 2212 operiri:
420 2160 518 2198 Plin.
541 2159 649 2209 XVI,
680 2160 735 2201 43
757 2173 787 2198 5.
806 2159 874 2201 84·

321 2501 1028 2562 EXCURSUS
1113 2505 1371 2564 XXIII

378 2615 587 2659 Teucri
628 2618 703 2661 ad
734 2619 1016 2662 Sidonios
1051 2636 1328 2663 accessus„

200 2730 228 2780 Ι,
261 2733 519 2777 619-626.
550 2736 685 2787 Atque
715 2737 900 2787 equislem
937 2740 1133 2775 Teucrum
1164 2740 1332 2775 memmi
1358 2739 1513 2777 Sidona
1547 2755 1618 2778 ve-

83 2789 191 2836 nire,
247 2790 418 2829 I‘mibas
458 2795 672 2844 expulsum
705 2796 880 2844 palmis,
922 2810 1030 2833 nota
1065 2810 1193 2846 regna
1215 2805 1417 2847 petentem
1447 2801 1618 2838 Auxilio

84 2846 207 2886 Beli.-
235 2849 396 2898 genc'lor
412 2858 498 2888 tum
520 2852 650 2889 Belus
675 2854 859 2902 opimam
882 2855 929 2893 V
925 2852 1088 2891 astabat
1103 2824 1298 2906 &Cypntm
1332 2864 1367 2893 et
1399 2859 1526 2895 tictor
1551 2857 1618 2895 (li-

83 2906 187 2941 tione
218 2905 389 2944 tenebat.
453 2907 584 2947 Multa
619 2923 711 2948 cum
744 2916 831 2948 alte
850 2916 887 2948 et
921 2911 1136 2963 sagacitate
1164 2912 1264 2951 haee
1294 2926 1344 2951 ex
1370 2915 1617 2966 tragicorum

83 2961 227 3000 sabulis
261 2963 313 3002 ad
347 2965 539 3005 maiorem
570 2967 629 3006 rei
660 2967 989 3020 plobabilitatem
1023 2970 1208 3009 traduxit
1241 2978 1376 3024 poeta.
1448 2974 1615 3024 Teucer,
