1779 3420
138 240 237 286 988
474 236 528 284 P.
558 233 906 285 VIRGILII
942 231 1316 281 MARONIS

139 363 282 424 Quin
326 360 545 423 Decios,
593 364 904 426 Drusosque
941 358 1155 425 procul,
1214 372 1542 422 saevumque
1581 372 1664 405 se-

934 429 1045 478 curi
1565 430 1665 478 825

136 499 367 566 Adspice
385 503 738 566 Torquatum,
762 507 813 547 et
837 496 1167 547 referentem
1193 497 1336 560 signa
1361 495 1665 547 Camillum.

136 569 262 620 Illae
286 579 491 634 autem,
529 569 743 635 paribus
774 584 903 633 quas
924 567 1131 631 fulgere
1154 566 1323 615 cernis
1344 567 1397 615 in
1422 566 1595 628 armis,

139 639 455 691 Concordes
476 639 682 688 animae
709 654 880 698 nunc.
917 646 969 686 et
990 637 1121 687 dum
1149 645 1307 684 nocte
1328 646 1666 701 premuntur,

136 712 257 760 Heu
279 719 538 777 quantum
559 710 698 757 iuter
720 724 776 756 se
799 707 1005 756 bellum
1020 749 1032 772 ,
1071 707 1111 755 si
1134 706 1336 755 lumina
1356 706 1491 755 vitae

137 780 460 845 Adtigerint‚
501 788 722 845 quantas
747 779 883 828 acies
903 787 1245 844 stragemque
1271 775 1509 826 ciebunt!
1567 781 1666 829 830

211 869 324 915 828.
358 876 681 910 PREMENTUR

233 980 300 1015 825
337 981 430 1023 Quin
465 981 597 1013 Decios
639 983 849 1024 Brutosque
889 980 988 1012 Rom.
1087 978 1156 1014 826
1194 986 1227 1009 et
1260 976 1361 1009 deest
1389 976 1514 1009 Hamb.
1544 987 1597 1019 pr.
1634 980 1669 1006 et

138 1027 248 1060 Goth.
268 1038 338 1060 see.
435 1028 503 1062 827
529 1027 595 1060 Illi
613 1040 703 1072 quos
723 1039 794 1061 sec.
822 1027 949 1059 Moret.
990 1024 1146 1071 fulgere
1172 1037 1203 1057 v.
1225 1027 1356 1057 Seneca
1380 1025 1424 1056 N.
1461 1025 1502 1063 Q.
1541 1023 1580 1064 H,
1611 1023 1668 1057 56.

137 1076 176 1107 in
197 1075 301 1106 auris
318 1087 371 1117 pr.
388 1075 513 1107 Hamb.
609 1076 677 1109 828
704 1082 738 1106 et
759 1086 858 1106 nunc
889 1074 974 1106 dam
1004 1073 1058 1105 ed.
1088 1073 1177 1105 Ven.
1220 1079 1437 1117 prementur
1467 1082 1484 1102 e
1515 1070 1604 1102 Pier.
1636 1076 1669 1101 et

137 1120 250 1153 tribus
270 1123 341 1154 suis
362 1121 526 1154 Heinsius
557 1121 703 1167 recepit.
754 1121 900 1153 Accedit
927 1120 1062 1153 Zulich.
1097 1120 1146 1162 (et
1176 1120 1208 1153 3.
1245 1120 1276 1152 S.
1310 1120 1361 1152 10.
1401 1117 1497 1158 lVr.)
1550 1116 1667 1159 Vulgo

132 1177 376 1217 premuntur,
402 1169 494 1213 quod
518 1169 608 1202 bene
627 1175 768 1214 poterat
786 1168 900 1200 locum
921 1167 1026 1200 tueri.
1079 1165 1161 1209 (Vix
1189 1165 1331 1197 dubium
1362 1172 1433 1207 est,
1467 1163 1548 1208 quin
1579 1176 1667 1209 pre—

137 1224 292 1248 muntur
310 1216 353 1248 ab
374 1215 417 1248 iis
437 1216 483 1248 sit
507 1216 542 1248 in
558 1224 776 1262 prementur
797 1221 984 1256 mutatum,
1010 1213 1135 1259 quibus
1152 1239 1159 1251 ,
1186 1212 1215 1244 si
1236 1220 1458 1259 premuntur
1478 1212 1668 1254 legeretur,

139 1263 254 1295 otiosa
273 1263 453 1295 videretur
471 1263 597 1308 copula
615 1272 660 1297 et.
712 1266 756 1295 At
781 1262 868 1294 illud
891 1275 989 1295 manc
1017 1272 1120 1306 quum
1151 1259 1252 1292 nimis
1280 1265 1384 1292 tenue
1418 1265 1454 1291 et
1486 1264 1669 1301 augustum

139 1309 317 1342 videretur
341 1317 482 1354 poetae,
508 1311 638 1343 adiecit
659 1310 719 1342 ille
738 1322 802 1354 per
823 1309 1034 1353 epexegesim
1052 1308 1139 1341 haec
1159 1315 1195 1339 et
1212 1308 1294 1339 (lum
1314 1314 1419 1339 nocte
1437 1312 1668 1351 premuntur.

139 1358 342 1401 Opponitur
360 1364 473 1390 autem
495 1370 661 1402 praesens
683 1356 866 1400 condicio,
892 1357 915 1389 i.
937 1369 966 1390 e.
992 1369 1053 1395 ea,
1078 1355 1112 1386 in
1135 1366 1202 1399 qua
1225 1366 1305 1387 sun
1320 1361 1355 1395 t,
1381 1353 1462 1385 dum
1483 1352 1517 1384 in
1546 1350 1667 1383 inferis

138 1412 412 1446 versantur,
439 1426 482 1429 —
509 1417 578 1437 non
603 1405 1008 1446 ‚,versabuutur,“
1042 1414 1129 1447 quae
1154 1408 1209 1433 est
1234 1413 1337 1445 prava
1358 1407 1557 1443 temporum
1581 1410 1667 1431 con·-

139 1451 274 1484 secutio
300 1472 343 1476 —-
375 1453 429 1493 ei,
471 1465 559 1497 quae
599 1452 788 1496 aliquando
818 1452 933 1484 sutura
965 1458 1075 1491 esset,
1112 1449 1141 1481 si
1168 1449 1297 1480 lumina
1329 1447 1421 1481 vitae
1450 1446 1667 1490 adtigissent.

138 1500 261 1543 Itaque
279 1499 440 1532 revocavi
457 1508 697 1546 premuntur3
721 1499 790 1532 vid.
811 1499 915 1531 etiam
935 1500 977 1530 V.
998 1498 1038 1530 L.
1069 1497 1113 1529 ad
1145 1497 1204 1537 IV,
1229 1496 1310 1531 335.
1357 1493 1572 1539 Epexegesis
1605 1504 1669 1525 au-

138 1552 230 1587 tem,
256 1558 359 1591 quam
382 1559 447 1579 nos
469 1547 515 1579 ita
536 1559 718 1588 vocamus,
744 1546 813 1578 vid.
836 1548 878 1587 Q.
904 1547 947 1578 V.
969 1545 1144 1584 XXXIII,
1169 1546 1200 1577 1.
1235 1544 1340 1583 Not„
1380 1540 1529 1585 requirit
1556 1552 1669 1584 copu—

138 1593 227 1632 lam;
252 1594 323 1627 vid.
341 1595 443 1627 eand.
467 1596 508 1635 Q.
528 1596 572 1627 V.
593 1596 622 1630 G.
642 1594 693 1635 4.;
716 1593 917 1637 languidior
935 1594 1028 1624 soret
1048 1590 1248 1636 Apposstio,
1273 1601 1362 1633 quae
1385 1588 1522 1621 exsistit
1542 1586 1670 1619 omissa

139 1640 280 1684 copula:
308 1654 426 1682 nunc,
453 1642 538 1674 clam
558 1650 663 1674 nocte
692 1649 922 1686 premuntur.
953 1641 1050 1683 lVr.)
1146 1639 1215 1672 829
1251 1637 1377 1669 limina
1407 1648 1474 1668 sec.
1499 1634 1669 1667 ROtteffll·

139 1687 247 1721 Witt.
267 1688 358 1729 ΕΓΗ,
384 1696 555 1733 perpetua
577 1689 760 1721 varietate.
785 1688 854 1720 vid.
877 1687 911 1722 h.
942 1687 963 1720 l.
1000 1686 1120 1719 Heius.
1156 1691 1191 1716 et
1223 1685 1335 1716 ssurm.
1361 1695 1400 1716 ac
1429 1683 1552 1715 Cei-da.
1600 1681 1670 1713 Sed

139 1733 175 1766 h.
198 1734 221 1766 l.
249 1735 389 1768 lumina
416 1736 515 1768 unice
548 1748 646 1773 vera;
693 1748 769 1768 narn
805 1742 839 1768 et
860 1735 938 1778 plus
962 1733 1143 1777 dignitatis
1165 1732 1284 1776 epicae
1305 1731 1418 1771 inest,
1446 1736 1481 1762 et
1503 1740 1670 1773 praeces-

140 1788 256 1814 serat:
283 1791 388 1815 nocte
406 1783 449 1814 de
472 1789 565 1815 statu
587 1782 721 1815 animae
741 1790 818 1814 ante
841 1782 934 1814 vitae
955 1780 1158 1824 ingressum.
1210 1780 1285 1811 Nec,
1310 1789 1394 1810 vero
1421 1775 1605 1820 Pompeius
1637 1783 1670 1807 et

141 1828 267 1860 Caesar
284 1828 412 1861 bellum
434 1829 535 1861 civile
557 1836 741 1861 moverunt
765 1828 882 1861 statim
904 1826 970 1860 sub
992 1830 1089 1859 vitae
1110 1826 1317 1870 ingressum
1331 1851 1338 1865 ‚
1377 1824 1471 1868 quod
1498 1823 1669 1854 inferrent

140 1874 229 1907 ista:
254 1877 286 1907 si
308 1876 433 1908 litlzina
467 1878 564 1908 vitae
595 1877 801 1921 attigerint.
829 1876 960 1919 (tuetur
987 1881 1104 1906 tamen
1135 1873 1260 1904 limina
1287 1871 1429 1904 Wakef.
1456 1869 1500 1902 ad
1529 1870 1669 1901 Lucret.

142 1922 206 1962 ΙΙΙ,
246 1923 346 1957 1078.
387 1923 547 1966 adeoque
581 1923 615 1954 in
653 1922 749 1955 edito
784 1935 802 1954 a
837 1934 872 1953 se
904 1921 1057 1965 Virgilio
1100 1919 1135 1951 in
1177 1918 1336 1950 ordinem
1383 1916 1531 1960 recepit.
1573 1917 1667 1959 lVr.)

141 1970 211 2004 830
236 1971 454 2015 Attigerunt
479 1969 588 2003 Goth.
626 1975 709 2002 tert.
761 1970 910 2014 quantis
937 1975 1019 2001 tert.
1050 1965 1220 2001 Rottend.
1273 1974 1490 2010 stragesque
1518 1963 1670 2008 quinque

140 2017 326 2050 Burmann.

938 2097 1091 2149 Virgilii
1114 2095 1317 2134 advocant
1348 2095 1475 2146 Intip.
1536 2094 1592 2130 De
1625 2093 1668 2129 T.

935 2156 1086 2194 Manlio
1120 2155 1325 2205 Torquato
1374 2151 1591 2204 Imperioso
1632 2164 1667 2188 v.

935 2214 1020 2252 Liv.
1054 2213 1154 2261 VIII,
1187 2217 1225 2255 7.
1578 2212 1582 2241 ἶ

1280 2211 1510 2262 referentem
1546 2223 1669 2259 &lgna

141 2099 314 2138 Anchise
336 2100 555 2137 adiectum:
586 2100 627 2137 in
649 2112 877 2150 quamcun—

141 2172 218 2209 que
233 2164 391 2210 partem
410 2158 488 2196 hoc
505 2161 656 2196 sactum
672 2158 877 2209 interpre-

141 2217 266 2254 taturi
303 2216 383 2254 sint
418 2218 594 2268 posteri,
626 2216 708 2268 ipse
736 2216 777 2252 in
807 2229 878 2252 su-

141 2275 287 2312 mendo
309 2288 329 2311 a
354 2274 445 2312 filiis
469 2275 662 2326 supplicio
685 2279 876 2324 sequetur

140 2333 205 2382 id,
238 2333 347 2383 quod
371 2333 526 2384 patriae
547 2347 659 2370 amor
676 2338 713 2369 et
728 2332 876 2383 gloriae

142 2390 338 2443 cupiditas
362 2391 601 2429 suadebunt.
636 2389 735 2442 (vid.
762 2390 809 2430 V.
833 2390 874 2428 L.

144 2448 194 2486 ad
216 2463 272 2486 vs.
295 2451 390 2491 823.
414 2455 453 2486 et
483 2449 579 2491 824.
617 2447 735 2501 lVr.)

201 2507 297 2548 825.
325 2509 422 2548 826.
463 2509 612 2554 Decii,
672 2512 788 2557 pater
837 2511 877 2542 et

142 2563 267 2612 filius,
299 2564 368 2613 qui
390 2578 429 2601 se
450 2579 524 2616 pro
546 2564 674 2616 patria
697 2563 876 2602 devove-

141 2627 262 2669 runt,
304 2622 404 2659 alter
434 2623 538 2660 bello
576 2623 741 2669 Latino,
775 2621 876 2658 alter

143 2679 309 2718 Gallico.
370 2681 523 2727 Drusi,
569 2680 703 2717 Liviae
739 2692 875 2716 caussa

142 2736 320 2785 laudati;
351 2750 401 2774 ex
442 2737 489 2774 iis
532 2737 580 2773 M.
609 2737 745 2774 Livius
777 2736 879 2772 Sali—

143 2802 261 2833 nator
283 2794 321 2832 b.
344 2795 493 2832 Punico
514 2794 545 2831 lI
574 2794 726 2842 clarus,
759 2799 797 2829 et
826 2793 879 2830 M.

142 2853 277 2892 Livius
302 2852 454 2891 Drusus
471 2852 579 2889 Trib.
602 2852 655 2903 pl.
702 2851 751 2887 At
772 2851 878 2887 Dru—

142 2925 230 2950 sum
260 2911 396 2948 Liviae
429 2911 454 2949 s.
496 2909 661 2960 eiusque
689 2907 878 2946 victorias

143 2971 191 3007 de
222 2968 433 3007 Germanis
472 2968 574 3005 male
615 2967 656 3005 in
696 2972 877 3018 tempora

941 2272 1186 2318 Camillunm
1229 2269 1394 2318 retulit,
1432 2267 1583 2318 recepit
1613 2266 1668 2302 si-

935 2345 1011 2382 gna
1031 2344 1052 2367 a
1077 2329 1199 2367 Gallis
1220 2334 1337 2380 capta
1360 2327 1401 2365 in
1430 2339 1561 2378 pugna
1595 2323 1668 2360 Al-

936 2388 1058 2426 liensi.
1084 2388 1186 2425 cons.
1209 2387 1292 2425 Liv.
1318 2386 1365 2434 V,
1386 2387 1439 2427 37
1459 2390 1499 2421 et
1519 2383 1585 2425 49.

993 2449 1076 2488 827
1096 2467 1152 2474 -—
1171 2447 1267 2486 836.
1319 2444 1374 2480 De
1422 2442 1587 2479 Caesare
1631 2446 1669 2477 et

935 2503 1136 2556 Pompeio.
1191 2501 1363 2553 paribus
1400 2501 1524 2537 armis
1543 2529 1552 2545 ‚
1597 2505 1666 2535 ut-

935 2568 1030 2613 pote
1043 2568 1213 2611 uterque
1226 2561 1445 2598 Romanus.
1468 2563 1513 2595 ut
1528 2558 1668 2605 Georg.

937 2621 966 2667 l,
996 2620 1079 2660 488
1119 2618 1288 2668 paribus·
1323 2628 1547 2654 concurrere
1579 2614 1668 2650 telis

942 2680 1140 2715 Romanos
1164 2676 1357 2713 viderunt
1377 2671 1560 2723 Philippi.
1621 2671 1669 2708 Et

940 2736 1087 2772 Lucan.
1112 2735 1139 2781 l,
1163 2737 1188 2773 7
1213 2732 1446 2783 infestisque
1467 2730 1586 2766 obvia
1609 2731 1667 2765 si—

935 2794 1031 2842 gnis
1067 2792 1199 2841 Signa
1218 2820 1228 2837 ,
1278 2804 1399 2839 pares
1429 2788 1592 2839 aquilas
1633 2795 1669 2823 et

934 2850 1026 2900 pila
1047 2849 1246 2885 minantia
1258 2848 1374 2897 pilis.
1427 2853 1553 2893 nocte,
1577 2850 1669 2880 ante

937 2907 1157 2957 ingressum
1196 2905 1304 2943 vitae
1327 2934 1337 2954 ‚
1397 2916 1499 2954 quae
1547 2915 1669 2952 supra

938 2965 1008 3002 lux
1030 2969 1115 3002 erat
1140 2977 1175 3001 v.
1199 2966 1296 3011 761,
1316 2968 1355 3000 et
1383 2974 1479 2999 mox
1513 2973 1552 2999 v.
1585 2961 1668 3001 829
