1779 3420
134 209 239 258 532
489 206 543 255 P.
583 204 955 255 VIRGILII
992 203 1370 254 MARONIS

139 331 493 399 Res‘picimUS.
567 332 693 382 Dira
717 331 944 389 illuvies,
983 330 1307 397 inmissaque
1333 328 1515 393 hai-ba,

140 405 471 454 Consertum
495 411 756 468 tegumen
778 402 965 468 spinis:
1006 409 1055 449 at
1077 409 1251 450 cetera
1275 401 1477 461 Graius,

133 475 203 522 Et
257 472 536 539 quondam
581 473 761 539 patriis
823 470 887 521 ad
949 471 1168 521 Troiam
1229 470 1421 520 missus
1480 471 1529 518 in
1590 486 1672 518 ar—

931 542 1047 593 mis,
1568 543 1672 593 595

228 672 300 709 593
341 673 592 719 Prospicimus
636 671 773 715 aliquot
814 668 978 703 Pieriani.
1038 669 1227 715 ingluvies
1267 671 1389 713 Sprot.
1449 668 1674 714 dimissaque

136 717 250 752 barba
282 718 376 751 idem
407 731 483 752 cum
503 717 650 751 Vratisl.
679 729 755 751 cum
775 716 885 750 Goth.
906 729 975 749 sec.
1006 715 1086 760 (pro
1109 716 1293 756 demis-511⁸,
1321 716 1506 762 promissa
1534 715 1670 748 Nonius

136 765 171 798 in
197 768 431 813 promittere,
469 773 504 798 et
534 766 625 799 Gud.
659 777 678 797 a
709 777 754 798 m.
781 776 854 809 pn:
883 771 1066 808 utrumque.
1086 762 1264 806 vulgarius
1287 774 1372 807 prae
1396 773 1460 801 eo,
1491 762 1584 806 quod
1608 774 1671 794 ex-

136 825 255 845 cusum
279 819 342 846 est.
383 813 558 857 (demissa
586 824 655 845 non
687 811 923 856 improbatum
960 810 1103 843 Wakef.
1140 810 1183 842 ad
1217 810 1356 843 Lucret.
1391 810 1434 850 V,
1460 810 1540 843 673.
1578 810 1670 851 Wr.)

136 862 382 905 immensaque
404 860 508 893 Witt.
555 859 711 892 Servium
735 857 891 902 argutari
915 857 1080 891 arbitror.
1154 857 1223 891 594
1243 865 1412 901 tegumen
1439 855 1560 889 Heins.
1581 856 1672 889 scri-

137 907 209 952 psit
230 919 306 940 cum
330 906 456 940 Medic.
478 912 513 939 et
535 906 613 940 aliis
634 905 793 939 vetustis.
822 905 865 938 cf.
889 905 992 938 eund.
1017 903 1078 936 inf.
1102 905 1178 945 VH,
1204 904 1286 946 665,
1313 910 1349 935 et
1376 903 1418 935 ad
1452 903 1552 936 Ovid.
1582 904 1672 936 xiv

136 955 219 988 Met.
243 955 320 989 166.
372 956 458 986 Item
477 953 610 986 Pierius
633 965 651 985 e
681 953 830 986 duobus.
879 951 998 984 Ceteri
1034 952 1190 997 tegimen
1229 957 1280 992 (ut
1310 953 1364 986 10.
1396 950 1490 993 W‘r.)
1525 950 1579 983 vel
1614 960 1671 983 te-

135 1014 262 1048 gmen3
287 1001 357 1033 hoc
380 1001 562 1034 habebant
583 1000 664 1034 edd.
684 1000 802 1044 vulgg.
830 999 893 1044 (ita
913 999 972 1032 hic
992 1005 1027 1031 et
1048 998 1138 1031 infra
1157 998 1180 1031 l.
1203 998 1361 1036 l.Palat.‚
1387 1010 1494 1043 saepe
1518 998 1671 1042 vulgaris

138 1047 298 1082 lectionis
318 1055 452 1081 auctor.
485 1047 578 1087 ΗΘ.)
628 1048 712 1079 Mox
729 1056 765 1080 ec
785 1047 838 1079 vel
864 1059 908 1079 uc
941 1055 1064 1079 cetera
1084 1045 1183 1078 multi
1211 1046 1305 1089 apud
1326 1046 1438 1077 Burm.
1511 1046 1580 1080 595
1623 1047 1672 1078 Ut

136 1095 320 1141 quondum
341 1095 391 1128 ita
412 1095 573 1140 reposuit
591 1096 704 1128 Burm.
729 1106 770 1126 ex
792 1095 939 1138 Hugen„
966 1099 1003 1125 ut
1029 1092 1236 1125 sententiam
1268 1088 1392 1124 melius
1417 1099 1670 1125 connecteret:

136 1142 223 1175 Pnni
247 1141 338 1174 enim
359 1150 418 1184 ut,
444 1142 736 1187 quemadmodum
759 1153 886 1186 saepe,
915 1148 956 1173 ut
974 1148 1076 1178 erat,
1113 1142 1208 1172 sicut
1234 1148 1327 1172 erac.
1381 1140 1462 1172 [nde
1491 1139 1552 1173 illa
1586 1139 1671 1172 illu-

136 1189 218 1230 vies,
243 1189 326 1222 inde
346 1189 498 1222 detritae
520 1197 653 1229 vestes,
688 1188 782 1234 quod
806 1188 864 1221 diu
895 1187 931 1220 in
960 1187 1149 1220 obsidione
1172 1186 1303 1219 Troiae
1330 1186 1503 1220 haeserat.
1553 1187 1670 1231 Vulgo

136 1235 270 1281 legitur
290 1239 348 1269 Et.
399 1237 533 1269 Videat
552 1237 684 1276 lector,
710 1248 753 1268 an
774 1235 808 1268 in
830 1235 897 1268 hoc
920 1234 1144 1279 acquiescere
1171 1233 1291 1272 malit3
1327 1233 1498 1278 Equidem
1519 1233 1587 1266 hoc
1609 1246 1671 1267 re-

135 1283 268 1319 vocavi.
318 1285 407 1316 Nam
437 1283 584 1329 primum
620 1285 670 1316 Ut
702 1295 824 1328 parum
852 1282 1091 1323 commodum,
1128 1293 1335 1327 quocunque
1364 1281 1469 1314 modo
1498 1280 1669 1326 accipias3

136 1330 273 1375 (melius
293 1337 408 1363 tamen
431 1331 583 1376 positum
608 1330 703 1363 dicas
722 1342 786 1374 pro
819 1331 953 1376 quippe
974 1331 1047 1374 qui.
1096 1330 1147 1362 Ex
1167 1330 1282 1362 Burm.
1307 1327 1479 1361 sententia
1504 1331 1553 1361 Ut
1584 1336 1668 1362 erat

137 1377 239 1423 plene
259 1377 384 1410 fuisset
403 1377 666 1422 eloquendum).
716 1386 799 1410 erat
821 1379 959 1409 Graius
975 1402 983 1417 ‚
1010 1376 1045 1409 h.
1067 1388 1096 1410 e.
1116 1378 1253 1409 Graeco
1273 1375 1417 1416 habitu,
1455 1376 1588 1422 quippe
1610 1377 1673 1421 qui

136 1433 224 1457 ante
254 1426 401 1458 Troiam
430 1424 577 1469 fuis-ser.
633 1426 730 1457 Haec
757 1424 814 1458 vix
846 1424 1051 1456 cohaerent.
1111 1424 1244 1464 Porro,
1281 1422 1488 1456 deti-iturum
1521 1422 1671 1455 vestium

136 1484 275 1505 caussas
308 1473 351 1505 ab
387 1471 573 1505 obsidione
603 1471 735 1505 Troiae
762 1477 949 1516 repetere,
984 1470 1136 1503 ieiunum
1162 1470 1313 1504 videtur.
1363 1469 1499 1503 Sufficit
1520 1469 1669 1514 aliquem

136 1531 199 1565 per
221 1526 294 1552 tres
322 1532 460 1552 menses
493 1519 600 1552 vitam
628 1519 663 1552 in
692 1519 855 1552 silvarum
885 1517 1032 1551 latebris
1066 1517 1236 1562 exegisse.
1290 1519 1407 1562 [taque
1429 1516 1527 1561 sequi
1554 1516 1670 1550 malim

136 1566 316 1599 Servium:
341 1579 372 1600 v.
393 1573 467 1599 not.
518 1565 617 1607 Nisi,
644 1567 737 1611 quod
759 1566 934 1607 arbitror,
969 1571 1066 1598 totus
1094 1577 1214 1598 versus
1235 1564 1368 1597 alienus
1401 1570 1436 1597 et
1464 1576 1505 1596 ex
1539 1564 1601 1597 lib.
1631 1565 1670 1605 ll,

136 1614 180 1650 87
207 1615 353 1660 Pauper
368 1615 405 1647 in
427 1625 530 1646 arma
549 1622 661 1660 pater
674 1614 805 1659 primis
823 1614 894 1646 huc
913 1613 1011 1645 misit
1036 1613 1073 1645 in
1096 1614 1207 1645 annis
1225 1612 1406 1646 confictus.
1455 1611 1559 1644 Certe
1581 1623 1670 1651 eum,

137 1660 165 1693 si
187 1660 300 1701 absit,
326 1672 426 1693 nemo
451 1660 554 1693 facile
577 1660 775 1694 desideret.
824 1659 956 1692 Lenior
976 1658 1147 1692 medicina
1168 1659 1262 1691 foret
1281 1659 1388 1699 haec,
1416 1663 1453 1689 ut
1472 1671 1573 1691 versu
1595 1670 1668 1703 seq.

136 1719 201 1753 pro
234 1709 345 1753 Isque
374 1707 471 1752 legas
503 1708 688 1753 Namque3
724 1714 761 1740 ut
784 1707 834 1740 sic
857 1706 973 1739 oratio
1004 1706 1193 1751 procedat:
1224 1714 1263 1739 at
1283 1714 1406 1739 cetera
1428 1706 1587 1746 GraIuS,
1621 1708 1670 1738 Et

137 1755 321 1801 quondam
349 1756 488 1802 patriis
517 1755 567 1787 ud
603 1756 750 1788 Troiam
778 1755 913 1787 missus
937 1756 975 1787 in
1008 1754 1131 1786 armis.
1181 1753 1349 1799 Namque
1377 1751 1439 1785 ubi
1457 1752 1670 1786 Dardanios

136 1799 285 1834 habitus
305 1810 340 1834 et
367 1802 478 1835 Troiu
496 1802 587 1835 vidit
606 1805 723 1835 Arma
740 1802 892 1848 procul,
928 1814 964 1847 ρ.
996 1813 1029 1833 α.
1061 1813 1091 1833 c.
1120 1800 1251 1833 haesit.
1302 1801 1352 1832 Ita
1382 1798 1499 1832 omnia
1521 1799 1611 1832 inter
1631 1811 1669 1831 se

137 1859 244 1887 nexa;
271 1847 336 1880 etsi
358 1848 522 1882 Serviana
552 1849 643 1882 ratio
673 1849 722 1882 sic
749 1848 835 1882 satis
861 1860 934 1881 rem
966 1847 1120 1892 expedit.
1171 1849 1275 1892 (Sana
1309 1846 1366 1879 hic
1395 1853 1475 1878 sunt
1497 1846 1612 1879 omnia
1635 1853 1670 1879 et

139 1894 292 1939 egregia.
345 1898 391 1928 Et
425 1895 459 1929 h.
483 1895 507 1928 l.
537 1903 589 1928 est
615 1896 637 1929 i.
668 1909 700 1941 q.
734 1904 770 1929 et
800 1896 960 1942 qut'clem3
997 1893 1190 1927 sententia:
1225 1900 1342 1927 cetera
1364 1900 1439 1926 erut
1458 1893 1606 1935 Graius,
1633 1899 1670 1926 et

138 1954 223 1975 unus
240 1941 380 1987 quidem
402 1955 444 1975 ex
460 1942 522 1983 iis,
564 1943 621 1988 qui
643 1944 686 1976 ad
712 1943 855 1976 Troiam
879 1949 1058 1974 venerant.
1110 1940 1331 1973 illustrarunt
1364 1940 1455 1973 hunc
1473 1940 1670 1983 particulae

141 1997 177 2022 et
197 2000 315 2029 usum,
351 2001 394 2022 ne
416 2002 433 2022 a
457 1990 614 2034 pedestri
643 1990 783 2035 quidem
814 1990 975 2022 oratione
1006 1988 1276 2028 abhorrentem,
1312 1988 1408 2020 Cort.
1436 1988 1479 2020 ad
1513 1988 1583 2021 Cic.
1603 1988 1668 2033 Ep.

137 2036 202 2071 ΧῘ.
228 2037 284 2075 29,
314 2038 348 2072 6.
373 2037 580 2081 Heusinger.
612 2037 657 2070 ad
682 2037 782 2071 offic.
806 2038 847 2078 11,
875 2038 930 2076 16,
956 2036 1012 2071 57.
1063 2036 1105 2067 Et
1129 2042 1268 2068 servato
1293 2035 1362 2068 hoc
1387 2046 1512 2076 versu,
1536 2034 1582 2068 ad
1604 2047 1669 2067 ex·-

137 2083 394 2128 spectationem
420 2084 640 2117 excitandam
669 2083 874 2129 aptissimo,
911 2082 1124 2127 intelligitur
1153 2083 1310 2122 demum,
1333 2094 1423 2127 quae
1444 2081 1490 2114 sit
1513 2081 1565 2115 vis
1585 2094 1668 2115 ver-

137 2129 263 2163 borum
288 2131 573 2165 Dardanios
595 2130 747 2165 habitus
771 2140 808 2164 et
838 2132 986 2164 Troia
1010 2142 1126 2163 arma.
1177 2131 1252 2163 Nec
1270 2129 1396 2170 video,
1423 2141 1532 2174 quare
1559 2130 1669 2175 Isque

135 2176 171 2209 in
191 2178 357 2223 Namque
385 2185 551 2211 mutatum
579 2178 678 2211 malit
710 2178 886 2222 Heynius;
923 2178 992 2210 vid.
1026 2179 1068 2218 Q.
1097 2178 1140 2211 V.
1168 2178 1283 2218 XVII,
1307 2179 1341 2217 2,
1367 2190 1397 2210 a.
1460 2177 1537 2209 Hoc
1566 2188 1669 2209 unum

139 2223 231 2257 haud
255 2224 404 2258 alienum
428 2225 536 2258 fuerit
553 2225 728 2266 adiicere,
755 2225 888 2258 habere
911 2225 946 2257 in
977 2224 1098 2256 eadem
1122 2223 1371 2257 sententiarum
1395 2223 1487 2256 serie
1510 2230 1546 2255 et
1574 2225 1613 2256 Is
1633 2229 1669 2255 et

139 2272 248 2316 Isque
284 2271 415 2310 locum3
449 2273 511 2304 sed
541 2284 606 2316 per
634 2274 756 2318 isque,
796 2279 832 2305 ut
860 2272 1067 2317 plurimum,
1103 2271 1299 2314 graviorem
1327 2271 1380 2303 vel
1402 2270 1670 2303 concitatiorem

139 2317 241 2404 rlebidg
274 2318 491 2359 orationem3
525 2320 569 2353 cf.
600 2323 685 2353 Aen.
714 2321 758 2362 Π,
796 2321 873 2355 115.
899 2320 961 2360 lv,
986 2319 1067 2354 203.
1103 2319 1147 2359 V,
1176 2319 1256 2354 708.
1297 2320 1356 2360 VI,
1381 2318 1462 2352 684.
1496 2318 1561 2358 lx,
1585 2318 1667 2353 549.

196 2377 225 2396 Γ.

137 2470 352 2508 humidam
387 2469 453 2523 (cf.
489 2471 659 2526 Cerda),
706 2479 876 2526 propter

141 2541 286 2566 rorem.

935 2472 1057 2524 spinis
1079 2485 1154 2523 pro
1179 2469 1256 2507 filis
1276 2476 1487 2508 consutam
1518 2477 1559 2508 et
1580 2483 1668 2508 sar-

935 2536 1033 2568 tam.
1065 2530 1115 2567 cf.
1148 2527 1270 2566 Ovid.
1298 2528 1393 2566 Met.
1429 2528 1537 2576 XIV,
1573 2531 1668 2577 166,

197 2585 458 2627 593—595.
497 2586 547 2625 cf.
572 2593 653 2624 vet.
677 2593 795 2639 poeta
827 2586 877 2624 de

139 2641 313 2695 Thyeste
334 2642 444 2694 apud
464 2643 543 2682 Cic.
567 2644 683 2684 Tusc.
709 2644 789 2692 Qu.
811 2644 877 2694 ΙΙΙ,

146 2703 207 2742 12.
247 2702 430 2738 immissa
450 2700 493 2738 in
513 2702 665 2750 faciem,
697 2703 877 2753 adeoque

141 2758 377 2809 exquisitius
405 2771 526 2808 quam
549 2762 754 2810 promissa
779 2758 875 2797 bar-

141 2816 207 2857 ba.
272 2817 502 2854 consertum
521 2819 650 2867 spinis
675 2826 874 2867 tegumen,

141 2880 294 2912 vestem
311 2873 484 2912 laceram
517 2887 563 2912 ac
583 2873 776 2913 detritam
797 2874 874 2913 ha-

140 2931 279 2982 bebat,
310 2937 371 2982 et,
403 2944 451 2969 ne
473 2933 594 2984 panni
626 2932 873 2983 diffluerent,

937 2587 1005 2625 ubi
1026 2587 1155 2625 multa
1173 2599 1222 2623 ex
1235 2585 1398 2636 Virgilio
1417 2585 1668 2625 adumbrata.

935 2645 997 2683 Ex
1017 2643 1079 2682 his
1102 2644 1196 2696 ipsis
1220 2649 1355 2681 tamen
1374 2644 1516 2695 pannis
1543 2657 1669 2695 agno-

935 2702 1123 2740 scebatur
1157 2702 1337 2739 Graecas
1367 2714 1465 2740 esse:
1517 2702 1670 2741 scilicet

933 2761 966 2798 si
1003 2765 1135 2798 totum
1175 2758 1363 2798 vestitum
1404 2765 1445 2797 et
1482 2758 1669 2799 habitum

932 2817 1108 2856 hominis
1131 2823 1352 2869 reputares.
1413 2817 1551 2857 Latius
1573 2820 1669 2857 Ser-

932 2876 1050 2915 vius:
1091 2874 1229 2913 Habet
1268 2878 1374 2913 enim
1401 2890 1670 2929 unaquaeque

929 2948 1031 2985 gens
1068 2936 1267 2971 incessum
1309 2942 1344 2971 et
1396 2947 1535 2972 vocem
1566 2948 1668 2986 pro·-
