1827 3436
381 247 912 297 TRACTATARUM
948 248 1382 297 INVENTIONE
1567 256 1633 302 55

126 380 190 426 58
224 391 297 439 sq.
346 378 405 423 81
442 389 517 438 sq.
567 375 668 424 254
698 389 774 437 sq.
856 373 1004 421 Paria
1052 391 1112 422 ex
1153 375 1358 423 Catone
1399 379 1532 437 (non
1573 392 1632 424 ex

126 448 184 505 Q.
211 443 443 507 Lutatio)
471 441 653 508 prodit
684 441 867 492 Victor
905 441 973 491 de
1006 443 1069 493 O.
1101 445 1160 493 G.
1185 445 1246 493 R.
1280 450 1354 496 13.
1379 474 1449 481 ——-
1469 455 1633 510 utpote

123 516 204 577 qui
235 512 495 575 (Latinus)
543 516 593 560 in
625 516 716 560 hoc
746 515 1000 560 consiliam
1044 516 1347 562 auctoritate
1387 518 1634 563 numinum

122 585 422 646 cogebatur,-
450 600 662 646 namque
689 585 813 631 extis
842 599 906 630 ac
932 587 1132 632 somniis
1163 601 1316 645 saepe
1348 588 1633 633 admonitus

120 662 235 700 erat
264 656 492 701 tutiorem
523 670 577 701 ce
610 656 854 701 adversus
882 655 1048 701 hostes
1063 655 1203 718 sore,
1239 656 1283 701 si
1308 657 1480 718 copias
1511 673 1631 703 suas

120 740 229 770 cum
257 725 463 770 advenis
492 725 832 770 coniunxisset.

258 840 317 888 X.
357 836 608 886 Similiter
642 837 798 885 etiam
840 837 894 885 in
929 836 1139 895 ceteris,
1188 854 1324 903 quae
1355 837 1418 887 ab
1450 840 1629 888 Aenea

119 907 169 954 in
199 906 342 954 Italia
374 916 518 971 gesta
549 916 696 969 sunt,
734 915 951 972 poetam
982 905 1034 954 id
1065 907 1254 970 egisse,
1299 917 1358 955 ut
1393 908 1630 973 antiquas

119 975 360 1024 historias
388 977 828 1041 narrationesque
853 975 919 1025 de
941 975 1166 1025 oraculis
1191 985 1243 1026 et
1269 977 1489 1025 ostentis
1524 978 1630 1025 suis

117 1044 344 1094 consiliis
379 1044 837 1107 accommodaret,
876 1062 936 1095 ex
969 1045 1159 1094 iisdem
1189 1046 1492 1096 auctoribus
1527 1045 1629 1095 cla-

115 1131 235 1163 rum
274 1123 377 1179 est,
416 1124 468 1164 et
505 1113 640 1164 infra
679 1131 897 1181 quoque
928 1131 1025 1164 suo
1062 1115 1183 1164 loco
1211 1116 1475 1180 sigillatim
1508 1132 1629 1164 mo-

115 1183 341 1235 nebitur.
417 1188 589 1246 Quam
639 1185 1006 1234 auctoritatem
1044 1185 1095 1233 in
1148 1185 1351 1234 excidio
1390 1186 1627 1234 Troiano

115 1263 371 1318 sequutus
409 1255 496 1318 sit,
543 1255 785 1321 pluribus
829 1254 1143 1304 Excursibus
1195 1255 1261 1304 ad
1311 1255 1397 1306 lib.
1434 1257 1485 1305 II
1533 1255 1628 1304 de-

116 1322 405 1374 clarabitur.

252 1441 335 1489 XI.
375 1441 450 1488 Ex
478 1440 551 1499 iis,
591 1455 726 1504 quae
760 1437 934 1487 adhuc
957 1438 1093 1488 dicta
1127 1449 1264 1503 sunt,
1302 1440 1437 1502 satis,
1476 1449 1625 1506 puto,

115 1507 445 1571 intelligitur,
501 1524 612 1556 non
673 1507 811 1556 male
863 1508 969 1557 hoc
1016 1526 1043 1557 a
1089 1525 1180 1558 me
1220 1511 1627 1575 pronuntiatum

115 1594 254 1627 esse:
291 1579 565 1626 materiam
603 1578 846 1626 carminis
883 1586 1075 1643 poetae
1110 1579 1245 1628 mira
1276 1577 1490 1628 fortuna
1527 1579 1623 1627 ob-

112 1646 267 1694 latam
298 1646 486 1707 fuisse,
525 1664 635 1695 non
667 1646 730 1695 ab
765 1663 830 1695 eo
865 1648 1208 1711 excogitatam
1246 1657 1298 1697 et
1329 1650 1624 1708 inventam3

111 1717 479 1765 tractationem
510 1725 686 1765 autem
720 1725 772 1764 et
805 1717 1144 1766 ornationem
1190 1719 1283 1766 etsi
1315 1734 1427 1766 non
1459 1720 1624 1782 magis

110 1795 269 1850 poeta
299 1803 326 1834 a
361 1803 416 1835 se
449 1787 626 1851 petiit,
666 1803 788 1834 cum
819 1788 1041 1835 Homeri
1079 1788 1306 1852 vestigiis
1343 1789 1622 1849 insisteret,

113 1855 181 1903 ita
222 1863 403 1919 tamen
445 1872 569 1904 eum
613 1855 701 1904 illa
732 1856 785 1903 in
831 1872 891 1905 re
924 1866 1190 1906 versatum
1233 1874 1371 1918 esse,
1420 1867 1479 1906 ut
1521 1857 1623 1906 ele-

108 1926 348 1987 gantiore
382 1925 600 1983 iudicio,
649 1925 852 1974 maiore
893 1926 1038 1975 cultu
1068 1936 1120 1976 et
1157 1927 1494 1994 exquisitiore
1534 1944 1622 1976 or-

111 2002 260 2058 natu,
300 1995 479 2043 omnia
516 2004 943 2060 persequeretur.

245 2109 417 2158 Etiam
455 2109 592 2158 hanc
629 2111 950 2175 argumenti,
1010 2109 1159 2176 quod
1203 2120 1363 2178 poeta
1392 2121 1620 2161 tractan-

112 2176 240 2226 dum
273 2179 369 2227 sibi
400 2189 672 2242 sumserat,
710 2178 1017 2229 felicitatem
1051 2180 1279 2247 aliquam
1313 2181 1616 2230 habendam

111 2263 223 2296 esse
255 2264 411 2314 supra
442 2250 644 2314 (Disqu.
682 2252 718 2300 I.
758 2267 793 2300 S.
824 2252 969 2312 VIII)
1002 2249 1253 2313 diximus,
1294 2250 1457 2317 quod,
1497 2268 1617 2300 cum

103 2336 197 2381 per
237 2323 441 2367 deorum
473 2324 747 2368 ministeria
770 2336 854 2367 res
891 2328 1027 2368 esset
1050 2320 1410 2386 exsequenda,
1450 2319 1618 2369 offer-

109 2395 228 2434 rent
261 2404 316 2435 se
355 2389 574 2436 Iunonis
617 2398 669 2436 et
701 2389 926 2439 Veneris
958 2389 1206 2451 numina,
1255 2406 1391 2455 quae
1425 2399 1616 2454 poetae

109 2472 317 2505 caussae
360 2467 467 2505 tam
505 2458 774 2522 praeclare
811 2459 1070 2519 serviunt,
1115 2460 1481 2524 potentissima
1517 2459 1615 2516 illa,

110 2533 161 2571 et
198 2525 304 2589 ipsa
340 2525 515 2575 sabula
548 2528 651 2575 iam
689 2527 896 2576 dudum
920 2538 1249 2587 consecrata;
1287 2546 1427 2587 nam,
1468 2530 1612 2593 quod

110 2594 293 2657 insigni
336 2597 558 2644 Veneris
615 2614 734 2645 cura
789 2597 999 2645 habitus
1047 2607 1124 2645 est
1166 2601 1394 2655 Aeneas,
1455 2598 1504 2646 id
1557 2615 1614 2645 ex

108 2664 345 2712 Homero
395 2664 651 2714 familiare
692 2666 789 2714 sibi
839 2666 1001 2715 habet
1052 2666 1244 2727 lector,
1299 2676 1351 2715 et
1396 2668 1614 2715 Iunonis

109 2731 292 2779 odium
326 2734 377 2781 in
410 2736 670 2783 Troianos
707 2752 817 2784 non
850 2736 1028 2784 minus
1061 2753 1119 2784 ex
1149 2739 1390 2784 Homero
1422 2745 1609 2784 notum

112 2809 198 2849 cst.
271 2804 378 2849 Iam
412 2805 600 2851 eximio
641 2805 816 2870 aliquo
848 2804 1096 2853 fortunae
1130 2805 1398 2853 beneficio
1433 2822 1513 2853 res
1548 2807 1609 2853 ita

114 2865 325 2931 ferebat,
363 2881 420 2919 ut
451 2873 659 2921 alterius
691 2874 821 2923 deae
858 2891 1060 2923 numen
1095 2875 1610 2938 Cartliaginiensilms

113 2943 163 2981 et
189 2953 305 2985 mox
339 2943 522 2990 Turno
556 2943 949 2992 accommodari
987 2952 1190 3008 posset,
1241 2944 1398 2993 altera
1433 2952 1606 2991 autem
