1811 3388
478 203 596 250 AD
668 201 1090 250 LIBRUM
1161 202 1242 251 IV
1520 209 1617 255 721

123 329 337 367 admodum
376 329 417 366 in
458 328 616 379 templis
652 327 872 380 Aesculapii
914 343 999 366 mos
1039 329 1115 367 suit
1154 335 1355 381 serpentes
1388 331 1439 369 ali
1479 338 1518 370 et
1548 347 1623 384 pa-

121 388 175 424 sci
219 399 238 423 e
276 392 434 437 patera5
481 386 588 423 unde
625 391 685 423 tot
723 387 830 437 signa
864 386 1085 438 Aesculapii
1117 392 1156 424 et
1187 387 1359 438 Hygieae
1398 397 1623 440 serpentem

120 444 362 495 pascentium
392 455 411 480 e
442 443 583 494 patella
615 449 763 481 extant.
821 444 1002 482 Proclive
1033 450 1157 492 esset,
1190 457 1209 481 e
1239 446 1493 495 sequentibus
1524 461 1623 484 con—

120 501 248 548 iicere,
279 513 394 537 usum
413 514 520 538 nunc
544 501 714 550 aliquem
732 503 940 551 magicum
967 501 1152 539 draconis
1181 502 1298 540 fuisse
1323 504 1439 553 anui;
1481 517 1623 554 quem—

121 556 337 594 admodum
362 557 404 594 in
434 558 636 595 nonnullis
667 558 821 610 templis
853 559 1112 597 divinationis
1142 572 1263 610 genus
1282 560 1360 598 fuit
1387 573 1408 598 e
1439 568 1623 613 serpente

119 627 229 651 sacra
261 620 444 666 captum3
492 615 612 653 variis
644 616 804 665 quidem
835 615 987 665 modis,
1028 616 1233 655 interdum
1265 631 1359 656 casu
1385 624 1425 657 et
1463 625 1622 668 eventu,

118 676 164 709 ut
195 671 234 708 in
265 684 332 720 eo,
383 672 492 722 quod
531 673 580 710 ab
622 673 829 710 Herodoto
871 680 1230 724 commemoratur,
1271 674 1381 725 VIII,
1419 677 1486 717 41.
1532 690 1623 715 cum

117 728 294 766 Athenas
327 729 562 767 deserendas
591 743 673 767 esse
701 731 984 782 pronuntiaret
1012 730 1294 770 Themistocles
1325 746 1374 770 ex
1406 746 1471 782 eo,
1513 734 1623 785 quod

119 786 240 823 draco
268 793 488 825 evanuerat
515 787 558 827 ἐκ
579 790 651 827 τοῦ
673 791 823 839 σηκοῦ,
855 802 945 826 cum
976 795 1109 827 tamen
1140 790 1205 827 ille
1225 790 1371 841 alioqui
1392 790 1492 829 nihil
1511 806 1623 829 com—

118 856 237 881 mune
266 842 432 881 haberet
463 858 554 882 cum
583 844 838 893 divinatione,
869 852 908 882 et
934 845 1151 884 haberetur
1176 847 1217 884 in
1240 848 1492 886 Parthenone
1516 855 1623 887 tam-

119 914 236 951 quam
267 908 399 938 custos
439 908 477 939 et
518 898 727 952 οἰκουρόςε
779 909 825 940 ut
867 904 1029 941 omnino
1071 918 1232 941 caussae
1270 904 1389 944 huius
1425 907 1623 957 religionis

119 958 407 996 servandorum
437 959 477 996 in
509 959 603 996 locis
635 959 754 997 sacris
779 959 1000 998 draconum
1018 961 1130 999 fuere
1149 963 1294 1011 variae,
1326 977 1414 1000 cum
1435 964 1507 1014 ipsi
1527 964 1624 1002 dra-

120 1028 235 1052 cones
266 1022 348 1053 tani
377 1016 595 1054 multarum
625 1030 760 1054 rerum
792 1018 968 1068 symbola
999 1025 1138 1057 essent.
1201 1020 1244 1057 In
1274 1019 1401 1058 hortis
1433 1021 1624 1073 Hesperi-

120 1072 235 1120 dum,
267 1087 347 1110 non
378 1073 508 1111 minus
539 1087 656 1124 quam
686 1074 727 1111 in
758 1074 897 1112 Martis
927 1075 1018 1113 luco
1049 1076 1158 1128 apud
1180 1077 1347 1115 Colchos
1382 1092 1454 1129 pro
1486 1086 1624 1116 custo-

120 1130 186 1167 dia
230 1136 390 1168 tantum
430 1131 548 1168 fuisse
587 1131 831 1180 traduntur3
875 1133 914 1169 in
957 1133 1041 1171 istis
1079 1134 1239 1185 quidem
1278 1136 1463 1174 servabat
1502 1136 1624 1174 draco

120 1199 238 1224 aurea
268 1188 368 1224 mala
399 1188 582 1236 Iunonis;
614 1188 721 1238 quod
752 1202 801 1226 ex
833 1189 1071 1241 Pherecydis
1102 1192 1321 1242 fragmento
1354 1200 1393 1230 et
1423 1206 1472 1230 ex
1499 1193 1624 1245 Apol-

119 1244 261 1281 lodoro
293 1245 387 1282 satis
410 1251 579 1285 constat.
619 1248 807 1283 Servatos
825 1246 986 1297 legimus
1004 1249 1147 1299 passim
1173 1251 1211 1287 in
1232 1251 1388 1302 templis
1418 1250 1623 1300 dracones,

120 1315 158 1338 v.
178 1315 209 1339 c.
230 1302 409 1350 Lanuvii,
428 1302 570 1352 quibus
591 1302 710 1355 dapes
735 1305 1058 1355 apponebantur5
1081 1307 1290 1357 augurium
1310 1321 1358 1345 ex
1377 1308 1422 1345 iis
1442 1309 1529 1346 cibo
1549 1321 1624 1347 ve-

120 1359 318 1396 scentibus
353 1365 512 1410 captum
543 1373 645 1407 esse,
678 1361 913 1400 coniiciebat
955 1376 1082 1413 nuper
1112 1364 1335 1414 ingeniosus
1372 1365 1451 1413 vir,
1492 1366 1624 1404 Botti-

119 1429 208 1465 ger,
247 1416 287 1453 in
320 1416 484 1453 eandem
516 1418 747 1455 sententiam
781 1419 988 1469 augurium
1020 1421 1166 1458 Salutis
1196 1422 1509 1473 interpretando.
1568 1424 1624 1460 De

120 1473 401 1524 Hesperidibus
421 1482 512 1525 post
534 1487 598 1523 ea,
629 1488 729 1525 quae
758 1475 807 1514 ad
835 1476 1125 1529 Apollodorum
1146 1478 1348 1532 disputata
1373 1487 1479 1530 sunt,
1508 1481 1625 1533 plura

120 1543 430 1569 commemorare
464 1531 563 1569 nihil
594 1532 745 1570 attinet.

194 2975 398 3024 VmulL.
434 2978 573 3028 Toni.
611 2980 672 3029 ΙΙ.
1275 2986 1343 3031 ⁴6
