1731 3420
136 199 202 244 32
529 180 1158 246 Disouislrlo
1231 182 1254 228 1

138 316 288 387 quod
334 331 661 380 magnopere
707 312 945 360 animum
989 306 1229 372 impellat
1282 315 1333 355 et
1375 308 1647 373 percutiat.

135 388 424 439 Enimvero
452 400 562 432 non
599 382 778 431 omnia
815 378 1044 427 carmina
1075 377 1220 442 epica
1247 393 1307 425 ex
1334 394 1445 426 uno
1477 387 1529 425 et
1564 394 1651 426 eo-

140 458 267 507 dem
305 470 500 519 genere
532 450 829 517 procedere
860 455 1107 513 possunt3
1160 455 1281 511 post
1307 447 1520 496 Achillis
1558 464 1648 496 au-

139 538 250 576 tem
281 527 378 573 iras
406 532 457 571 et
480 521 674 586 Ulyssis
704 521 757 568 in
799 534 855 566 se
885 534 945 565 ex
967 516 1170 582 casibus
1199 525 1249 564 et
1278 517 1526 581 periculis
1551 517 1649 565 ob-

140 596 286 646 iectis
324 591 657 658 expediendo
700 587 1013 654 sapientiam
1046 602 1135 634 seu
1177 584 1466 648 vafritiem,
1516 603 1649 652 quae

143 675 194 716 et
225 665 424 731 priscae
462 662 614 710 aetati
657 669 708 707 et
755 658 905 724 epico
944 656 1161 704 carmini
1193 655 1652 704 accommodatior

144 744 277 798 erat,
324 749 482 798 quam
525 729 801 796 sapientia,
858 744 980 775 cum
1015 725 1327 774 variandum
1365 735 1415 774 et
1448 742 1651 773 novan-

145 805 273 854 dum
291 810 425 852 esset
448 799 647 866 aliquid
670 806 886 865 poetae,
935 795 1122 861 quidni
1156 800 1371 844 Aeneae
1407 800 1650 853 virtutem,

145 891 303 941 quam
327 889 448 921 cum
476 870 661 918 ceteris
687 867 941 917 heroibus
966 882 1316 914 communem
1340 865 1516 928 habet,
1531 869 1652 931 sor—

145 948 349 994 titudine
391 945 538 989 animi
576 944 621 988 ἱη
653 941 975 1005 perferendis
1010 935 1390 984 calamitatibus
1426 945 1476 983 et
1517 939 1653 984 obse-

147 1019 255 1079 quio
287 1032 415 1076 erga
452 1016 571 1059 deos
602 1013 960 1074 temperaret?
997 1005 1079 1055 Ad
1108 1005 1213 1053 hoc
1246 1021 1369 1053 eum
1403 1005 1513 1070 ipse
1543 1009 1654 1054 Ho—

146 1099 325 1132 merus
359 1079 501 1130 Iliad.
533 1098 582 1144 ψ,
620 1086 734 1131 298.
763 1077 877 1141 (ubi
902 1080 1184 1141 Neptunus
1216 1082 1450 1126 Aeneam
1480 1092 1655 1124 serva-

146 1163 260 1202 tum
295 1168 405 1199 esse
429 1149 559 1197 vult:
603 1152 925 1215 κεχαρισμένα
960 1148 1004 1198 δ’
1034 1150 1127 1197 αἰεὶ
1161 1151 1290 1211 δῶρα
1323 1154 1483 1197 θεοῖσι
1516 1150 1656 1197 δίδω-

149 1246 207 1283 σι,
240 1226 316 1272 τοὶ
350 1219 560 1285 οὐρανόν
585 1219 728 1283 aev'ov‘v
758 1222 944 1280 ἔχουσι)
966 1225 1081 1264 tum
1107 1216 1215 1281 ipsa
1234 1232 1416 1264 rerum
1440 1232 1495 1263 ac
1525 1224 1657 1263 tem-

148 1307 343 1357 porum
383 1297 579 1337 mutata
610 1288 741 1336 ratio
777 1286 1028 1343 ducebat,
1070 1294 1121 1333 et
1155 1303 1238 1344 ea,
1279 1302 1414 1350 quae
1451 1285 1517 1333 de
1553 1288 1657 1334 Ae-

149 1377 280 1408 neae
306 1358 571 1407 erroribus
605 1366 656 1405 et
685 1356 916 1405 adventu
938 1357 990 1404 in
1009 1356 1215 1403 Latium
1239 1354 1426 1403 tradita
1451 1372 1477 1402 a
1507 1370 1659 1419 supe-

148 1429 373 1478 rioribus
395 1428 564 1493 poetis
599 1435 761 1489 erant,
801 1426 1134 1476 revocabant.
1213 1429 1419 1474 ,Monitis
1453 1430 1660 1473 deorum

152 1511 196 1549 et
233 1504 450 1547 oraculis
488 1498 665 1545 onmia
712 1497 774 1544 ab
813 1500 993 1546 Aenea
1027 1504 1268 1561 suscepta
1309 1504 1360 1543 et
1401 1494 1658 1556 confecta,

151 1573 374 1618 Penates
406 1576 455 1616 et
488 1583 626 1615 sacra
649 1567 813 1632 patria
845 1565 908 1614 ab
947 1581 1011 1613 eo
1048 1566 1099 1613 in
1131 1581 1293 1613 novas
1322 1564 1477 1613 sedes
1506 1564 1661 1626 illata,

154 1646 449 1686 narraverat
490 1637 766 1702 antiquitas
803 1643 869 1699 (v.
905 1636 1128 1700 DisquiS.
1162 1638 1260 1699 ΙΙ);
1314 1634 1441 1700 quid
1482 1635 1659 1700 itaque

153 1708 316 1770 magis
348 1707 423 1754 rei
461 1715 903 1767 consentaneum,
956 1722 1116 1771 quam
1156 1714 1215 1753 ut
1254 1704 1415 1752 heros
1452 1708 1662 1769 insignis

148 1783 336 1843 pictate
371 1787 413 1825 et
446 1781 685 1839 *religione
728 1775 1101 1824 exhiberetur?
1162 1779 1353 1840 Neque
1390 1791 1519 1823 vero
1550 1790 1662 1822 non

155 1846 336 1894 videre
373 1845 555 1893 debuit
585 1855 756 1894 tantus
794 1854 976 1910 poeta,
1026 1844 1089 1893 ad
1122 1861 1306 1893 rerum
1340 1843 1664 1908 magnitudi—

158 1933 281 1963 nem
314 1924 364 1962 et
392 1923 657 1977 augustam
685 1916 911 1980 aliquam
936 1914 1244 1978 dignitatem
1272 1914 1537 1978 religiosas
1563 1930 1662 1972 res„

160 2000 357 2033 caussas
402 1993 451 2032 et
503 1985 715 2033 consilia
755 1985 997 2032 eximiam
1040 1985 1147 2032 vim
1181 1984 1397 2035 habere.
1477 1987 1664 2050 Itaque

160 2054 263 2101 hoc
292 2053 509 2118 quidem
542 2063 812 2120 tamquam
844 2072 1025 2102 rerum
1062 2054 1275 2103 cardine
1297 2054 1565 2120 praeclare
1588 2063 1666 2102 est

158 2139 296 2177 usuS,
320 2132 375 2170 ut
406 2123 854 2187 praedictionibus
880 2125 1031 2172 variis
1057 2126 1261 2173 animos
1294 2141 1386 2190 spe
1422 2133 1473 2173 et
1508 2141 1665 2190 expe—

163 2194 388 2241 ctatione
421 2201 629 2240 teneret
658 2210 965 2258 suspensos,
997 2194 1409 2260 religiosamque
1436 2194 1667 2260 aliquam

163 2271 215 2309 et
247 2270 513 2323 augustam
548 2263 779 2326 speciem
812 2280 993 2312 rerum
1036 2264 1312 2313 eventibus
1345 2263 1667 2329 praetende—

165 2337 312 2393 νον).
376 2330 671 2379 Achilleum
701 2332 918 2397 quidem
938 2334 1106 2382 robur
1131 2342 1181 2382 et
1202 2334 1474 2382 iracundia
1498 2333 1666 2382 aliena

165 2409 313 2447 erant
335 2418 357 2446 a
383 2408 494 2445 toto
524 2412 860 2463 argumento;
899 2403 1077 2452 sedata
1105 2412 1156 2452 et
1178 2404 1385 2469 placida
1414 2413 1465 2452 et
1483 2402 1668 2452 huma-

164 2469 334 2517 nitatis
370 2485 523 2515 sensu
553 2479 840 2535 temperata
869 2482 944 2520 est
968 2477 1179 2522 Aeneae
1206 2476 1392 2534 virtus3
1440 2483 1512 2533 et,
1548 2473 1669 2521 licet

166 2537 573 2586 concedendum
600 2541 686 2599 sit,
727 2542 928 2605 epicam
954 2543 1059 2590 vim
1087 2544 1349 2593 maiorem
1369 2542 1557 2593 Achilli
1588 2543 1668 2590 in-

284 2725 317 2778 *)
352 2725 500 2762 Multus
520 2732 577 2762 est
597 2727 757 2763 Sem-ius
779 2730 918 2778 passini
945 2730 983 2767 in
1006 2731 1102 2779 boc,
1142 2740 1189 2771 ut
1210 2734 1381 2771 Aeneam
1414 2746 1462 2769 ex
1482 2731 1671 2769 'flaminis

166 2784 333 2820 alieuius
359 2783 418 2818 'vel
445 2783 640 2819 pontilicis
674 2798 837 2833 persona
868 2788 1035 2836 plurima
1068 2791 1186 2839 egisse
1217 2791 1359 2828 doceat
1381 2804 1418 2828 v.
1448 2805 1479 2828 e,
1503 2791 1563 2839 lV,
1603 2792 1671 2837 29,

168 2855 293 2892 pravo
326 2840 461 2889 ntique
496 2841 696 2890 acumine,
740 2843 851 2880 cuius
889 2851 1018 2883 tamen
1056 2848 1202 2887 fundus
1234 2849 1375 2901 aliquis
1406 2861 1487 2886 esse
1522 2847 1671 2886 debuit.

166 2899 215 2935 es.
239 2897 409 2935 Macrob.
434 2898 496 2945 ΙΙΙ,
534 2902 546 2937 1
575 2912 630 2947 sq.
