1827 3436
529 257 653 304 AD
726 257 1263 309 LIBRUMl
1545 272 1644 319 259

130 399 238 422 nanc
253 382 410 434 sama,
454 383 629 421 minores
657 383 831 421 Italiam
861 385 1010 423 dixisse
1049 387 1162 425 ducis
1191 389 1240 426 de
1277 393 1433 429 nomine
1459 403 1641 444 ἐμυήθη,-

131 442 235 492 Ergo
268 439 431 478 Troiani
471 441 610 479 saltem
645 440 738 478 belli
768 446 947 494 tempore
987 443 1028 482 in
1060 444 1274 484 Oenotriae
1313 447 1445 486 locum
1477 451 1642 491 alterum

128 499 266 537 Italiae
296 511 444 536 nomen
474 500 728 547 successisse,
759 500 944 539 audierat
975 501 1173 554 Virgilius.
1234 504 1431 544 Convenit
1459 505 1537 546 hoc
1564 509 1643 547 sere

127 570 220 594 cum
253 568 323 605 eo,
373 556 483 607 quod
513 557 724 609 Dionysius
763 556 1121 598 Halicarnassensis
1162 559 1303 611 habet,
1342 563 1455 602 XVII
1493 571 1645 618 γενεαῖς

127 627 197 652 seu
227 614 423 652 aetatibus
453 613 494 653 h.
528 628 560 654 e.
591 616 676 658 459
711 616 824 654 annis
866 623 959 656 ante
989 618 1138 656 bellum
1169 620 1408 670 Troianum,
1448 621 1644 662 Oenotros

126 672 279 710 Italiam
311 672 533 711 accessisse:
582 675 656 712 etsi
686 671 765 711 hoe
803 676 1037 714 coniectura
1067 682 1252 726 tantum,
1297 690 1426 729 neque
1465 692 1510 717 ea
1547 682 1642 720 satis

125 729 326 782 probabili
357 731 586 782 apposuisse
618 730 748 770 videri
781 731 916 772 debet:
947 735 995 773 ef.
1021 734 1118 773 Exc.
1148 735 1201 774 IV
1233 735 1285 773 ad
1313 736 1380 774 lib.
1407 736 1491 776 VII.
1539 737 1641 776 Add.

125 788 390 826 commentat.
424 790 472 826 cle
503 789 664 840 fabulis
707 790 781 827 Gr.
824 793 926 829 inter
963 793 1153 830 Etruscos
1191 793 1233 832 in
1273 794 1383 833 Toni.
1424 794 1488 832 III.
1522 796 1634 834 Now.

130 845 283 884 Comm.
318 846 405 884 Soa
439 847 500 884 Sc.
545 848 728 898 Go'lling.
763 861 800 899 p.
832 850 899 892 35.
932 852 1000 891 36.
1069 850 1203 902 Ipsum
1236 852 1388 889 Italiae
1417 866 1563 891 nomen
1595 854 1642 891 ab

124 903 241 941 initio
271 903 328 941 illi
358 904 466 955 parti
496 905 575 943 fuit
602 905 834 958 proprium,
885 906 994 945 intra
1025 908 1137 946 cujus
1174 908 1273 947 fines
1303 909 1496 948 Oenotria
1530 911 1642 962 prin-

124 961 230 1013 cipio
267 961 574 1011 includebatur,
623 962 823 1001 Antiocho
865 965 1078 1017 Syracusio
1120 971 1220 1004 teste
1259 967 1366 1018 apud
1406 968 1642 1007 Strabonem

123 1019 189 1068 VI,
221 1033 259 1071 p.
292 1021 390 1069 391,
422 1027 461 1057 et
494 1020 656 1072 Dionys,
688 1020 814 1059 Halic.
848 1022 877 1070 Ι,
909 1023 976 1065 34.
1036 1023 1097 1060 Ab
1129 1025 1261 1072 Italo,
1309 1025 1377 1075 qui
1407 1038 1457 1063 ex
1486 1026 1642 1078 regibus

122 1083 215 1129 post
243 1076 467 1116 Oenotrum
500 1080 624 1129 gentis
650 1079 902 1117 conditorem
935 1081 1023 1128 suit,
1056 1095 1201 1119 nomen
1232 1082 1402 1120 ductum
1428 1083 1533 1122 idern
1554 1084 1640 1122 An-

125 1134 285 1173 tiochus
301 1135 528 1175 tradiderat
558 1135 616 1191 (v.
649 1137 736 1175 loca
756 1136 936 1191 laudd.);
965 1138 1195 1177 Hellanicus
1214 1146 1348 1178 autem
1366 1141 1527 1179 Lesbius
1551 1156 1640 1180 cuin

124 1193 286 1231 Timaeo
313 1194 422 1245 apud
451 1194 549 1232 Gell.
578 1194 647 1242 XI,
684 1198 703 1236 1
746 1195 911 1246 aliisque
945 1209 967 1233 a
1008 1198 1169 1246 vinclis,
1216 1198 1365 1245 ἰταλοῖς
1411 1196 1640 1250 (Leguntur

123 1251 262 1289 eadem
281 1250 322 1289 in
344 1250 593 1303 Apollodoro
623 1253 668 1302 ΙΙ,
691 1253 730 1301 5,
754 1256 818 1301 10,
846 1253 914 1291 sed
935 1267 974 1292 v.
994 1254 1118 1292 Notas
1147 1269 1186 1306 p.
1214 1254 1296 1297 400
1324 1260 1445 1306 sqq.);
1475 1263 1639 1295 utrum-

123 1322 200 1359 que
224 1315 360 1347 tamen
389 1311 643 1348 coniecturae
665 1311 799 1362 potius
820 1311 1104 1361 Graecanicae,
1136 1326 1255 1363 quam
1287 1320 1471 1364 acceptae
1502 1328 1521 1351 a
1549 1329 1637 1352 ma-

121 1367 275 1405 ioribus
307 1368 551 1407 narrationis
582 1368 697 1418 fidei,
740 1368 875 1406 deberi
905 1369 1080 1408 videtur.
1151 1370 1291 1408 Saltim
1317 1368 1396 1408 hoc
1429 1384 1479 1409 ex
1499 1372 1637 1410 iisdem

122 1424 218 1462 locis
246 1429 374 1463 teneri
404 1426 510 1464 sorte
541 1432 697 1478 potest,
741 1427 846 1464 circa
864 1425 1048 1466 Herculis
1071 1426 1249 1465 Thebani
1276 1428 1435 1466 demum
1456 1435 1636 1481 tempora

120 1483 258 1521 Italiae
292 1496 437 1521 nomen
471 1484 698 1522 invaluisse.
768 1484 943 1523 Omnino
981 1498 1102 1537 super
1132 1486 1305 1524 nominis
1338 1486 1487 1537 origine
1512 1488 1636 1525 multa

122 1540 198 1578 alia
233 1547 302 1579 aut
329 1542 557 1581 commenti·
578 1548 672 1580 sunt
699 1547 770 1579 aut
800 1542 1006 1580 tradidere
1036 1548 1202 1581 veteres.
1252 1557 1291 1581 v.
1322 1545 1434 1582 Serv.
1465 1543 1516 1582 ad
1550 1544 1588 1583 h.
1610 1545 1636 1583 1.

121 1598 151 1647 I,
186 1599 283 1640 533.
330 1599 434 1637 adde
464 1599 526 1638 his
559 1599 751 1638 Bochai-ti
781 1600 933 1638 somnia
961 1599 1155 1653 ((ΙαηααηΓ
1188 1601 1226 1650 Ι,
1262 1598 1350 1651 33).
1411 1601 1636 1640 Siculorum

120 1668 253 1707 regem
283 1658 458 1708 appellat
494 1658 639 1695 Italum
679 1658 796 1695 etiam
828 1657 1085 1709 Thucydides
1121 1658 1185 1696 VI.
1227 1659 1277 1696 cf.
1307 1659 1466 1697 Cluver.
1496 1659 1584 1698 Ital.
1605 1660 1636 1709 Ι,

120 1727 159 1765 p.
187 1717 239 1755 10
265 1728 364 1765 sqq.,
397 1716 464 1766 qui
484 1721 618 1753 tamen
646 1716 794 1754 frustra
816 1721 986 1753 conatur
1017 1716 1193 1764 efficere,
1238 1722 1286 1754 ut
1320 1716 1457 1754 Italiae
1491 1730 1635 1755 nomen

119 1772 235 1810 Latio
267 1773 476 1824 proprium
500 1774 621 1811 fuisse
649 1774 848 1813 videatur.
910 1775 1119 1822 Ceterum,
1159 1774 1267 1824 quod
1294 1773 1336 1811 in
1357 1774 1558 1812 Servianis
1585 1775 1636 1813 ad

121 1843 162 1868 v.
185 1830 356 1871 5321ib.
379 1831 394 1868 I
414 1831 580 1883 legitur:
612 1831 826 1880 Oenotria,
867 1840 911 1869 ut
941 1833 1070 1871 Varro
1098 1832 1217 1879 (licit,
1253 1830 1304 1869 ab
1331 1832 1517 1881 Oenotro,
1555 1833 1636 1870 Sa-

120 1886 301 1925 binorum
321 1902 435 1939 rege,
472 1889 698 1928 videndum
728 1895 808 1936 est,
843 1903 893 1926 an
921 1902 940 1925 a
971 1889 1119 1927 seriore
1148 1903 1271 1927 manu
1298 1889 1543 1927 inculcatum
1574 1891 1633 1928 sit.

121 1945 329 1984 Consentit
359 1947 465 1986 enim
495 1961 588 1986 cum
618 1948 688 2000 iis,
716 1960 820 1998 quae
850 1960 872 1984 a
903 1947 1055 1986 Catone
1082 1945 1266 1985 Anniano
1296 1960 1335 1998 p.
1358 1950 1383 1988 6
1404 1947 1633 1986 traduntur.

442 2287 1020 2347 EXCURSUS
1090 2285 1306 2342 XXII

313 2404 443 2447 Auro
473 2403 696 2447 inclusum
726 2402 856 2454 ebur,
903 2416 1131 2450 marmor,
1184 2406 1442 2454 argentum.

236 2519 266 2569 I,
299 2520 560 2562 588-593.
615 2520 777 2556 Restitit
802 2518 987 2565 Aeneas,
1041 2516 1228 2565 claraque
1263 2516 1305 2550 in
1337 2514 1424 2550 lnce
1463 2512 1629 2562 7·1fi1l.s-il‚

126 2576 256 2626 Quale
286 2592 433 2615 manus
465 2579 621 2616 addunt
649 2576 755 2614 ebori
776 2576 920 2622 ‹lec-us,
964 2582 1035 2611 (cut
1063 2572 1132 2609 abt
1142 2572 1263 2621 slavo
1291 2572 1515 2620 ..rb-genlmn
1538 2572 1629 2633 lfa-

119 2637 252 2672 riusve
282 2637 391 2686 lapis
417 2637 690 2674 circumdatur
717 2649 828 2671 auro.
900 2630 1245 2682 Comparationem
1273 2627 1393 2678 vulgo
1432 2627 1533 2686 male
1565 2641 1628 2663 ln-

121 2692 307 2730 stitutam
341 2693 382 2730 in
413 2694 539 2731 altera
578 2692 753 2730 editione
785 2691 1055 2729 deserueram:
1114 2692 1223 2724 recte
1256 2697 1413 2735 quoque
1438 2685 1628 2722 adversus

121 2749 229 2788 illam
260 2750 484 2802 disputavit
512 2752 724 2789 Meierotto
744 2749 790 2787 V.
810 2749 850 2786 G.
871 2749 911 2785 in
930 2746 1065 2784 Dubiis
1086 2758 1123 2795 p.
1155 2746 1222 2785 35.
1283 2742 1458 2779 Primum
1493 2743 1627 2778 conse-

119 2808 248 2846 renda
266 2823 357 2847 cum
376 2808 416 2848 h.
436 2810 461 2847 l.
480 2810 548 2847 ins.
568 2810 620 2858 X,
649 2808 727 2849 135
756 2820 837 2857 sqq.
869 2805 1029 2842 Homer.
1052 2801 1193 2851 Odyss.
1226 2801 1254 2847 ζ,
1286 2800 1541 2840 229-—235.
1580 2808 1626 2861 ψ,

123 2866 218 2907 156.
242 2869 336 2907 162.
396 2867 453 2904 De
483 2873 618 2904 statua
648 2879 698 2903 ex
721 2865 858 2911 ebore,
891 2867 1068 2912 argento,
1103 2858 1165 2895 vel
1194 2870 1393 2894 marmore
1429 2857 1531 2893 sacta
1558 2868 1626 2892 vix

118 2929 226 2961 recte
248 2923 350 2961 haec
375 2926 561 2976 accipia33
593 2936 782 2975 quorsum
817 2921 920 2958 enim
943 2917 1140 2970 pertinere
1161 2912 1205 2954 τό
1224 2914 1492 2951 cimamlams·
1511 2912 1625 2976 ‹lixe—

117 2980 202 3019 ris'?
232 2994 328 3019 nam
353 2982 404 3019 ad
435 2982 650 3020 inaurandi
677 2979 889 3018 artificium
922 2976 1045 3014 multo
1076 2973 1205 3010 minus
1234 2972 1333 3009 bene
1362 2971 1437 3008 hoc
1470 2972 1626 3006 reseras.

1234 3040 1348 3084 17*
