1811 3388
366 211 770 261 AENEIDOS
809 214 948 264 LIB.
984 215 1069 275 IV,
1108 218 1330 269 75—83

1515 227 1613 273 607

113 336 347 387 Incuhat.
392 335 550 384 Illum
572 328 761 385 a‘bsens
781 337 1055 388 absentem
1078 339 1329 407 auditque
1350 341 1612 411 videtque.

111 442 256 479 relictis
274 441 444 479 lambat
457 455 473 480 .·
505 455 583 479 non
605 455 687 480 uno
709 442 832 481 modo

110 497 209 535 haec
249 493 379 549 toeipi
424 505 622 550 possunt3
675 506 746 538 aut
784 500 833 538 de

110 555 223 601 lecto,
245 554 295 592 ad
314 568 431 605 quem
453 556 677 595 dormiendi
695 571 832 595 caussa

108 612 173 648 illa
197 624 236 648 se
252 613 428 661 confert,
465 620 536 652 aut
565 614 613 652 de
642 615 829 664 triclinio,

107 668 148 705 in
181 682 258 718 quo
291 670 540 709 accubuerat.
587 672 831 723 simplicissi-

106 739 215 763 mum
256 733 314 764 est
351 727 407 764 ita
439 727 591 766 dicere:
631 729 679 766 de
713 736 828 767 nocte

106 783 262 833 agitur,
316 785 494 822 convivis
536 785 613 823 iam
645 786 825 835 dimissis,

104 840 213 876 unde
242 841 356 878 domo
390 857 535 880 vacua.
598 844 714 881 Nunc
738 846 826 882 sola

103 897 170 934 illa
203 907 344 935 moeret
371 902 532 947 stratis,
576 900 676 939 lecto
711 904 826 939 ineu-

103 953 229 1000 ὸαη.ς,·
262 954 338 993 hoc
366 963 412 993 ut
438 963 554 1007 poeta
579 959 824 997 enuntiavit:

104 1019 245 1048 moeret
282 1020 317 1049 et
362 1014 523 1051 incubat
565 1018 699 1053 stratis
720 1046 730 1064 ,
785 1023 823 1054 et

102 1067 262 1118 quidem
301 1070 444 1107 relictis
478 1085 499 1108 a
536 1084 595 1122 se,
643 1079 690 1110 ut
723 1073 822 1111 adeo

102 1126 247 1164 amoris
282 1133 393 1164 aestu
430 1128 573 1166 iactata
609 1130 728 1168 modo
761 1130 822 1168 le-

101 1187 207 1219 ctum
226 1196 341 1221 suum
357 1185 582 1234 reliquerit,
604 1188 723 1225 modo
744 1188 822 1225 ite-

99 1252 189 1276 rum
211 1242 419 1291 repetierit.
451 1243 714 1282 obscuritatis
728 1245 819 1295 qui—

100 1295 188 1334 dem
206 1297 304 1335 vitio
328 1297 424 1336 haec
453 1300 627 1338 brevitas
652 1316 730 1339 non
751 1316 819 1339 ca—

97 1359 176 1400 ret3
214 1367 235 1390 a
275 1368 318 1391 re
350 1362 480 1393 tamen
512 1360 704 1396 sententia
738 1374 818 1397 non

97 1416 156 1448 est
178 1411 324 1460 aliena;
364 1414 435 1450 etsi
466 1415 648 1453 Lucanus
680 1417 818 1454 melius

97 1466 142 1514 V,
173 1470 254 1509 790
296 1470 362 1506 Sic
391 1470 512 1520 sala,
554 1474 700 1510 relic-lis
731 1476 817 1511 L'x-

95 1525 207 1561 siluit
243 1529 375 1563 stratis
416 1542 567 1566 amens.
638 1531 815 1568 Servius:

94 1581 262 1630 relictis,
298 1583 345 1619 ab
368 1583 520 1633 Aenea,
563 1587 715 1637 inquit,
751 1594 814 1625 at-

95 1638 163 1687 qui
183 1647 288 1676 toru-s·
305 1643 530 1691 coniugalis
549 1656 613 1681 eos
633 1645 813 1682 nondum

94 1703 316 1746 acceperat:
355 1710 444 1748 ergo
469 1702 718 1738 convivalem
747 1703 812 1739 ille

91 1751 296 1792 intellexit.
356 1757 455 1792 Sane
480 1769 544 1805 ea,
576 1772 674 1808 quae
698 1765 813 1797 ante-

92 1809 257 1847 cedunt:
298 1812 393 1849 Sola
421 1814 536 1851 domo
567 1826 711 1854 moeret
737 1832 812 1854 va-

91 1880 192 1913 cua,
232 1879 316 1905 eam
339 1882 409 1920 per
436 1869 630 1910 thalamos
657 1887 702 1911 ac
731 1875 810 1911 tri-

91 1922 207 1960 clinia
263 1925 580 1966 discursitantem
634 1930 810 1969 indicare

89 1979 218 2018 videri
245 1990 433 2032 possunt,
473 1986 649 2036 adeoque
675 1988 739 2025 illa
767 1989 808 2026 in

91 2049 136 2074 eo
177 2038 368 2087 triclinio,
421 2054 500 2091 quo
543 2050 658 2081 antea
697 2052 809 2082 erant

91 2095 267 2142 coenati,
298 2096 468 2146 lectum,
498 2113 577 2149 quo
610 2115 701 2138 cum
732 2101 812 2138 Ae-

90 2163 161 2186 nea
197 2151 458 2201 adcubuerat,
501 2159 695 2206 agnoscit,
734 2160 812 2196 ite-

89 2219 257 2257 rumque
276 2209 309 2246 ei
327 2209 508 2260 incubat,
537 2215 644 2263 quod
673 2230 811 2253 ainan-

89 2269 148 2300 tes
172 2264 299 2302 facere
319 2267 466 2315 solent,
498 2276 536 2306 et
558 2271 665 2320 quod
694 2276 809 2310 toties

89 2322 313 2360 amantibus
361 2337 381 2360 a
426 2327 551 2375 poetis
600 2328 804 2368 tribuitur.

86 2377 168 2415 vid.
209 2379 325 2417 Ovid.
365 2381 486 2432 Epist.
529 2385 579 2432 X,
631 2386 680 2427 51
722 2400 803 2436 sqq.

88 2435 216 2480 Saepe
255 2444 382 2474 lorum
419 2449 548 2489 repelo
565 2471 573 2487 ‚
631 2445 701 2493 qui
734 2458 804 2480 nos·

86 2502 289 2541 acceperut
311 2494 427 2532 ambo
451 2519 498 2524 —
524 2500 575 2534 Ec
595 2507 688 2547 tua,
723 2516 803 2551 qua

82 2560 246 2596 possum
275 2565 349 2600 pro
381 2560 417 2588 te
458 2557 626 2605 vestigia
661 2564 799 2607 luJJgO,

87 2604 295 2656 Strataque
315 2637 324 2654 ,
359 2624 460 2659 quae
487 2613 669 2649 membris
702 2617 803 2652 inle-

82 2674 202 2708 puere
239 2666 330 2700 tuis.
380 2667 427 2703 cs.
465 2669 532 2719 Ep.
575 2670 661 2719 XV,
710 2673 801 2713 149.

86 2716 164 2752 Nec
183 2716 362 2757 dubitare
383 2722 493 2772 licet,
525 2739 573 2762 an
603 2733 724 2765 strata
754 2729 802 2766 de

85 2777 174 2809 toro
194 2776 452 2816 convivarum
483 2781 678 2822 dicantur.
737 2786 801 2823 Sic

83 2841 120 2865 v.
144 2842 174 2866 c.
200 2829 316 2868 Ovid.
353 2834 444 2873 Met.
477 2838 520 2886 V,
558 2839 624 2888 34,
656 2842 724 2878 ubi
751 2843 798 2879 de

83 2886 266 2924 convivio
291 2889 443 2939 agitur,
474 2903 516 2930 ut
545 2899 647 2933 stelit
678 2898 798 2936 hasla

891 452 996 493 toro,
1031 446 1170 485 stratis
1200 456 1283 485 tum
1309 449 1477 500 denique
1509 453 1613 489 Per-

889 515 978 539 seus
998 503 1188 541 Exsiluit.
1241 505 1312 543 Est
1333 520 1490 557 quoque
1509 516 1612 546 stra-

889 566 931 595 ta
960 559 1086 597 lectus
1105 590 1115 608 ,
1170 567 1217 600 ut
1253 563 1323 601 ins.
1354 566 1435 604 392
1469 564 1611 614 dictus,

889 629 967 666 quo
986 617 1126 656 sedent
1147 625 1218 656 aut
1238 621 1433 659 recubant
1452 622 1493 659 in
1516 622 1611 660 tha-

885 672 991 711 ]amo
1016 687 1083 713 seu
1113 677 1316 715 cubiculo:
1356 679 1611 730 quandoqui-

887 730 975 768 dem
1025 733 1175 784 priscae
1221 735 1328 772 vitae
1382 736 1609 788 simplicitas

886 788 1055 826 eundem
1088 796 1222 829 torum
1252 792 1293 829 in
1323 794 1461 831 eodem
1494 795 1608 833 cubi—

885 846 973 883 culo
997 853 1036 884 et
1057 848 1286 887 sedentibus
1309 856 1345 887 et
1369 851 1607 890 dormienti-

883 902 956 940 bus
986 904 1219 944 destinabat.
1280 907 1503 947 Fatendum
1540 916 1604 947 ta·-

882 973 994 1009 men,
1016 960 1120 1000 hanc
1140 970 1278 1014 poetae
1297 967 1493 1004 rationem
1515 968 1604 1018 plus

882 1018 976 1055 artis
997 1017 1222 1058 habituram
1249 1035 1329 1059 esse
1356 1037 1473 1073 quam
1506 1026 1603 1062 sim-

880 1075 1096 1126 plicitatis,
1139 1084 1185 1115 ut
1228 1079 1360 1117 malim
1401 1083 1602 1133 praeferre

878 1131 945 1180 id,
989 1134 1097 1183 quod
1126 1135 1255 1185 primo
1292 1137 1379 1175 loco
1421 1140 1599 1190 apposui.

880 1188 936 1240 (Si
968 1203 1108 1228 verum
1148 1200 1234 1243 est,
1283 1195 1390 1244 quod
1428 1204 1599 1248 ponunt,

878 1246 1087 1285 discrimen
1117 1248 1222 1287 inter
1249 1252 1434 1290 incubare
1467 1260 1505 1292 et
1533 1257 1599 1292 in-

876 1304 1053 1341 cumbere
1069 1335 1078 1352 ,
1112 1306 1211 1344 illud
1235 1310 1443 1358 posteriori
1469 1312 1598 1363 expli—

876 1362 1020 1398 cationi
1056 1364 1172 1401 favet.
1233 1366 1369 1412 Quid?
1417 1369 1446 1405 si
1473 1382 1595 1415 more,

876 1431 991 1467 quem
1011 1419 1188 1471 Heynius
1217 1426 1475 1474 memoravit,
1516 1440 1596 1464 non

875 1475 1070 1514 advocato
1088 1507 1097 1524 ,
1151 1478 1342 1518 Didonem
1389 1482 1595 1521 ardentem

876 1533 973 1569 toris
1023 1535 1320 1586 convivalibus,
1370 1541 1593 1590 relictis,

872 1589 958 1626 ubi
1039 1593 1293 1631 convivae
1371 1596 1594 1648 digressi

872 1653 1053 1697 erant,
1104 1649 1296 1689 virtutem
1352 1653 1502 1693 Aeneae
1554 1662 1594 1694 et

871 1704 1140 1743 conditionem
1171 1721 1301 1757 suam,
1332 1717 1425 1748 vota
1454 1720 1493 1750 et
1524 1727 1593 1750 ra-

868 1761 1016 1798 tionem
1042 1763 1085 1799 iis
1108 1765 1284 1814 potiendi
1313 1768 1443 1806 animo
1467 1784 1592 1821 repu—

868 1824 1018 1856 tantem
1058 1820 1280 1860 incubuisse
1316 1838 1470 1864 mecum
1511 1834 1592 1865 sta-

867 1877 984 1914 tuas-¹?
1045 1877 1151 1915 Neve
1189 1880 1326 1919 eadem
1376 1885 1486 1922 notio
1529 1885 1589 1922 bis

868 1932 1041 1970 exhibita
1061 1958 1114 1963 —-
1135 1951 1267 1974 vacua
1284 1967 1292 1974 .
1312 1967 1320 1975 .
1341 1968 1348 1976 .
1369 1943 1515 1979 relictis
1533 1964 1590 1971 —

867 1996 903 2026 te
935 1991 1131 2041 oss'endat,
1173 2007 1373 2046 compares
1398 1998 1494 2036 Aen.
1524 2000 1588 2049 III,

873 2049 985 2088 123:
1027 2051 1155 2086 Hoste
1204 2065 1388 2091 vacare
1433 2056 1584 2105 domos,

868 2104 1052 2155 sedesque
1131 2108 1289 2145 adstare
1354 2112 1585 2152 relictas,

872 2161 997 2198 VVclz.
1060 2162 1155 2199 Mihi
1191 2165 1352 2204 videtur
1377 2167 1474 2206 haec
1505 2183 1586 2208 esse

867 2217 1148 2267 simplicissima
1166 2223 1291 2270 ratio,
1311 2230 1356 2260 ut
1377 2234 1501 2264 stram
1522 2242 1585 2264 re-

867 2274 962 2311 licta
1009 2276 1229 2326 significent
1283 2286 1452 2321 torum
1502 2285 1585 2322 vi-

867 2330 1044 2380 duum,
1106 2341 1221 2372 antea
1272 2350 1361 2375 cum
1404 2340 1582 2391 Sychaeo

862 2389 1004 2438 partiri
1042 2390 1235 2441 solitum,
1287 2408 1394 2434 nunc
1426 2398 1584 2436 desola-

864 2451 962 2483 tum.
1023 2447 1071 2484 Et
1095 2450 1266 2501 relinqui
1293 2466 1405 2504 saepe
1439 2455 1582 2494 dicun—-

862 2507 930 2539 tur
958 2506 1188 2554 superstites
1222 2509 1424 2561 coniuges3
1463 2514 1580 2553 Ovid.

863 2559 981 2597 Trist.
1010 2561 1073 2609 IV,
1106 2565 1143 2610 3,
1171 2564 1257 2604 40.:
1293 2575 1448 2614 „morte
1478 2572 1580 2609 sores

861 2617 942 2653 sola
959 2618 1094 2655 relicta
1117 2624 1240 2661 niea.“
1285 2627 1492 2677 stratisque
1514 2631 1578 2665 ιή-

859 2673 997 2721 cubat,
1031 2675 1055 2713 i.
1076 2689 1106 2713 e.
1128 2678 1319 2716 incubans
1337 2687 1470 2720 stt-auls·
1486 2715 1495 2732 ,
1531 2692 1579 2724 ut

859 2730 939 2781 ipse
985 2732 1161 2783 lleynius
1216 2750 1334 2788 supra
1397 2742 1576 2792 explicat.

863 2787 971 2840 lVr.)
1052 2791 1254 2829 Praeclare
1299 2802 1429 2834 autem
1477 2799 1576 2837 illud

858 2845 1086 2884 subiicitur:
1116 2850 1231 2886 illum
1261 2851 1400 2888 absens
1431 2855 1574 2892 alm-en-

857 2909 932 2938 tem
949 2906 1139 2955 auclilque
1153 2907 1332 2959 videtque
1346 2926 1358 2945 .·
1379 2911 1486 2959 quod
1504 2926 1572 2949 or-
