1827 3436
382 258 743 316 AENEIDO
762 256 796 304 s
829 254 954 303 LIB.
989 252 1055 315 ΙΙ,
1096 250 1392 301 513—532

141 402 244 449 Aut
262 393 494 444 moriere
518 384 687 437 simul.

1556 248 1653 297 341

765 381 848 431 Sic
870 396 963 429 ore
993 375 1176 437 effata,
1212 372 1417 438 recepit

142 467 223 519 Ad
246 480 384 525 sese,
425 469 477 510 et
497 474 640 507 sacra
665 454 989 516 longaevum
1013 448 1067 496 in
1092 445 1222 495 sede
1244 441 1449 492 locavit.

1558 443 1658 493 525

206 538 344 585 Ecce
371 539 549 580 autem
578 524 787 576 elabsus
806 519 994 584 Pyrrhi
1017 517 1085 566 de
1116 514 1280 565 caede
1305 510 1520 574 Polites,

140 609 289 657 Unus
310 610 560 650 natorum
584 593 802 656 Priami,
841 607 940 656 per
959 587 1088 648 tela,
1125 602 1225 652 per
1245 582 1426 643 hostis,

141 671 440 725 Porticibus
462 667 634 731 longis
657 663 817 727 fugit,
858 669 910 710 et
929 674 1090 707 vacua
1117 655 1244 705 atria
1268 653 1453 701 lustrat

144 743 374 794 Saucius,

448 738 608 789 Illum
633 733 826 785 ardens
847 727 1042 779 infesto
1068 725 1290 775 volnere
1312 718 1545 785 Pyrrhus

141 812 470 878 Insequitur,
528 809 633 856 iam
688 804 903 868 iamque
942 814 1109 847 manu
1147 802 1321 856 tenet,
1373 799 1425 840 et
1466 787 1662 855 premit

925 869 1087 918 hasta.

1561 861 1662 910 530

143 956 214 1004 Ut
233 950 452 1001 tandem
478 954 598 996 ante
624 941 808 992 oculos
829 939 989 988 evasit
1018 946 1070 986 et
1091 951 1184 984 ora
1205 938 1490 999 parentum
1512 950 1522 978 :

145 1020 416 1083 Concidit,
452 1034 509 1067 ac
532 1014 705 1064 multo
725 1012 886 1060 vitam
907 1025 1029 1058 cum
1048 1004 1304 1069 sanguine
1326 999 1478 1050 fudit.

212 1119 329 1168 527.
366 1124 553 1161 nos'r1s
589 1110 644 1158 P.

193 1254 263 1290 524
292 1253 362 1287 Vel
379 1265 422 1284 m.
442 1249 604 1282 Parrhas.
655 1245 773 1291 affata
801 1242 920 1287 plures
939 1241 1053 1272 Burm.

146 1303 247 1336 abest
265 1298 447 1343 Excerptis
468 1298 652 1328 Burmann.
675 1299 710 1325 et
733 1291 839 1325 Goth.
860 1295 943 1321 tert.
995 1299 1017 1320 α
1046 1284 1132 1318 sede
1150 1283 1266 1327 Bigot,

1149 1236 1218 1271 525
1246 1235 1463 1281 longaevom
1488 1230 1577 1264 Gud.
1625 1229 1664 1262 in

1336 1283 1405 1324 (—
1432 1279 1510 1313 527.
1534 1275 1665 1310 Addidi

147 1350 181 1382 in
210 1348 278 1380 sine
304 1345 404 1379 huius
434 1356 484 1376 vs.
516 1354 669 1382 comma,
702 1346 740 1371 ut
769 1338 854 1370 haec
880 1347 947 1381 per
979 1334 1074 1373 tela,
1113 1343 1182 1377 per
1213 1330 1337 1362 hoste-s·
1367 1327 1553 1370 iungantur
1587 1335 1663 1356 cum

146 1395 255 1428 verbo
279 1393 448 1438 elapsu33
482 1389 549 1422 feci
572 1388 638 1420 hoc
666 1385 811 1418 maxime
841 1382 886 1415 ob
912 1392 1030 1414 vacua
1063 1378 1115 1410 ab
1142 1375 1363 1409 hostibus
1389 1384 1526 1417 quoque
1546 1371 1664 1410 atria5

148 1449 184 1475 et
218 1442 268 1473 ita
305 1440 409 1472 etiam
449 1437 484 1469 in
520 1434 679 1468 Mediceo
717 1429 885 1473 distingui
913 1427 1029 1460 video.
1070 1424 1167 1467 lVr.)

147 1500 283 1529 mana,
308 1492 346 1518 ut
374 1486 467 1517 forte
496 1482 592 1516 alibi.
634 1479 791 1526 fugiens
811 1487 930 1510 vacua
945 1473 1060 1516 Bigot.

1278 1421 1346 1455 528
1368 1420 1450 1466 ficit
1475 1419 1544 1451 duo
1576 1418 1664 1449 Bur-

1126 1471 1196 1505 529
1223 1466 1360 1514 infecto
1388 1479 1456 1499 sec.
1479 1466 1604 1498 Moret.
1631 1469 1667 1495 et

150 1537 204 1568 ed.
225 1536 310 1567 Dan.
330 1532 450 1564 Heius.
500 1528 666 1574 infausto
688 1527 824 1567 Menag.
847 1535 899 1566 pr.
949 1519 1085 1565 infesto
1107 1519 1145 1550 in
1172 1516 1328 1549 vulnere
1349 1513 1528 1556 Oblongns
1548 1510 1666 1552 Pierii,

148 1583 283 1615 saucius
304 1579 394 1612 enim
415 1584 490 1610 erat
504 1576 657 1614 Polites;
683 1572 776 1618 quod
794 1569 879 1602 ferri
900 1573 1031 1613 posset.

743 1619 812 1653 532
838 1624 874 1650 et
901 1616 1012 1648 vitam
1040 1612 1155 1644 multo
1183 1608 1292 1644 Wall.
1348 1605 1478 1653 fundit
1507 1618 1529 1650 p
1548 1604 1667 1649 erique

148 1630 227 1661 dam
255 1625 427 1666 Pieriam,
455 1637 473 1657 e
505 1623 633 1668 glossa.

146 1674 309 1709 Pieriani.

150 1771 263 1819 vius3
312 1768 483 1806 verbum
528 1777 578 1802 ex
629 1759 883 1800 substantivo

155 1826 427 1879 defensoribus·
457 1821 734 1875 repetendum.
771 1816 882 1869 lVr.)

150 1887 246 1928 525.
276 1898 392 1921 sacra
413 1882 514 1930 sede,
547 1893 628 1928 ara,
659 1892 699 1917 v.
720 1876 816 1918 513.
843 1880 883 1912 et

150 1944 296 1989 altare,
332 1943 427 1982 515.

210 2001 307 2042 526.
332 1997 603 2036 Polites—inter
614 1991 760 2032 Priami
781 1990 883 2028 filios

152 2059 230 2096 iam
252 2070 303 2094 ex
315 2056 492 2094 Homero
514 2059 655 2101 notus,
678 2048 882 2088 celeritate

153 2115 302 2167 pedum
337 2112 500 2163 insignis
537 2110 671 2147 statim
700 2106 809 2145 Iliad.
842 2106 881 2157 β,

154 2175 251 2214 791.
272 2176 515 2208 memoratus
542 2167 648 2205 idem
669 2165 775 2203 inter
801 2176 881 2214 pu-

155 2234 334 2282 gnantes.
394 2227 486 2265 Eius
507 2225 646 2273 filium,
665 2222 882 2269 Priamum,

155 2286 379 2326 videbimus
420 2285 525 2322 inter
563 2283 718 2319 Aeneae
755 2278 882 2316 socios

153 2346 221 2384 ins.
247 2344 304 2392 V,
337 2341 432 2384 564.
502 2341 556 2377 De
586 2339 735 2377 Politae
762 2334 883 2374 caede

158 2417 197 2442 v.
219 2402 261 2440 in
285 2402 453 2439 Excurs.
473 2398 542 2435 XI.

213 2460 308 2502 528.
358 2455 586 2496 Porticihus
628 2454 773 2503 longis.
843 2449 884 2487 Si

155 2517 369 2555 Homerica
395 2521 432 2552 et
445 2527 524 2551 non
543 2526 614 2550 sua
632 2510 767 2564 potius
779 2513 884 2546 tem-

156 2589 254 2627 pora
298 2579 491 2624 sequutus
537 2576 616 2619 est,
678 2567 883 2608 αἴθουσαν

158 2632 370 2684 expressit,
411 2642 511 2680 quae
547 2623 677 2678 αὐλὴν
700 2625 747 2662 ab
765 2629 882 2662 utra—

159 2702 234 2738 que
255 2696 369 2741 parte
389 2687 569 2725 ornabat.
626 2683 722 2722 Mox
742 2683 884 2719 lustrat

159 2745 199 2783 h.
224 2746 248 2783 l.
269 2746 461 2791 discursu,
495 2750 534 2780 et
551 2755 682 2780 vacua
702 2753 793 2777 cum
816 2738 881 2776 di-

161 2803 279 2851 lectu,
306 2809 352 2840 ut
374 2802 564 2852 significet
587 2798 782 2836 Troianos
804 2795 882 2832 iam

161 2860 251 2910 suga
275 2859 490 2910 disperSOS,
537 2857 640 2894 conf.
664 2856 883 2893 Burmann.

161 2916 212 2953 ad
248 2916 332 2953 val.
365 2915 422 2952 Fl.
461 2915 535 2962 lV,
576 2917 644 2955 21.
682 2934 738 2940 —
789 2910 884 2953 529.

162 2973 303 3024 infesto
340 2974 494 3010 vulnere
531 2972 771 3022 insequitur,
819 2967 885 3004 in·-

1127 1564 1194 1599 531
1222 1562 1339 1595 evasit
1360 1568 1395 1593 et
1423 1568 1510 1592 ante
1528 1571 1565 1637 s.
1586 1557 1667 1602 qui-

941 1757 1062 1803 seste,
1101 1751 1237 1791 hostili
1264 1761 1399 1798 more,
1444 1753 1493 1785 ut
1519 1745 1668 1785 vulnus

939 1814 1107 1861 inferat,
1139 1809 1207 1848 sed
1233 1808 1406 1846 alterum
1425 1805 1553 1843 multo
1576 1817 1667 1841 ma-

940 1872 997 1924 gis
1033 1868 1257 1922 poeticum,
1313 1865 1473 1904 ramere
1510 1860 1667 1912 infesto.

940 1929 994 1968 At
1013 1929 1160 1967 vulnus
1182 1925 1231 1963 de
1250 1923 1329 1962 telo
1351 1921 1391 1960 h.
1413 1921 1437 1959 l.
1460 1925 1551 1972 post
1572 1919 1667 1956 alios

941 1986 1086 2038 accipit
1124 1984 1282 2032 Bur1n.3
1331 1986 1380 2018 ut
1419 1990 1512 2016 sane
1555 1989 1668 2028 saepe

939 2045 1088 2083 vulnus
1108 2041 1225 2080 reddi
1243 2043 1388 2092 potest.
1430 2036 1476 2073 cs.
1501 2035 1569 2072 ins.
1584 2033 1668 2083 VII,

941 2104 1036 2145 533.
1087 2101 1139 2149 X,
1175 2098 1268 2140 140.
1316 2095 1413 2143 XII,
1446 2096 1541 2134 376:
1584 2091 1668 2132 scil.

940 2158 1103 2211 quando
1141 2156 1190 2194 de
1222 2155 1301 2193 telo
1329 2153 1387 2190 ita
1419 2151 1571 2201 agitur,
1621 2154 1668 2186 ut

940 2217 1089 2256 vulnus
1109 2214 1157 2252 ab
1182 2226 1227 2251 eo
1259 2212 1409 2249 sactum
1436 2207 1554 2245 simul
1583 2219 1670 2244 me-

940 2279 1134 2312 moretur.
1188 2271 1335 2321 premit
1357 2267 1498 2313 hasta,
1522 2263 1668 2314 exqui-

941 2332 1056 2369 sitius
1074 2343 1193 2381 quam
1204 2324 1413 2376 transfigit.
1432 2324 1479 2361 cf.
1490 2322 1560 2371 IX,
1573 2323 1668 2363 330.

944 2388 1053 2443 (Tac.
1063 2387 1168 2426 Hist.
1179 2385 1245 2434 IV,
1257 2389 1313 2427 2.:
1345 2394 1519 2434 „paucos
1532 2392 1669 2417 erum-

943 2460 1036 2500 pere
1061 2457 1177 2483 ausos
1194 2439 1439 2480 circumiecti
1467 2449 1668 2489 presse-

941 2517 1004 2544 re.
1018 2506 1042 2526 “
1101 2501 1179 2540 Sed
1212 2500 1247 2537 is
1283 2512 1364 2536 non
1400 2496 1542 2535 dubito
1571 2494 1669 2545 quin

942 2560 1148 2614 scripserit
1183 2569 1438 2610 percussere;
1496 2564 1669 2604 pressere

941 2626 1083 2658 natum
1106 2631 1126 2656 e
1142 2628 1343 2668 pcussere.
1378 2612 1547 2650 Frustra
1567 2607 1668 2647 illud

934 2691 1110 2729 pressere
1148 2687 1197 2711 ex
1228 2671 1370 2710 Annal.
1391 2668 1498 2716 XIV,
1527 2668 1565 2709 5.
1596 2666 1669 2704 de—

943 2735 1125 2773 fendunt.
1160 2729 1278 2783 Wr.)
1338 2726 1503 2778 Proprie
1521 2725 1670 2775 premit

940 2794 1105 2831 hastam
1133 2790 1177 2839 is,
1209 2788 1277 2839 qui
1299 2799 1385 2823 eam
1411 2782 1561 2833 infigit,
1593 2780 1668 2818 ad—

943 2851 1034 2902 igit,
1077 2842 1344 2899 ἔρειδόμενος.
1414 2841 1558 2878 Polites
1594 2837 1668 2889 igi-

943 2914 1013 2946 tur
1042 2905 1277 2944 vulneratus
1309 2915 1329 2937 a
1365 2897 1519 2951 Pyrrho
1557 2894 1667 2945 fugit,

944 2963 1124 3016 Pyrrhus
1140 2958 1377 3010 insequitur,
1406 2967 1558 2994 novum
1573 2951 1669 2990 vul-
