<?xml version="1.0" encoding="UTF-8"?>
<!DOCTYPE html PUBLIC "-//W3C//DTD XHTML 1.0 Transitional//EN"
    "http://www.w3.org/TR/xhtml1/DTD/xhtml1-transitional.dtd">
<html xmlns="http://www.w3.org/1999/xhtml" xml:lang="en" lang="en">
 <head>
  <title>
</title>
<meta http-equiv="Content-Type" content="text/html;charset=utf-8" />
  <meta name='ocr-system' content='tesseract 3.04.00' />
  <meta name='ocr-capabilities' content='ocr_page ocr_carea ocr_par ocr_line ocrx_word'/>
</head>
<body>
  <div class='ocr_page' id='page_1' title='image "./publiusvirgilius02virguoft/publiusvirgilius02virguoft_0724.png"; bbox 0 0 1779 3420; ppageno 0'>
   <div class='ocr_carea' id='block_1_1' title="bbox 146 187 1235 240">
    <p class='ocr_par' dir='ltr' id='par_1_1' title="bbox 146 187 1235 240">
     <span class='ocr_line' id='line_1_1' title="bbox 146 187 1235 240; baseline -0.008 0"><span class='ocrx_word' id='word_1_1' title='bbox 146 194 248 240; x_wconf 89' lang='lat'>716</span> <span class='ocrx_word' id='word_1_2' title='bbox 541 187 1235 238; x_wconf 78' lang='lat' dir='ltr'>EXCURSUSI</span> 
     </span>
    </p>
   </div>
   <div class='ocr_carea' id='block_1_2' title="bbox 131 313 1654 2964">
    <p class='ocr_par' dir='ltr' id='par_1_2' title="bbox 131 313 1654 2964">
     <span class='ocr_line' id='line_1_2' title="bbox 147 313 1654 371; baseline -0.003 -15"><span class='ocrx_word' id='word_1_3' title='bbox 147 318 222 357; x_wconf 90' lang='lat' dir='ltr'>lus.</span> <span class='ocrx_word' id='word_1_4' title='bbox 255 317 411 371; x_wconf 87' lang='lat' dir='ltr'>(XXXI</span> <span class='ocrx_word' id='word_1_5' title='bbox 445 319 558 356; x_wconf 86' lang='lat' dir='ltr'>annis</span> <span class='ocrx_word' id='word_1_6' title='bbox 590 319 715 357; x_wconf 83' lang='lat' dir='ltr'>serius</span> <span class='ocrx_word' id='word_1_7' title='bbox 743 319 791 355; x_wconf 90' lang='lat' dir='ltr'>ab</span> <span class='ocrx_word' id='word_1_8' title='bbox 819 317 902 354; x_wconf 84' lang='lat' dir='ltr'>aliis</span> <span class='ocrx_word' id='word_1_9' title='bbox 939 316 1044 353; x_wconf 83' lang='lat' dir='ltr'>hanc</span> <span class='ocrx_word' id='word_1_10' title='bbox 1077 313 1267 365; x_wconf 81' lang='lat' dir='ltr'>epocham</span> <span class='ocrx_word' id='word_1_11' title='bbox 1289 314 1495 352; x_wconf 85' lang='lat' dir='ltr'>definitam</span> <span class='ocrx_word' id='word_1_12' title='bbox 1523 316 1654 364; x_wconf 78' lang='lat' dir='ltr'>fuisse,</span> 
     </span>
     <span class='ocr_line' id='line_1_3' title="bbox 145 373 1654 427; baseline -0.003 -13"><span class='ocrx_word' id='word_1_13' title='bbox 145 389 196 414; x_wconf 75' lang='lat' dir='ltr'>ex</span> <span class='ocrx_word' id='word_1_14' title='bbox 234 376 401 414; x_wconf 88' lang='lat' dir='ltr'>Eusebio</span> <span class='ocrx_word' id='word_1_15' title='bbox 443 377 675 427; x_wconf 76' lang='lat' dir='ltr'>Hieronymi</span> <span class='ocrx_word' id='word_1_16' title='bbox 711 376 835 413; x_wconf 86' lang='lat' dir='ltr'>discas</span> <span class='ocrx_word' id='word_1_17' title='bbox 873 374 922 411; x_wconf 89' lang='lat' dir='ltr'>ad</span> <span class='ocrx_word' id='word_1_18' title='bbox 963 374 1078 410; x_wconf 87' lang='lat' dir='ltr'>Num.</span> <span class='ocrx_word' id='word_1_19' title='bbox 1117 374 1224 413; x_wconf 76' lang='lat'>1002</span> <span class='ocrx_word' id='word_1_20' title='bbox 1253 385 1327 410; x_wconf 85' lang='lat' dir='ltr'>sec.</span> <span class='ocrx_word' id='word_1_21' title='bbox 1359 373 1496 423; x_wconf 83' lang='lat' dir='ltr'>Scalig.</span> <span class='ocrx_word' id='word_1_22' title='bbox 1532 375 1654 422; x_wconf 92' lang='lat'>1000,</span> 
     </span>
     <span class='ocr_line' id='line_1_4' title="bbox 145 427 1654 486; baseline -0.002 -15"><span class='ocrx_word' id='word_1_23' title='bbox 145 434 256 484; x_wconf 85' lang='lat' dir='ltr'>quod</span> <span class='ocrx_word' id='word_1_24' title='bbox 296 434 337 471; x_wconf 87' lang='lat' dir='ltr'>in</span> <span class='ocrx_word' id='word_1_25' title='bbox 373 435 458 486; x_wconf 88' lang='lat' dir='ltr'>ipsa</span> <span class='ocrx_word' id='word_1_26' title='bbox 490 434 710 472; x_wconf 84' lang='lat' dir='ltr'>Salomonis</span> <span class='ocrx_word' id='word_1_27' title='bbox 739 439 918 482; x_wconf 84' lang='lat' dir='ltr'>tempora</span> <span class='ocrx_word' id='word_1_28' title='bbox 950 427 1118 482; x_wconf 85' lang='lat' dir='ltr'>incidit..)</span> <span class='ocrx_word' id='word_1_29' title='bbox 1186 430 1365 467; x_wconf 67' lang='lat' dir='ltr'>Tandem</span> <span class='ocrx_word' id='word_1_30' title='bbox 1395 431 1498 468; x_wconf 83' lang='lat' dir='ltr'>CXC</span> <span class='ocrx_word' id='word_1_31' title='bbox 1529 445 1654 468; x_wconf 88' lang='lat' dir='ltr'>annos</span> 
     </span>
     <span class='ocr_line' id='line_1_5' title="bbox 143 487 1654 540; baseline -0.002 -11"><span class='ocrx_word' id='word_1_32' title='bbox 143 491 214 529; x_wconf 81' lang='lat' dir='ltr'>ubi</span> <span class='ocrx_word' id='word_1_33' title='bbox 246 491 519 540; x_wconf 85' lang='lat' dir='ltr'>descenderis,</span> <span class='ocrx_word' id='word_1_34' title='bbox 558 493 668 528; x_wconf 76' lang='lat' dir='ltr'>terlio</span> <span class='ocrx_word' id='word_1_35' title='bbox 705 490 792 527; x_wconf 84' lang='lat' dir='ltr'>loco</span> <span class='ocrx_word' id='word_1_36' title='bbox 820 488 1067 539; x_wconf 72' lang='lat' dir='ltr'>Carthaginis</span> <span class='ocrx_word' id='word_1_37' title='bbox 1096 487 1279 524; x_wconf 78' lang='lat' dir='ltr'>conditae</span> <span class='ocrx_word' id='word_1_38' title='bbox 1310 490 1542 527; x_wconf 82' lang='lat' dir='ltr'>memoriam</span> <span class='ocrx_word' id='word_1_39' title='bbox 1566 488 1654 526; x_wconf 88' lang='lat' dir='ltr'>fieri</span> 
     </span>
     <span class='ocr_line' id='line_1_6' title="bbox 144 544 1653 601; baseline -0.003 -14"><span class='ocrx_word' id='word_1_40' title='bbox 144 548 317 587; x_wconf 80' lang='lat' dir='ltr'>videasa</span> <span class='ocrx_word' id='word_1_41' title='bbox 342 549 507 601; x_wconf 89' lang='lat' dir='ltr'>Iosepho</span> <span class='ocrx_word' id='word_1_42' title='bbox 529 549 570 586; x_wconf 88' lang='lat' dir='ltr'>in</span> <span class='ocrx_word' id='word_1_43' title='bbox 596 548 736 599; x_wconf 87' lang='lat' dir='ltr'>Apion.</span> <span class='ocrx_word' id='word_1_44' title='bbox 758 548 823 584; x_wconf 87' lang='lat' dir='ltr'>lib.</span> <span class='ocrx_word' id='word_1_45' title='bbox 846 547 873 594; x_wconf 89' lang='grc' dir='ltr'>Ι,</span> <span class='ocrx_word' id='word_1_46' title='bbox 900 548 963 593; x_wconf 82' lang='grc'>18,</span> <span class='ocrx_word' id='word_1_47' title='bbox 994 560 1032 597; x_wconf 89' lang='lat' dir='ltr'>p.</span> <span class='ocrx_word' id='word_1_48' title='bbox 1069 544 1190 593; x_wconf 80' lang='grc'><strong>1042,</strong></span> <span class='ocrx_word' id='word_1_49' title='bbox 1224 552 1263 584; x_wconf 78' lang='lat' dir='ltr'>et</span> <span class='ocrx_word' id='word_1_50' title='bbox 1294 560 1343 583; x_wconf 82' lang='lat' dir='ltr'>ex</span> <span class='ocrx_word' id='word_1_51' title='bbox 1374 559 1419 584; x_wconf 90' lang='lat' dir='ltr'>eo</span> <span class='ocrx_word' id='word_1_52' title='bbox 1452 561 1513 598; x_wconf 87' lang='lat' dir='ltr'>ap.</span> <span class='ocrx_word' id='word_1_53' title='bbox 1545 547 1653 597; x_wconf 84' lang='lat' dir='ltr'>Syn—</span> 
     </span>
     <span class='ocr_line' id='line_1_7' title="bbox 144 602 1653 658; baseline -0.001 -16"><span class='ocrx_word' id='word_1_54' title='bbox 144 607 228 643; x_wconf 87' lang='lat' dir='ltr'>cell.</span> <span class='ocrx_word' id='word_1_55' title='bbox 250 620 288 658; x_wconf 89' lang='lat' dir='ltr'>p.</span> <span class='ocrx_word' id='word_1_56' title='bbox 313 609 412 656; x_wconf 83' lang='grc'><strong>182,</strong></span> <span class='ocrx_word' id='word_1_57' title='bbox 442 613 534 658; x_wconf 86' lang='lat' dir='ltr'>post</span> <span class='ocrx_word' id='word_1_58' title='bbox 561 606 780 643; x_wconf 87' lang='lat' dir='ltr'>Salomonis</span> <span class='ocrx_word' id='word_1_59' title='bbox 805 604 999 656; x_wconf 85' lang='lat' dir='ltr'>templum</span> <span class='ocrx_word' id='word_1_60' title='bbox 1031 602 1240 641; x_wconf 85' lang='lat' dir='ltr'>conditum</span> <span class='ocrx_word' id='word_1_61' title='bbox 1267 617 1371 642; x_wconf 84' lang='lat' dir='ltr'>anno</span> <span class='ocrx_word' id='word_1_62' title='bbox 1404 604 1653 642; x_wconf 84' lang='lat' dir='ltr'>CXXXXIII</span> 
     </span>
     <span class='ocr_line' id='line_1_8' title="bbox 143 661 1652 714; baseline -0.002 -12"><span class='ocrx_word' id='word_1_63' title='bbox 143 676 275 702; x_wconf 86' lang='lat' dir='ltr'>mense</span> <span class='ocrx_word' id='word_1_64' title='bbox 298 669 457 713; x_wconf 72' lang='lat' dir='ltr'>octavo,</span> <span class='ocrx_word' id='word_1_65' title='bbox 486 663 552 714; x_wconf 90' lang='lat' dir='ltr'>qui</span> <span class='ocrx_word' id='word_1_66' title='bbox 573 670 632 700; x_wconf 87' lang='lat' dir='ltr'>est</span> <span class='ocrx_word' id='word_1_67' title='bbox 656 668 746 699; x_wconf 90' lang='lat' dir='ltr'>ante</span> <span class='ocrx_word' id='word_1_68' title='bbox 770 663 810 702; x_wconf 88' lang='lat' dir='ltr'>C.</span> <span class='ocrx_word' id='word_1_69' title='bbox 841 663 886 700; x_wconf 91' lang='lat' dir='ltr'>N.</span> <span class='ocrx_word' id='word_1_70' title='bbox 918 665 1025 710; x_wconf 64' lang='lat'>861,</span> <span class='ocrx_word' id='word_1_71' title='bbox 1057 675 1078 698; x_wconf 85' lang='lat' dir='ltr'>a</span> <span class='ocrx_word' id='word_1_72' title='bbox 1114 661 1235 698; x_wconf 78' lang='lat' dir='ltr'>Troia</span> <span class='ocrx_word' id='word_1_73' title='bbox 1262 668 1378 713; x_wconf 82' lang='lat' dir='ltr'>capta</span> <span class='ocrx_word' id='word_1_74' title='bbox 1410 662 1652 710; x_wconf 87' lang='lat' dir='ltr'>CCCXXIII,</span> 
     </span>
     <span class='ocr_line' id='line_1_9' title="bbox 144 718 1650 771; baseline -0.001 -13"><span class='ocrx_word' id='word_1_75' title='bbox 144 727 235 758; x_wconf 83' lang='lat' dir='ltr'>ante</span> <span class='ocrx_word' id='word_1_76' title='bbox 263 722 307 759; x_wconf 89' lang='lat' dir='ltr'>U.</span> <span class='ocrx_word' id='word_1_77' title='bbox 337 722 376 760; x_wconf 91' lang='lat' dir='ltr'>C.</span> <span class='ocrx_word' id='word_1_78' title='bbox 415 724 493 762; x_wconf 86' lang='lat'>108</span> <span class='ocrx_word' id='word_1_79' title='bbox 521 721 634 759; x_wconf 82' lang='lat' dir='ltr'>Varr.</span> <span class='ocrx_word' id='word_1_80' title='bbox 694 721 745 757; x_wconf 83' lang='lat' dir='ltr'>Et</span> <span class='ocrx_word' id='word_1_81' title='bbox 786 719 836 757; x_wconf 87' lang='lat' dir='ltr'>ad</span> <span class='ocrx_word' id='word_1_82' title='bbox 862 719 933 757; x_wconf 89' lang='lat' dir='ltr'>has</span> <span class='ocrx_word' id='word_1_83' title='bbox 976 720 1056 757; x_wconf 89' lang='lat' dir='ltr'>sere</span> <span class='ocrx_word' id='word_1_84' title='bbox 1095 718 1266 771; x_wconf 83' lang='lat' dir='ltr'>epochas</span> <span class='ocrx_word' id='word_1_85' title='bbox 1309 719 1496 758; x_wconf 81' lang='lat' dir='ltr'>alludunt</span> <span class='ocrx_word' id='word_1_86' title='bbox 1530 720 1650 757; x_wconf 85' lang='lat' dir='ltr'>ceteri</span> 
     </span>
     <span class='ocr_line' id='line_1_10' title="bbox 144 777 1651 829; baseline -0.001 -13"><span class='ocrx_word' id='word_1_87' title='bbox 144 779 319 827; x_wconf 82' lang='lat' dir='ltr'>numeri,</span> <span class='ocrx_word' id='word_1_88' title='bbox 363 779 428 828; x_wconf 85' lang='lat' dir='ltr'>qui</span> <span class='ocrx_word' id='word_1_89' title='bbox 459 778 602 829; x_wconf 86' lang='lat' dir='ltr'>passim</span> <span class='ocrx_word' id='word_1_90' title='bbox 629 777 737 829; x_wconf 88' lang='lat' dir='ltr'>apud</span> <span class='ocrx_word' id='word_1_91' title='bbox 770 778 866 814; x_wconf 88' lang='lat' dir='ltr'>alios</span> <span class='ocrx_word' id='word_1_92' title='bbox 896 777 1105 828; x_wconf 86' lang='lat' dir='ltr'>leguntur,</span> <span class='ocrx_word' id='word_1_93' title='bbox 1151 777 1214 815; x_wconf 91' lang='lat' dir='ltr'>vel</span> <span class='ocrx_word' id='word_1_94' title='bbox 1253 790 1302 814; x_wconf 85' lang='lat' dir='ltr'>ex</span> <span class='ocrx_word' id='word_1_95' title='bbox 1335 778 1472 826; x_wconf 88' lang='lat' dir='ltr'>annis,</span> <span class='ocrx_word' id='word_1_96' title='bbox 1506 778 1651 827; x_wconf 88' lang='lat' dir='ltr'>quibus</span> 
     </span>
     <span class='ocr_line' id='line_1_11' title="bbox 143 834 1651 887; baseline -0.001 -14"><span class='ocrx_word' id='word_1_97' title='bbox 143 836 339 887; x_wconf 83' lang='lat' dir='ltr'>Carthago</span> <span class='ocrx_word' id='word_1_98' title='bbox 373 837 522 873; x_wconf 77' lang='lat' dir='ltr'>stetisse</span> <span class='ocrx_word' id='word_1_99' title='bbox 554 835 721 882; x_wconf 78' lang='lat' dir='ltr'>dicitur,</span> <span class='ocrx_word' id='word_1_100' title='bbox 758 836 984 873; x_wconf 89' lang='lat' dir='ltr'>eliciuntur.</span> <span class='ocrx_word' id='word_1_101' title='bbox 1046 836 1130 873; x_wconf 67' lang='lat' dir='ltr'>Ioco</span> <span class='ocrx_word' id='word_1_102' title='bbox 1173 836 1265 872; x_wconf 89' lang='lat' dir='ltr'>anni</span> <span class='ocrx_word' id='word_1_103' title='bbox 1295 836 1413 886; x_wconf 84' lang='lat' dir='ltr'>vulgo</span> <span class='ocrx_word' id='word_1_104' title='bbox 1443 834 1518 872; x_wconf 88' lang='lat' dir='ltr'>hac</span> <span class='ocrx_word' id='word_1_105' title='bbox 1543 835 1585 872; x_wconf 87' lang='lat' dir='ltr'>in</span> <span class='ocrx_word' id='word_1_106' title='bbox 1608 848 1651 873; x_wconf 89' lang='lat' dir='ltr'>re</span> 
     </span>
     <span class='ocr_line' id='line_1_12' title="bbox 142 893 1651 945; baseline -0.001 -14"><span class='ocrx_word' id='word_1_107' title='bbox 142 894 350 931; x_wconf 82' lang='lat' dir='ltr'>memorati</span> <span class='ocrx_word' id='word_1_108' title='bbox 376 900 488 931; x_wconf 87' lang='lat' dir='ltr'>sunt:</span> <span class='ocrx_word' id='word_1_109' title='bbox 528 894 598 930; x_wconf 85' lang='lat' dir='ltr'>sed</span> <span class='ocrx_word' id='word_1_110' title='bbox 629 893 800 931; x_wconf 82' lang='lat' dir='ltr'>termino</span> <span class='ocrx_word' id='word_1_111' title='bbox 833 908 853 930; x_wconf 88' lang='lat' dir='ltr'>a</span> <span class='ocrx_word' id='word_1_112' title='bbox 878 908 957 944; x_wconf 86' lang='lat' dir='ltr'>quo</span> <span class='ocrx_word' id='word_1_113' title='bbox 994 900 1034 931; x_wconf 90' lang='lat' dir='ltr'>et</span> <span class='ocrx_word' id='word_1_114' title='bbox 1065 893 1116 930; x_wconf 87' lang='lat' dir='ltr'>ad</span> <span class='ocrx_word' id='word_1_115' title='bbox 1143 905 1260 944; x_wconf 79' lang='lat' dir='ltr'>quein</span> <span class='ocrx_word' id='word_1_116' title='bbox 1290 893 1346 930; x_wconf 87' lang='lat' dir='ltr'>illi</span> <span class='ocrx_word' id='word_1_117' title='bbox 1376 893 1651 945; x_wconf 83' lang='lat' dir='ltr'>pertingerent</span> 
     </span>
     <span class='ocr_line' id='line_1_13' title="bbox 141 951 1651 1002; baseline 0.001 -15"><span class='ocrx_word' id='word_1_118' title='bbox 141 965 282 1002; x_wconf 83' lang='lat' dir='ltr'>parum</span> <span class='ocrx_word' id='word_1_119' title='bbox 311 958 463 990; x_wconf 71' lang='lat' dir='ltr'>exacto.</span> <span class='ocrx_word' id='word_1_120' title='bbox 524 951 740 989; x_wconf 73' lang='lat' dir='ltr'><strong>Auctorem</strong></span> <span class='ocrx_word' id='word_1_121' title='bbox 775 952 868 989; x_wconf 85' lang='lat' dir='ltr'>satis</span> <span class='ocrx_word' id='word_1_122' title='bbox 904 952 1131 1002; x_wconf 70' lang='lat' dir='ltr'>diligentem</span> <span class='ocrx_word' id='word_1_123' title='bbox 1164 952 1368 1002; x_wconf 87' lang='lat' dir='ltr'>Appianus</span> <span class='ocrx_word' id='word_1_124' title='bbox 1394 957 1484 989; x_wconf 85' lang='lat' dir='ltr'>ante</span> <span class='ocrx_word' id='word_1_125' title='bbox 1515 951 1651 988; x_wconf 88' lang='lat' dir='ltr'>oculos</span> 
     </span>
     <span class='ocr_line' id='line_1_14' title="bbox 140 1005 1650 1060; baseline 0.002 -15"><span class='ocrx_word' id='word_1_126' title='bbox 140 1008 330 1057; x_wconf 84' lang='lat' dir='ltr'>habebat,</span> <span class='ocrx_word' id='word_1_127' title='bbox 365 1023 454 1047; x_wconf 86' lang='lat' dir='ltr'>cum</span> <span class='ocrx_word' id='word_1_128' title='bbox 475 1009 727 1057; x_wconf 76' lang='grc' dir='ltr'><em>ἑπτακοσίοις</em></span> <span class='ocrx_word' id='word_1_129' title='bbox 762 1005 802 1050; x_wconf 74' lang='grc' dir='ltr'>δ’</span> <span class='ocrx_word' id='word_1_130' title='bbox 835 1007 984 1057; x_wconf 72' lang='grc' dir='ltr'><em>αὐτούς</em></span> <span class='ocrx_word' id='word_1_131' title='bbox 1016 1010 1142 1050; x_wconf 74' lang='grc' dir='ltr'><em>ἔπεσιν</em></span> <span class='ocrx_word' id='word_1_132' title='bbox 1171 1006 1250 1049; x_wconf 60' lang='lat' dir='ltr'>cino</span> <span class='ocrx_word' id='word_1_133' title='bbox 1279 1011 1354 1049; x_wconf 76' lang='grc' dir='ltr'>τοῦ</span> <span class='ocrx_word' id='word_1_134' title='bbox 1384 1011 1650 1060; x_wconf 81' lang='grc' dir='ltr'><em>συνοικισμοῦ</em></span> 
     </span>
     <span class='ocr_line' id='line_1_15' title="bbox 137 1064 1649 1117; baseline -0.001 -13"><span class='ocrx_word' id='word_1_135' title='bbox 137 1066 318 1116; x_wconf 76' lang='grc' dir='ltr'><em>Ῥωμαῖοι</em></span> <span class='ocrx_word' id='word_1_136' title='bbox 339 1069 526 1107; x_wconf 71' lang='grc' dir='ltr'><strong><em>Σικελίαν</em></strong></span> <span class='ocrx_word' id='word_1_137' title='bbox 556 1064 785 1117; x_wconf 75' lang='grc' dir='ltr'>α’φείλοντο.</span> <span class='ocrx_word' id='word_1_138' title='bbox 851 1068 1019 1105; x_wconf 80' lang='lat' dir='ltr'>Factum</span> <span class='ocrx_word' id='word_1_139' title='bbox 1045 1067 1123 1105; x_wconf 89' lang='lat' dir='ltr'>hoc</span> <span class='ocrx_word' id='word_1_140' title='bbox 1153 1074 1245 1105; x_wconf 86' lang='lat' dir='ltr'>ante</span> <span class='ocrx_word' id='word_1_141' title='bbox 1277 1067 1317 1104; x_wconf 90' lang='lat' dir='ltr'>C.</span> <span class='ocrx_word' id='word_1_142' title='bbox 1353 1067 1399 1105; x_wconf 90' lang='lat' dir='ltr'>N.</span> <span class='ocrx_word' id='word_1_143' title='bbox 1432 1069 1527 1116; x_wconf 78' lang='lat'>242,</span> <span class='ocrx_word' id='word_1_144' title='bbox 1558 1067 1649 1117; x_wconf 83' lang='lat' dir='ltr'>qui-</span> 
     </span>
     <span class='ocr_line' id='line_1_16' title="bbox 142 1124 1647 1174; baseline 0.001 -14"><span class='ocrx_word' id='word_1_145' title='bbox 142 1124 211 1161; x_wconf 85' lang='lat' dir='ltr'>bus</span> <span class='ocrx_word' id='word_1_146' title='bbox 234 1125 264 1160; x_wconf 91' lang='lat' dir='ltr'>si</span> <span class='ocrx_word' id='word_1_147' title='bbox 285 1138 408 1161; x_wconf 81' lang='lat' dir='ltr'>anuos</span> <span class='ocrx_word' id='word_1_148' title='bbox 428 1128 510 1166; x_wconf 88' lang='grc'>700</span> <span class='ocrx_word' id='word_1_149' title='bbox 532 1125 756 1172; x_wconf 75' lang='lat' dir='ltr'>addideris,</span> <span class='ocrx_word' id='word_1_150' title='bbox 788 1126 911 1163; x_wconf 82' lang='lat' dir='ltr'>habes</span> <span class='ocrx_word' id='word_1_151' title='bbox 933 1139 1058 1164; x_wconf 86' lang='lat' dir='ltr'>annos</span> <span class='ocrx_word' id='word_1_152' title='bbox 1088 1124 1192 1174; x_wconf 78' lang='lat'>942,</span> <span class='ocrx_word' id='word_1_153' title='bbox 1224 1125 1288 1174; x_wconf 86' lang='lat' dir='ltr'>qui</span> <span class='ocrx_word' id='word_1_154' title='bbox 1318 1139 1337 1162; x_wconf 84' lang='lat' dir='ltr'>a</span> <span class='ocrx_word' id='word_1_155' title='bbox 1368 1125 1509 1162; x_wconf 81' lang='lat' dir='ltr'>Troiae</span> <span class='ocrx_word' id='word_1_156' title='bbox 1537 1125 1647 1162; x_wconf 70' lang='lat' dir='ltr'>exci—</span> 
     </span>
     <span class='ocr_line' id='line_1_17' title="bbox 140 1181 1647 1235; baseline 0.001 -17"><span class='ocrx_word' id='word_1_157' title='bbox 140 1182 205 1218; x_wconf 83' lang='lat' dir='ltr'>dio</span> <span class='ocrx_word' id='word_1_158' title='bbox 238 1181 320 1223; x_wconf 77' lang='grc'>242</span> <span class='ocrx_word' id='word_1_159' title='bbox 354 1184 467 1220; x_wconf 84' lang='lat' dir='ltr'>annis</span> <span class='ocrx_word' id='word_1_160' title='bbox 496 1184 659 1233; x_wconf 79' lang='lat' dir='ltr'>absunt,</span> <span class='ocrx_word' id='word_1_161' title='bbox 701 1183 879 1235; x_wconf 78' lang='lat' dir='ltr'>adeoque</span> <span class='ocrx_word' id='word_1_162' title='bbox 906 1184 957 1221; x_wconf 83' lang='lat' dir='ltr'>ad</span> <span class='ocrx_word' id='word_1_163' title='bbox 990 1183 1161 1222; x_wconf 86' lang='lat' dir='ltr'>mediam</span> <span class='ocrx_word' id='word_1_164' title='bbox 1193 1184 1273 1220; x_wconf 84' lang='lat' dir='ltr'>sere</span> <span class='ocrx_word' id='word_1_165' title='bbox 1304 1182 1497 1234; x_wconf 86' lang='lat' dir='ltr'>epocham</span> <span class='ocrx_word' id='word_1_166' title='bbox 1528 1196 1647 1233; x_wconf 86' lang='lat' dir='ltr'>supra</span> 
     </span>
     <span class='ocr_line' id='line_1_18' title="bbox 137 1241 1647 1293; baseline 0.004 -18"><span class='ocrx_word' id='word_1_167' title='bbox 137 1247 395 1278; x_wconf 70' lang='lat' dir='ltr'>memoratam</span> <span class='ocrx_word' id='word_1_168' title='bbox 419 1248 640 1290; x_wconf 72' lang='lat' dir='ltr'>assurgunt.</span> <span class='ocrx_word' id='word_1_169' title='bbox 697 1241 750 1279; x_wconf 87' lang='lat' dir='ltr'>At</span> <span class='ocrx_word' id='word_1_170' title='bbox 787 1257 879 1280; x_wconf 81' lang='grc' dir='ltr'><strong>111οΧ</strong></span> <span class='ocrx_word' id='word_1_171' title='bbox 909 1242 971 1279; x_wconf 86' lang='lat' dir='ltr'>alii</span> <span class='ocrx_word' id='word_1_172' title='bbox 1000 1255 1142 1293; x_wconf 88' lang='lat' dir='ltr'>parum</span> <span class='ocrx_word' id='word_1_173' title='bbox 1172 1241 1381 1291; x_wconf 76' lang='lat' dir='ltr'>diligenter</span> <span class='ocrx_word' id='word_1_174' title='bbox 1411 1254 1536 1278; x_wconf 87' lang='lat' dir='ltr'>annos</span> <span class='ocrx_word' id='word_1_175' title='bbox 1565 1243 1647 1281; x_wconf 87' lang='lat'>700</span> 
     </span>
     <span class='ocr_line' id='line_1_19' title="bbox 138 1297 1647 1351; baseline 0 -17"><span class='ocrx_word' id='word_1_176' title='bbox 138 1297 188 1334; x_wconf 83' lang='lat' dir='ltr'>ad</span> <span class='ocrx_word' id='word_1_177' title='bbox 207 1298 405 1336; x_wconf 71' lang='lat' dir='ltr'>excidium</span> <span class='ocrx_word' id='word_1_178' title='bbox 429 1299 675 1350; x_wconf 79' lang='lat' dir='ltr'>Carthaginis</span> <span class='ocrx_word' id='word_1_179' title='bbox 697 1300 923 1349; x_wconf 81' lang='lat' dir='ltr'>deduxere,</span> <span class='ocrx_word' id='word_1_180' title='bbox 959 1307 1003 1337; x_wconf 88' lang='lat' dir='ltr'>ut</span> <span class='ocrx_word' id='word_1_181' title='bbox 1030 1300 1071 1337; x_wconf 87' lang='grc'>111</span> <span class='ocrx_word' id='word_1_182' title='bbox 1104 1300 1287 1351; x_wconf 87' lang='lat' dir='ltr'>Epitome</span> <span class='ocrx_word' id='word_1_183' title='bbox 1316 1299 1415 1336; x_wconf 88' lang='lat' dir='ltr'>Livii</span> <span class='ocrx_word' id='word_1_184' title='bbox 1441 1299 1488 1335; x_wconf 95' lang='lat' dir='ltr'>LI</span> <span class='ocrx_word' id='word_1_185' title='bbox 1520 1297 1647 1335; x_wconf 89' lang='lat' dir='ltr'>habe-</span> 
     </span>
     <span class='ocr_line' id='line_1_20' title="bbox 136 1356 1646 1410; baseline 0.003 -19"><span class='ocrx_word' id='word_1_186' title='bbox 136 1361 226 1392; x_wconf 86' lang='lat' dir='ltr'>tur:</span> <span class='ocrx_word' id='word_1_187' title='bbox 259 1357 321 1394; x_wconf 86' lang='lat' dir='ltr'>cui</span> <span class='ocrx_word' id='word_1_188' title='bbox 342 1357 608 1408; x_wconf 81' lang='lat' dir='ltr'>indiligentiae</span> <span class='ocrx_word' id='word_1_189' title='bbox 630 1358 761 1395; x_wconf 88' lang='grc'><strong>1000111</strong></span> <span class='ocrx_word' id='word_1_190' title='bbox 782 1359 917 1396; x_wconf 87' lang='lat' dir='ltr'>fecisse</span> <span class='ocrx_word' id='word_1_191' title='bbox 935 1358 1161 1410; x_wconf 86' lang='lat' dir='ltr'>putandum</span> <span class='ocrx_word' id='word_1_192' title='bbox 1187 1356 1283 1407; x_wconf 89' lang='lat' dir='ltr'>hoc,</span> <span class='ocrx_word' id='word_1_193' title='bbox 1323 1356 1432 1407; x_wconf 83' lang='lat' dir='ltr'>quod</span> <span class='ocrx_word' id='word_1_194' title='bbox 1459 1370 1536 1407; x_wconf 75' lang='lat' dir='ltr'>per</span> <span class='ocrx_word' id='word_1_195' title='bbox 1563 1358 1646 1398; x_wconf 87' lang='lat'>700</span> 
     </span>
     <span class='ocr_line' id='line_1_21' title="bbox 136 1414 1646 1467; baseline 0.002 -19"><span class='ocrx_word' id='word_1_196' title='bbox 136 1427 262 1450; x_wconf 67' lang='lat' dir='ltr'>(mnos-</span> <span class='ocrx_word' id='word_1_197' title='bbox 302 1415 491 1464; x_wconf 69' lang='lat' dir='ltr'>ssorlcc&#39;sse</span> <span class='ocrx_word' id='word_1_198' title='bbox 537 1416 743 1466; x_wconf 73' lang='lat' dir='ltr'>Carllzago</span> <span class='ocrx_word' id='word_1_199' title='bbox 786 1417 905 1467; x_wconf 73' lang='lat' dir='ltr'>vulgo</span> <span class='ocrx_word' id='word_1_200' title='bbox 942 1416 1169 1454; x_wconf 80' lang='lat' dir='ltr'>ferebatur:</span> <span class='ocrx_word' id='word_1_201' title='bbox 1206 1422 1254 1453; x_wconf 85' lang='lat' dir='ltr'>ut</span> <span class='ocrx_word' id='word_1_202' title='bbox 1280 1416 1321 1453; x_wconf 89' lang='grc'>111</span> <span class='ocrx_word' id='word_1_203' title='bbox 1351 1414 1446 1452; x_wconf 86' lang='lat' dir='ltr'>locis</span> <span class='ocrx_word' id='word_1_204' title='bbox 1477 1414 1646 1465; x_wconf 86' lang='lat' dir='ltr'>Appiani</span> 
     </span>
     <span class='ocr_line' id='line_1_22' title="bbox 135 1470 1645 1525; baseline 0.001 -19"><span class='ocrx_word' id='word_1_205' title='bbox 135 1470 306 1509; x_wconf 79' lang='lat' dir='ltr'>habetur</span> <span class='ocrx_word' id='word_1_206' title='bbox 330 1473 427 1510; x_wconf 90' lang='lat' dir='ltr'>Pun.</span> <span class='ocrx_word' id='word_1_207' title='bbox 451 1487 489 1524; x_wconf 87' lang='lat' dir='ltr'>p.</span> <span class='ocrx_word' id='word_1_208' title='bbox 511 1476 606 1521; x_wconf 83' lang='lat'>366,</span> <span class='ocrx_word' id='word_1_209' title='bbox 629 1474 683 1515; x_wconf 86' lang='lat'>55</span> <span class='ocrx_word' id='word_1_210' title='bbox 707 1481 746 1511; x_wconf 84' lang='lat' dir='ltr'>et</span> <span class='ocrx_word' id='word_1_211' title='bbox 767 1473 862 1519; x_wconf 79' lang='lat'>493,</span> <span class='ocrx_word' id='word_1_212' title='bbox 885 1475 951 1515; x_wconf 81' lang='lat'>35.</span> <span class='ocrx_word' id='word_1_213' title='bbox 1010 1475 1070 1511; x_wconf 88' lang='lat' dir='ltr'>Ita</span> <span class='ocrx_word' id='word_1_214' title='bbox 1095 1474 1199 1511; x_wconf 80' lang='lat' dir='ltr'>enim</span> <span class='ocrx_word' id='word_1_215' title='bbox 1227 1473 1363 1525; x_wconf 83' lang='lat' dir='ltr'>paucis</span> <span class='ocrx_word' id='word_1_216' title='bbox 1397 1471 1496 1509; x_wconf 86' lang='lat' dir='ltr'>haec</span> <span class='ocrx_word' id='word_1_217' title='bbox 1521 1484 1645 1522; x_wconf 79' lang='lat' dir='ltr'>expe—</span> 
     </span>
     <span class='ocr_line' id='line_1_23' title="bbox 136 1528 1646 1583; baseline 0.001 -18"><span class='ocrx_word' id='word_1_218' title='bbox 136 1528 231 1567; x_wconf 86' lang='lat' dir='ltr'>dias.</span> <span class='ocrx_word' id='word_1_219' title='bbox 290 1530 476 1569; x_wconf 78' lang='lat' dir='ltr'>Pluribus</span> <span class='ocrx_word' id='word_1_220' title='bbox 497 1531 613 1568; x_wconf 85' lang='grc'><strong>3113111</strong></span> <span class='ocrx_word' id='word_1_221' title='bbox 635 1532 832 1570; x_wconf 86' lang='lat' dir='ltr'>rationem</span> <span class='ocrx_word' id='word_1_222' title='bbox 850 1532 905 1569; x_wconf 92' lang='lat' dir='ltr'>ibi</span> <span class='ocrx_word' id='word_1_223' title='bbox 924 1532 1110 1583; x_wconf 77' lang='lat' dir='ltr'>exposuit</span> <span class='ocrx_word' id='word_1_224' title='bbox 1134 1532 1264 1569; x_wconf 76' lang='lat' dir='ltr'>editor</span> <span class='ocrx_word' id='word_1_225' title='bbox 1291 1531 1471 1578; x_wconf 60' lang='lat' dir='ltr'>doctiss„</span> <span class='ocrx_word' id='word_1_226' title='bbox 1503 1543 1646 1568; x_wconf 83' lang='lat' dir='ltr'>verum</span> 
     </span>
     <span class='ocr_line' id='line_1_24' title="bbox 135 1587 1644 1641; baseline 0.001 -19"><span class='ocrx_word' id='word_1_227' title='bbox 135 1599 200 1633; x_wconf 83' lang='lat' dir='ltr'>ea,</span> <span class='ocrx_word' id='word_1_228' title='bbox 235 1601 334 1637; x_wconf 85' lang='lat' dir='ltr'>quae</span> <span class='ocrx_word' id='word_1_229' title='bbox 356 1603 475 1640; x_wconf 79' lang='lat' dir='ltr'>super</span> <span class='ocrx_word' id='word_1_230' title='bbox 495 1589 743 1641; x_wconf 71' lang='lat' dir='ltr'>Carthaginis</span> <span class='ocrx_word' id='word_1_231' title='bbox 771 1590 988 1640; x_wconf 72' lang='lat' dir='ltr'>originibus</span> <span class='ocrx_word' id='word_1_232' title='bbox 1016 1590 1121 1627; x_wconf 86' lang='lat' dir='ltr'>dicta</span> <span class='ocrx_word' id='word_1_233' title='bbox 1161 1596 1255 1627; x_wconf 82' lang='lat' dir='ltr'>sunt</span> <span class='ocrx_word' id='word_1_234' title='bbox 1276 1619 1285 1636; x_wconf 87' lang='lat'>,</span> <span class='ocrx_word' id='word_1_235' title='bbox 1325 1588 1520 1639; x_wconf 76' lang='lat' dir='ltr'>sigillatim</span> <span class='ocrx_word' id='word_1_236' title='bbox 1548 1587 1587 1625; x_wconf 90' lang='lat' dir='ltr'>h.</span> <span class='ocrx_word' id='word_1_237' title='bbox 1619 1587 1644 1625; x_wconf 92' lang='grc'>1.</span> 
     </span>
     <span class='ocr_line' id='line_1_25' title="bbox 134 1645 1644 1694; baseline 0.001 -14"><span class='ocrx_word' id='word_1_238' title='bbox 134 1653 313 1694; x_wconf 87' lang='lat' dir='ltr'>repetere</span> <span class='ocrx_word' id='word_1_239' title='bbox 330 1648 393 1685; x_wconf 85' lang='lat' dir='ltr'>vel</span> <span class='ocrx_word' id='word_1_240' title='bbox 413 1654 624 1693; x_wconf 78' lang='lat' dir='ltr'>excutere,</span> <span class='ocrx_word' id='word_1_241' title='bbox 664 1662 684 1684; x_wconf 90' lang='lat' dir='ltr'>a</span> <span class='ocrx_word' id='word_1_242' title='bbox 716 1648 879 1685; x_wconf 83' lang='lat' dir='ltr'>consilio</span> <span class='ocrx_word' id='word_1_243' title='bbox 911 1648 1082 1686; x_wconf 86' lang='lat' dir='ltr'>alienum</span> <span class='ocrx_word' id='word_1_244' title='bbox 1115 1653 1182 1685; x_wconf 87' lang='lat' dir='ltr'>est.</span> <span class='ocrx_word' id='word_1_245' title='bbox 1246 1646 1333 1685; x_wconf 90' lang='lat' dir='ltr'>Vid.</span> <span class='ocrx_word' id='word_1_246' title='bbox 1366 1646 1475 1683; x_wconf 83' lang='lat' dir='ltr'>viros</span> <span class='ocrx_word' id='word_1_247' title='bbox 1504 1645 1644 1682; x_wconf 87' lang='lat' dir='ltr'>doctos</span> 
     </span>
     <span class='ocr_line' id='line_1_26' title="bbox 136 1702 1642 1757; baseline 0.002 -19"><span class='ocrx_word' id='word_1_248' title='bbox 136 1702 314 1753; x_wconf 84' lang='lat' dir='ltr'>inprimis</span> <span class='ocrx_word' id='word_1_249' title='bbox 341 1706 477 1756; x_wconf 80' lang='lat' dir='ltr'>Scalig.</span> <span class='ocrx_word' id='word_1_250' title='bbox 511 1705 560 1742; x_wconf 85' lang='lat' dir='ltr'>ad</span> <span class='ocrx_word' id='word_1_251' title='bbox 591 1705 731 1743; x_wconf 87' lang='lat' dir='ltr'>Euseb.</span> <span class='ocrx_word' id='word_1_252' title='bbox 763 1712 803 1743; x_wconf 85' lang='lat' dir='ltr'>et</span> <span class='ocrx_word' id='word_1_253' title='bbox 833 1706 872 1743; x_wconf 90' lang='lat' dir='ltr'>in</span> <span class='ocrx_word' id='word_1_254' title='bbox 901 1704 1001 1757; x_wconf 88' lang='lat' dir='ltr'>App.</span> <span class='ocrx_word' id='word_1_255' title='bbox 1036 1706 1084 1743; x_wconf 88' lang='lat' dir='ltr'>de</span> <span class='ocrx_word' id='word_1_256' title='bbox 1113 1705 1279 1743; x_wconf 85' lang='lat' dir='ltr'>Emend.</span> <span class='ocrx_word' id='word_1_257' title='bbox 1311 1705 1473 1755; x_wconf 86' lang='lat' dir='ltr'>Tempp.</span> <span class='ocrx_word' id='word_1_258' title='bbox 1502 1716 1540 1754; x_wconf 84' lang='lat' dir='ltr'>p.</span> <span class='ocrx_word' id='word_1_259' title='bbox 1575 1705 1642 1744; x_wconf 85' lang='grc'>31.</span> 
     </span>
     <span class='ocr_line' id='line_1_27' title="bbox 134 1760 1642 1812; baseline 0.002 -17"><span class='ocrx_word' id='word_1_260' title='bbox 134 1760 285 1811; x_wconf 85' lang='lat' dir='ltr'>Ioseph.</span> <span class='ocrx_word' id='word_1_261' title='bbox 309 1762 333 1800; x_wconf 92' lang='grc'>1.</span> <span class='ocrx_word' id='word_1_262' title='bbox 354 1777 386 1803; x_wconf 77' lang='lat' dir='ltr'>c.</span> <span class='ocrx_word' id='word_1_263' title='bbox 408 1763 540 1804; x_wconf 82' lang='lat' dir='ltr'>Vellei,</span> <span class='ocrx_word' id='word_1_264' title='bbox 560 1764 588 1811; x_wconf 91' lang='lat' dir='ltr'>I,</span> <span class='ocrx_word' id='word_1_265' title='bbox 609 1767 646 1812; x_wconf 83' lang='lat'>6,</span> <span class='ocrx_word' id='word_1_266' title='bbox 670 1763 707 1803; x_wconf 81' lang='lat'>4.</span> <span class='ocrx_word' id='word_1_267' title='bbox 739 1763 876 1802; x_wconf 86' lang='lat' dir='ltr'>Iustin.</span> <span class='ocrx_word' id='word_1_268' title='bbox 892 1764 1034 1811; x_wconf 80' lang='lat' dir='ltr'>XVIII,</span> <span class='ocrx_word' id='word_1_269' title='bbox 1056 1763 1094 1804; x_wconf 77' lang='lat'>4.</span> <span class='ocrx_word' id='word_1_270' title='bbox 1117 1764 1277 1800; x_wconf 88' lang='lat' dir='ltr'>Salmas.</span> <span class='ocrx_word' id='word_1_271' title='bbox 1298 1762 1348 1798; x_wconf 90' lang='lat' dir='ltr'>ad</span> <span class='ocrx_word' id='word_1_272' title='bbox 1372 1761 1493 1798; x_wconf 81' lang='lat' dir='ltr'>Solin.</span> <span class='ocrx_word' id='word_1_273' title='bbox 1520 1774 1552 1798; x_wconf 92' lang='lat' dir='ltr'>c.</span> <span class='ocrx_word' id='word_1_274' title='bbox 1575 1763 1642 1811; x_wconf 81' lang='lat'>27,</span> 
     </span>
     <span class='ocr_line' id='line_1_28' title="bbox 134 1818 1643 1869; baseline -0.003 -10"><span class='ocrx_word' id='word_1_275' title='bbox 134 1831 171 1868; x_wconf 88' lang='lat' dir='ltr'>p-</span> <span class='ocrx_word' id='word_1_276' title='bbox 202 1820 298 1866; x_wconf 75' lang='lat'>228,</span> <span class='ocrx_word' id='word_1_277' title='bbox 327 1827 384 1869; x_wconf 94' lang='lat' dir='ltr'>et,</span> <span class='ocrx_word' id='word_1_278' title='bbox 425 1821 455 1858; x_wconf 87' lang='lat' dir='ltr'>si</span> <span class='ocrx_word' id='word_1_279' title='bbox 483 1820 535 1858; x_wconf 87' lang='lat' dir='ltr'>ad</span> <span class='ocrx_word' id='word_1_280' title='bbox 562 1835 723 1858; x_wconf 85' lang='lat' dir='ltr'>manum</span> <span class='ocrx_word' id='word_1_281' title='bbox 754 1827 835 1869; x_wconf 89' lang='lat' dir='ltr'>est,</span> <span class='ocrx_word' id='word_1_282' title='bbox 874 1823 939 1860; x_wconf 82' lang='lat' dir='ltr'>vel</span> <span class='ocrx_word' id='word_1_283' title='bbox 962 1822 1109 1859; x_wconf 81' lang='lat' dir='ltr'>Notata</span> <span class='ocrx_word' id='word_1_284' title='bbox 1137 1821 1187 1858; x_wconf 81' lang='lat' dir='ltr'>ad</span> <span class='ocrx_word' id='word_1_285' title='bbox 1214 1818 1434 1857; x_wconf 87' lang='lat' dir='ltr'>Guthrium</span> <span class='ocrx_word' id='word_1_286' title='bbox 1461 1818 1643 1856; x_wconf 83' lang='lat' dir='ltr'>consulas</span> 
     </span>
     <span class='ocr_line' id='line_1_29' title="bbox 135 1875 1641 1930; baseline 0.001 -18"><span class='ocrx_word' id='word_1_287' title='bbox 135 1875 247 1915; x_wconf 79' lang='lat' dir='ltr'>Toni.</span> <span class='ocrx_word' id='word_1_288' title='bbox 270 1877 333 1925; x_wconf 87' lang='lat' dir='ltr'>III,</span> <span class='ocrx_word' id='word_1_289' title='bbox 352 1893 388 1930; x_wconf 90' lang='lat' dir='ltr'>p.</span> <span class='ocrx_word' id='word_1_290' title='bbox 415 1878 497 1919; x_wconf 75' lang='lat'>253</span> <span class='ocrx_word' id='word_1_291' title='bbox 522 1892 591 1929; x_wconf 61' lang='lat' dir='ltr'>sq„</span> <span class='ocrx_word' id='word_1_292' title='bbox 622 1879 687 1916; x_wconf 85' lang='lat' dir='ltr'>vel</span> <span class='ocrx_word' id='word_1_293' title='bbox 708 1879 875 1917; x_wconf 82' lang='lat' dir='ltr'>simson.</span> <span class='ocrx_word' id='word_1_294' title='bbox 894 1879 939 1917; x_wconf 93' lang='lat' dir='ltr'>A.</span> <span class='ocrx_word' id='word_1_295' title='bbox 962 1879 1011 1916; x_wconf 89' lang='lat' dir='ltr'>M.</span> <span class='ocrx_word' id='word_1_296' title='bbox 1037 1882 1147 1921; x_wconf 74' lang='lat'>3132</span> <span class='ocrx_word' id='word_1_297' title='bbox 1170 1893 1260 1916; x_wconf 89' lang='lat' dir='ltr'>cum</span> <span class='ocrx_word' id='word_1_298' title='bbox 1284 1876 1510 1927; x_wconf 81' lang='lat' dir='ltr'>Wesseling.</span> <span class='ocrx_word' id='word_1_299' title='bbox 1531 1877 1641 1914; x_wconf 82' lang='lat' dir='ltr'>Nott.</span> 
     </span>
     <span class='ocr_line' id='line_1_30' title="bbox 133 1933 1641 1989; baseline 0 -19"><span class='ocrx_word' id='word_1_300' title='bbox 133 1933 221 1970; x_wconf 88' lang='lat' dir='ltr'>Non</span> <span class='ocrx_word' id='word_1_301' title='bbox 243 1935 344 1972; x_wconf 86' lang='lat' dir='ltr'>enim</span> <span class='ocrx_word' id='word_1_302' title='bbox 367 1936 440 1973; x_wconf 89' lang='lat' dir='ltr'>nisi</span> <span class='ocrx_word' id='word_1_303' title='bbox 461 1936 597 1973; x_wconf 87' lang='lat' dir='ltr'>eadem</span> <span class='ocrx_word' id='word_1_304' title='bbox 618 1938 697 1974; x_wconf 88' lang='lat' dir='ltr'>sere</span> <span class='ocrx_word' id='word_1_305' title='bbox 728 1943 886 1974; x_wconf 85' lang='lat' dir='ltr'>recocta</span> <span class='ocrx_word' id='word_1_306' title='bbox 914 1937 1059 1989; x_wconf 85' lang='lat' dir='ltr'>passim</span> <span class='ocrx_word' id='word_1_307' title='bbox 1092 1936 1240 1974; x_wconf 86' lang='lat' dir='ltr'>videas.</span> <span class='ocrx_word' id='word_1_308' title='bbox 1299 1936 1367 1972; x_wconf 82' lang='lat' dir='ltr'>Est</span> <span class='ocrx_word' id='word_1_309' title='bbox 1393 1947 1485 1972; x_wconf 88' lang='lat' dir='ltr'>sane</span> <span class='ocrx_word' id='word_1_310' title='bbox 1522 1934 1641 1971; x_wconf 84' lang='lat' dir='ltr'>tertia</span> 
     </span>
     <span class='ocr_line' id='line_1_31' title="bbox 133 1990 1641 2046; baseline 0 -19"><span class='ocrx_word' id='word_1_311' title='bbox 133 1990 230 2028; x_wconf 85' lang='lat' dir='ltr'>haec</span> <span class='ocrx_word' id='word_1_312' title='bbox 259 1993 429 2043; x_wconf 84' lang='lat' dir='ltr'>epocha,</span> <span class='ocrx_word' id='word_1_313' title='bbox 469 1994 604 2046; x_wconf 87' lang='lat' dir='ltr'>paullo</span> <span class='ocrx_word' id='word_1_314' title='bbox 633 1995 830 2032; x_wconf 88' lang='lat' dir='ltr'>maturius</span> <span class='ocrx_word' id='word_1_315' title='bbox 860 1996 963 2032; x_wconf 83' lang='lat' dir='ltr'>sorte</span> <span class='ocrx_word' id='word_1_316' title='bbox 999 2003 1037 2032; x_wconf 87' lang='lat' dir='ltr'>et</span> <span class='ocrx_word' id='word_1_317' title='bbox 1078 1994 1142 2031; x_wconf 87' lang='lat' dir='ltr'>illa</span> <span class='ocrx_word' id='word_1_318' title='bbox 1182 1992 1493 2040; x_wconf 81' lang='lat' dir='ltr'>constituenda,</span> <span class='ocrx_word' id='word_1_319' title='bbox 1546 2004 1641 2030; x_wconf 80' lang='lat' dir='ltr'>vera</span> 
     </span>
     <span class='ocr_line' id='line_1_32' title="bbox 134 2048 1641 2104; baseline 0.001 -20"><span class='ocrx_word' id='word_1_320' title='bbox 134 2048 295 2087; x_wconf 86' lang='lat' dir='ltr'>Didonis</span> <span class='ocrx_word' id='word_1_321' title='bbox 330 2058 459 2099; x_wconf 86' lang='lat' dir='ltr'>aetas,</span> <span class='ocrx_word' id='word_1_322' title='bbox 509 2052 702 2102; x_wconf 89' lang='lat' dir='ltr'>siquidem</span> <span class='ocrx_word' id='word_1_323' title='bbox 735 2053 802 2089; x_wconf 91' lang='lat' dir='ltr'>illa</span> <span class='ocrx_word' id='word_1_324' title='bbox 842 2052 1109 2104; x_wconf 79' lang='lat' dir='ltr'>Pygmalionis</span> <span class='ocrx_word' id='word_1_325' title='bbox 1145 2052 1222 2090; x_wconf 86' lang='lat' dir='ltr'>suit</span> <span class='ocrx_word' id='word_1_326' title='bbox 1259 2065 1396 2099; x_wconf 86' lang='lat' dir='ltr'>soror,</span> <span class='ocrx_word' id='word_1_327' title='bbox 1440 2050 1641 2100; x_wconf 83' lang='lat' dir='ltr'>Mutgonis</span> 
     </span>
     <span class='ocr_line' id='line_1_33' title="bbox 132 2107 1640 2155; baseline 0.001 -12"><span class='ocrx_word' id='word_1_328' title='bbox 132 2119 200 2144; x_wconf 85' lang='lat' dir='ltr'>seu</span> <span class='ocrx_word' id='word_1_329' title='bbox 219 2107 376 2146; x_wconf 88' lang='lat' dir='ltr'>Mettini</span> <span class='ocrx_word' id='word_1_330' title='bbox 395 2109 486 2148; x_wconf 83' lang='lat' dir='ltr'>filia.</span> <span class='ocrx_word' id='word_1_331' title='bbox 547 2110 683 2148; x_wconf 82' lang='lat' dir='ltr'>Fuisse</span> <span class='ocrx_word' id='word_1_332' title='bbox 710 2116 842 2147; x_wconf 87' lang='lat' dir='ltr'>tamen</span> <span class='ocrx_word' id='word_1_333' title='bbox 873 2124 1125 2148; x_wconf 85' lang='lat' dir='ltr'>communem</span> <span class='ocrx_word' id='word_1_334' title='bbox 1153 2117 1336 2148; x_wconf 84' lang='lat' dir='ltr'>veterum</span> <span class='ocrx_word' id='word_1_335' title='bbox 1362 2121 1558 2155; x_wconf 85' lang='lat' dir='ltr'>errorem,</span> <span class='ocrx_word' id='word_1_336' title='bbox 1594 2113 1640 2144; x_wconf 86' lang='lat' dir='ltr'>ut</span> 
     </span>
     <span class='ocr_line' id='line_1_34' title="bbox 132 2164 1639 2219; baseline 0.001 -19"><span class='ocrx_word' id='word_1_337' title='bbox 132 2164 183 2201; x_wconf 91' lang='lat' dir='ltr'>ad</span> <span class='ocrx_word' id='word_1_338' title='bbox 218 2166 411 2204; x_wconf 84' lang='lat' dir='ltr'>Didonem</span> <span class='ocrx_word' id='word_1_339' title='bbox 443 2168 568 2219; x_wconf 88' lang='lat' dir='ltr'>prima</span> <span class='ocrx_word' id='word_1_340' title='bbox 598 2168 848 2219; x_wconf 74' lang='lat' dir='ltr'>Carthaginis</span> <span class='ocrx_word' id='word_1_341' title='bbox 876 2168 1042 2206; x_wconf 81' lang='lat' dir='ltr'>exordia</span> <span class='ocrx_word' id='word_1_342' title='bbox 1071 2169 1288 2216; x_wconf 79' lang='lat' dir='ltr'>referrent,</span> <span class='ocrx_word' id='word_1_343' title='bbox 1326 2180 1407 2204; x_wconf 86' lang='lat' dir='ltr'>non</span> <span class='ocrx_word' id='word_1_344' title='bbox 1435 2165 1556 2203; x_wconf 89' lang='lat' dir='ltr'>modo</span> <span class='ocrx_word' id='word_1_345' title='bbox 1590 2177 1639 2202; x_wconf 73' lang='lat' dir='ltr'>ex</span> 
     </span>
     <span class='ocr_line' id='line_1_35' title="bbox 132 2222 1638 2277; baseline 0.006 -19"><span class='ocrx_word' id='word_1_346' title='bbox 132 2222 199 2271; x_wconf 86' lang='lat' dir='ltr'>iis,</span> <span class='ocrx_word' id='word_1_347' title='bbox 230 2224 297 2273; x_wconf 89' lang='lat' dir='ltr'>qui</span> <span class='ocrx_word' id='word_1_348' title='bbox 317 2226 552 2263; x_wconf 80' lang='lat' dir='ltr'>vetustiores</span> <span class='ocrx_word' id='word_1_349' title='bbox 577 2227 837 2277; x_wconf 80' lang='lat' dir='ltr'>exscripsere,</span> <span class='ocrx_word' id='word_1_350' title='bbox 867 2227 1048 2264; x_wconf 90' lang='lat' dir='ltr'>Cedreno</span> <span class='ocrx_word' id='word_1_351' title='bbox 1080 2240 1118 2277; x_wconf 86' lang='lat' dir='ltr'>p.</span> <span class='ocrx_word' id='word_1_352' title='bbox 1157 2225 1258 2274; x_wconf 79' lang='lat'>140,</span> <span class='ocrx_word' id='word_1_353' title='bbox 1292 2232 1329 2261; x_wconf 73' lang='grc' dir='ltr'>θῐ</span> <span class='ocrx_word' id='word_1_354' title='bbox 1362 2224 1415 2262; x_wconf 76' lang='lat'>10·</span> <span class='ocrx_word' id='word_1_355' title='bbox 1440 2223 1577 2260; x_wconf 66' lang='lat' dir='ltr'>Malsslfl</span> <span class='ocrx_word' id='word_1_356' title='bbox 1601 2237 1638 2274; x_wconf 83' lang='lat' dir='ltr'>P·</span> 
     </span>
     <span class='ocr_line' id='line_1_36' title="bbox 133 2281 1639 2336; baseline -0.002 -17"><span class='ocrx_word' id='word_1_357' title='bbox 133 2281 198 2326; x_wconf 71' lang='grc'>(58,</span> <span class='ocrx_word' id='word_1_358' title='bbox 230 2294 370 2318; x_wconf 84' lang='lat' dir='ltr'>verum</span> <span class='ocrx_word' id='word_1_359' title='bbox 391 2283 508 2320; x_wconf 86' lang='lat' dir='ltr'>etiam</span> <span class='ocrx_word' id='word_1_360' title='bbox 531 2298 578 2320; x_wconf 83' lang='lat' dir='ltr'>ex</span> <span class='ocrx_word' id='word_1_361' title='bbox 603 2283 784 2335; x_wconf 83' lang='lat' dir='ltr'>Appiano</span> <span class='ocrx_word' id='word_1_362' title='bbox 814 2284 949 2322; x_wconf 86' lang='lat' dir='ltr'>Punic.</span> <span class='ocrx_word' id='word_1_363' title='bbox 980 2299 1040 2336; x_wconf 86' lang='lat' dir='ltr'>pr.</span> <span class='ocrx_word' id='word_1_364' title='bbox 1068 2290 1249 2331; x_wconf 81' lang='lat' dir='ltr'>constat,</span> <span class='ocrx_word' id='word_1_365' title='bbox 1291 2282 1379 2332; x_wconf 86' lang='lat' dir='ltr'>qui,</span> <span class='ocrx_word' id='word_1_366' title='bbox 1420 2286 1639 2318; x_wconf 88' lang='lat' dir='ltr'>memorata</span> 
     </span>
     <span class='ocr_line' id='line_1_37' title="bbox 132 2336 1638 2391; baseline 0.001 -19"><span class='ocrx_word' id='word_1_367' title='bbox 132 2336 203 2372; x_wconf 77' lang='lat' dir='ltr'>ista</span> <span class='ocrx_word' id='word_1_368' title='bbox 228 2339 353 2387; x_wconf 84' lang='lat' dir='ltr'>prima</span> <span class='ocrx_word' id='word_1_369' title='bbox 374 2340 481 2377; x_wconf 79' lang='lat' dir='ltr'>urbis</span> <span class='ocrx_word' id='word_1_370' title='bbox 500 2341 648 2391; x_wconf 75' lang='lat' dir='ltr'>origine</span> <span class='ocrx_word' id='word_1_371' title='bbox 675 2343 714 2379; x_wconf 88' lang='lat' dir='ltr'>L.</span> <span class='ocrx_word' id='word_1_372' title='bbox 739 2347 832 2378; x_wconf 87' lang='lat' dir='ltr'>ante</span> <span class='ocrx_word' id='word_1_373' title='bbox 855 2342 890 2380; x_wconf 91' lang='lat' dir='ltr'>b.</span> <span class='ocrx_word' id='word_1_374' title='bbox 913 2343 1020 2380; x_wconf 84' lang='lat' dir='ltr'>Troi.</span> <span class='ocrx_word' id='word_1_375' title='bbox 1050 2341 1186 2389; x_wconf 86' lang='lat' dir='ltr'>annis,</span> <span class='ocrx_word' id='word_1_376' title='bbox 1219 2340 1352 2378; x_wconf 83' lang='lat' dir='ltr'>addit:</span> <span class='ocrx_word' id='word_1_377' title='bbox 1384 2339 1638 2387; x_wconf 80' lang='lat' dir='ltr'>„conditores</span> 
     </span>
     <span class='ocr_line' id='line_1_38' title="bbox 134 2393 1638 2450; baseline 0.003 -22"><span class='ocrx_word' id='word_1_378' title='bbox 134 2393 242 2430; x_wconf 79' lang='lat' dir='ltr'>fuere</span> <span class='ocrx_word' id='word_1_379' title='bbox 266 2396 390 2433; x_wconf 81' lang='lat' dir='ltr'>Zorus</span> <span class='ocrx_word' id='word_1_380' title='bbox 410 2404 448 2434; x_wconf 86' lang='lat' dir='ltr'>et</span> <span class='ocrx_word' id='word_1_381' title='bbox 468 2399 722 2447; x_wconf 48' lang='lat' dir='ltr'>Cui—chellon,</span> <span class='ocrx_word' id='word_1_382' title='bbox 758 2406 801 2436; x_wconf 87' lang='lat' dir='ltr'>ut</span> <span class='ocrx_word' id='word_1_383' title='bbox 817 2413 914 2438; x_wconf 85' lang='lat' dir='ltr'>vero</span> <span class='ocrx_word' id='word_1_384' title='bbox 934 2399 1104 2437; x_wconf 77' lang='lat' dir='ltr'>Romani</span> <span class='ocrx_word' id='word_1_385' title='bbox 1127 2405 1166 2436; x_wconf 89' lang='lat' dir='ltr'>et</span> <span class='ocrx_word' id='word_1_386' title='bbox 1197 2399 1271 2450; x_wconf 88' lang='lat' dir='ltr'>ipsi</span> <span class='ocrx_word' id='word_1_387' title='bbox 1298 2396 1638 2447; x_wconf 84' lang='lat' dir='ltr'>Carthaginienses</span> 
     </span>
     <span class='ocr_line' id='line_1_39' title="bbox 133 2451 1636 2508; baseline 0.003 -23"><span class='ocrx_word' id='word_1_388' title='bbox 133 2451 370 2500; x_wconf 85' lang='lat' dir='ltr'>opinantur,</span> <span class='ocrx_word' id='word_1_389' title='bbox 412 2456 533 2503; x_wconf 86' lang='lat' dir='ltr'>Dido,</span> <span class='ocrx_word' id='word_1_390' title='bbox 573 2457 716 2493; x_wconf 83' lang='lat' dir='ltr'>mulier</span> <span class='ocrx_word' id='word_1_391' title='bbox 751 2458 910 2508; x_wconf 62' lang='lat' dir='ltr'>Tyriaf‘</span> <span class='ocrx_word' id='word_1_392' title='bbox 981 2458 1022 2494; x_wconf 90' lang='lat' dir='ltr'>ln</span> <span class='ocrx_word' id='word_1_393' title='bbox 1068 2463 1181 2494; x_wconf 87' lang='lat' dir='ltr'>tanto</span> <span class='ocrx_word' id='word_1_394' title='bbox 1219 2457 1352 2504; x_wconf 88' lang='lat' dir='ltr'>itaque</span> <span class='ocrx_word' id='word_1_395' title='bbox 1395 2454 1636 2504; x_wconf 80' lang='lat' dir='ltr'>scriptorum</span> 
     </span>
     <span class='ocr_line' id='line_1_40' title="bbox 134 2508 1635 2564; baseline 0.003 -21"><span class='ocrx_word' id='word_1_396' title='bbox 134 2508 374 2557; x_wconf 87' lang='lat' dir='ltr'>optimorum</span> <span class='ocrx_word' id='word_1_397' title='bbox 405 2512 581 2551; x_wconf 77' lang='lat' dir='ltr'>dissensu</span> <span class='ocrx_word' id='word_1_398' title='bbox 613 2520 797 2564; x_wconf 81' lang='lat' dir='ltr'>tantaque</span> <span class='ocrx_word' id='word_1_399' title='bbox 829 2515 887 2552; x_wconf 86' lang='lat' dir='ltr'>rei</span> <span class='ocrx_word' id='word_1_400' title='bbox 919 2514 1180 2561; x_wconf 82' lang='lat' dir='ltr'>obscuritate,</span> <span class='ocrx_word' id='word_1_401' title='bbox 1222 2520 1260 2550; x_wconf 91' lang='lat' dir='ltr'>et</span> <span class='ocrx_word' id='word_1_402' title='bbox 1290 2511 1451 2562; x_wconf 86' lang='lat' dir='ltr'>quidem</span> <span class='ocrx_word' id='word_1_403' title='bbox 1485 2525 1565 2548; x_wconf 89' lang='lat' dir='ltr'>non</span> <span class='ocrx_word' id='word_1_404' title='bbox 1595 2510 1635 2547; x_wconf 89' lang='lat' dir='ltr'>in</span> 
     </span>
     <span class='ocr_line' id='line_1_41' title="bbox 134 2566 1635 2623; baseline 0.002 -22"><span class='ocrx_word' id='word_1_405' title='bbox 134 2566 270 2614; x_wconf 78' lang='lat' dir='ltr'>patriis</span> <span class='ocrx_word' id='word_1_406' title='bbox 288 2567 481 2616; x_wconf 70' lang='lat' dir='ltr'>historiis,</span> <span class='ocrx_word' id='word_1_407' title='bbox 514 2571 579 2607; x_wconf 77' lang='lat' dir='ltr'>scd</span> <span class='ocrx_word' id='word_1_408' title='bbox 612 2572 738 2608; x_wconf 65' lang='lat' dir='ltr'>exteri</span> <span class='ocrx_word' id='word_1_409' title='bbox 766 2572 927 2623; x_wconf 86' lang='lat' dir='ltr'>populi,</span> <span class='ocrx_word' id='word_1_410' title='bbox 958 2573 1044 2621; x_wconf 81' lang='lat' dir='ltr'>quis</span> <span class='ocrx_word' id='word_1_411' title='bbox 1071 2571 1149 2608; x_wconf 89' lang='grc'><strong>1100</strong></span> <span class='ocrx_word' id='word_1_412' title='bbox 1180 2585 1200 2607; x_wconf 87' lang='grc'><strong>3</strong></span> <span class='ocrx_word' id='word_1_413' title='bbox 1230 2576 1343 2621; x_wconf 88' lang='lat' dir='ltr'>poeta</span> <span class='ocrx_word' id='word_1_414' title='bbox 1371 2569 1546 2620; x_wconf 85' lang='lat' dir='ltr'>postulet</span> <span class='ocrx_word' id='word_1_415' title='bbox 1572 2568 1635 2605; x_wconf 82' lang='lat' dir='ltr'>vel</span> 
     </span>
     <span class='ocr_line' id='line_1_42' title="bbox 133 2625 1633 2677; baseline 0.003 -20"><span class='ocrx_word' id='word_1_416' title='bbox 133 2630 335 2671; x_wconf 62' lang='lat' dir='ltr'>expectet,</span> <span class='ocrx_word' id='word_1_417' title='bbox 377 2631 419 2661; x_wconf 87' lang='lat' dir='ltr'>ut</span> <span class='ocrx_word' id='word_1_418' title='bbox 449 2632 669 2677; x_wconf 79' lang='lat' dir='ltr'>temporum</span> <span class='ocrx_word' id='word_1_419' title='bbox 710 2631 885 2666; x_wconf 80' lang='lat' dir='ltr'>rationes</span> <span class='ocrx_word' id='word_1_420' title='bbox 924 2630 1129 2677; x_wconf 77' lang='lat' dir='ltr'>subtilius,</span> <span class='ocrx_word' id='word_1_421' title='bbox 1182 2642 1300 2677; x_wconf 79' lang='lat' dir='ltr'>qnam</span> <span class='ocrx_word' id='word_1_422' title='bbox 1342 2627 1416 2677; x_wconf 84' lang='lat' dir='ltr'>ipsi</span> <span class='ocrx_word' id='word_1_423' title='bbox 1457 2625 1633 2663; x_wconf 85' lang='lat' dir='ltr'>historici</span> 
     </span>
     <span class='ocr_line' id='line_1_43' title="bbox 135 2682 1634 2731; baseline 0.004 -17"><span class='ocrx_word' id='word_1_424' title='bbox 135 2682 312 2717; x_wconf 87' lang='lat' dir='ltr'>nonnulli</span> <span class='ocrx_word' id='word_1_425' title='bbox 353 2683 548 2731; x_wconf 72' lang='lat' dir='ltr'>fecerunt,</span> <span class='ocrx_word' id='word_1_426' title='bbox 597 2686 817 2723; x_wconf 71' lang='lat' dir='ltr'>subducere</span> <span class='ocrx_word' id='word_1_427' title='bbox 856 2687 1078 2725; x_wconf 65' lang='lat' dir='ltr'>sustineat?</span> <span class='ocrx_word' id='word_1_428' title='bbox 1146 2686 1294 2722; x_wconf 85' lang='lat' dir='ltr'>Ultimo</span> <span class='ocrx_word' id='word_1_429' title='bbox 1335 2685 1423 2721; x_wconf 86' lang='lat' dir='ltr'>loco</span> <span class='ocrx_word' id='word_1_430' title='bbox 1458 2690 1498 2720; x_wconf 86' lang='lat' dir='ltr'>et</span> <span class='ocrx_word' id='word_1_431' title='bbox 1533 2683 1634 2720; x_wconf 88' lang='lat' dir='ltr'>illud</span> 
     </span>
     <span class='ocr_line' id='line_1_44' title="bbox 132 2739 1635 2791; baseline 0.003 -19"><span class='ocrx_word' id='word_1_432' title='bbox 132 2739 396 2785; x_wconf 75' lang='lat' dir='ltr'>monendum,</span> <span class='ocrx_word' id='word_1_433' title='bbox 430 2740 503 2776; x_wconf 80' lang='grc'><strong>13111</strong></span> <span class='ocrx_word' id='word_1_434' title='bbox 529 2750 618 2777; x_wconf 81' lang='lat' dir='ltr'>ante</span> <span class='ocrx_word' id='word_1_435' title='bbox 649 2742 849 2791; x_wconf 62' lang='lat' dir='ltr'>Virgilium</span> <span class='ocrx_word' id='word_1_436' title='bbox 878 2757 1031 2782; x_wconf 85' lang='lat' dir='ltr'>amores</span> <span class='ocrx_word' id='word_1_437' title='bbox 1064 2743 1224 2780; x_wconf 80' lang='lat' dir='ltr'>Didonis</span> <span class='ocrx_word' id='word_1_438' title='bbox 1253 2748 1292 2779; x_wconf 88' lang='lat' dir='ltr'>et</span> <span class='ocrx_word' id='word_1_439' title='bbox 1326 2741 1477 2778; x_wconf 84' lang='lat' dir='ltr'>Aeneae</span> <span class='ocrx_word' id='word_1_440' title='bbox 1508 2740 1635 2778; x_wconf 86' lang='lat' dir='ltr'>videri</span> 
     </span>
     <span class='ocr_line' id='line_1_45' title="bbox 132 2795 1633 2846; baseline 0.004 -17"><span class='ocrx_word' id='word_1_441' title='bbox 132 2795 348 2832; x_wconf 70' lang='lat' dir='ltr'>celebratos</span> <span class='ocrx_word' id='word_1_442' title='bbox 370 2796 486 2832; x_wconf 76' lang='lat' dir='ltr'>fnisse</span> <span class='ocrx_word' id='word_1_443' title='bbox 508 2798 554 2833; x_wconf 86' lang='lat' dir='ltr'>ab</span> <span class='ocrx_word' id='word_1_444' title='bbox 580 2798 774 2836; x_wconf 81' lang='lat' dir='ltr'>historicis</span> <span class='ocrx_word' id='word_1_445' title='bbox 798 2803 907 2838; x_wconf 70' lang='lat' dir='ltr'>l’iom.</span> <span class='ocrx_word' id='word_1_446' title='bbox 968 2802 1063 2838; x_wconf 77' lang='lat' dir='ltr'>Nam</span> <span class='ocrx_word' id='word_1_447' title='bbox 1085 2800 1134 2836; x_wconf 81' lang='lat' dir='ltr'>ad</span> <span class='ocrx_word' id='word_1_448' title='bbox 1160 2800 1224 2837; x_wconf 90' lang='lat' dir='ltr'>lib.</span> <span class='ocrx_word' id='word_1_449' title='bbox 1252 2800 1317 2846; x_wconf 80' lang='lat' dir='ltr'>IV,</span> <span class='ocrx_word' id='word_1_450' title='bbox 1346 2801 1429 2840; x_wconf 82' lang='grc'>682</span> <span class='ocrx_word' id='word_1_451' title='bbox 1451 2799 1633 2835; x_wconf 77' lang='lat' dir='ltr'>Servius:</span> 
     </span>
     <span class='ocr_line' id='line_1_46' title="bbox 131 2853 1635 2908; baseline 0.004 -22"><span class='ocrx_word' id='word_1_452' title='bbox 131 2853 284 2898; x_wconf 79' lang='lat' dir='ltr'>„Varro</span> <span class='ocrx_word' id='word_1_453' title='bbox 309 2853 381 2900; x_wconf 82' lang='lat' dir='ltr'>ait,</span> <span class='ocrx_word' id='word_1_454' title='bbox 417 2866 491 2889; x_wconf 88' lang='lat' dir='ltr'>non</span> <span class='ocrx_word' id='word_1_455' title='bbox 519 2855 730 2902; x_wconf 75' lang='lat' dir='ltr'>Didonem,</span> <span class='ocrx_word' id='word_1_456' title='bbox 763 2859 829 2894; x_wconf 78' lang='lat' dir='ltr'>sed</span> <span class='ocrx_word' id='word_1_457' title='bbox 868 2858 1043 2904; x_wconf 72' lang='lat' dir='ltr'>Annam,</span> <span class='ocrx_word' id='word_1_458' title='bbox 1075 2871 1209 2895; x_wconf 89' lang='lat' dir='ltr'>amore</span> <span class='ocrx_word' id='word_1_459' title='bbox 1242 2857 1395 2894; x_wconf 89' lang='lat' dir='ltr'>Aeneae</span> <span class='ocrx_word' id='word_1_460' title='bbox 1425 2856 1635 2908; x_wconf 85' lang='lat' dir='ltr'>impulsam</span> 
     </span>
     <span class='ocr_line' id='line_1_47' title="bbox 131 2912 1635 2964; baseline 0.003 -19"><span class='ocrx_word' id='word_1_461' title='bbox 131 2923 168 2945; x_wconf 76' lang='lat' dir='ltr'>se</span> <span class='ocrx_word' id='word_1_462' title='bbox 191 2924 309 2962; x_wconf 81' lang='lat' dir='ltr'>super</span> <span class='ocrx_word' id='word_1_463' title='bbox 330 2923 468 2960; x_wconf 68' lang='lat' dir='ltr'>rogum</span> <span class='ocrx_word' id='word_1_464' title='bbox 492 2912 769 2951; x_wconf 55' lang='grc' dir='ltr'>11110101111550.α</span> <span class='ocrx_word' id='word_1_465' title='bbox 829 2917 884 2953; x_wconf 69' lang='lat' dir='ltr'><strong>(js.</strong></span> <span class='ocrx_word' id='word_1_466' title='bbox 913 2916 1031 2954; x_wconf 81' lang='lat' dir='ltr'>eund.</span> <span class='ocrx_word' id='word_1_467' title='bbox 1064 2915 1116 2953; x_wconf 83' lang='lat' dir='ltr'>ad</span> <span class='ocrx_word' id='word_1_468' title='bbox 1147 2915 1192 2964; x_wconf 89' lang='lat' dir='ltr'>V,</span> <span class='ocrx_word' id='word_1_469' title='bbox 1225 2914 1263 2955; x_wconf 87' lang='grc'>4.</span> <span class='ocrx_word' id='word_1_470' title='bbox 1326 2914 1483 2952; x_wconf 79' lang='lat' dir='ltr'>Nullam</span> <span class='ocrx_word' id='word_1_471' title='bbox 1512 2913 1635 2964; x_wconf 83' lang='lat' dir='ltr'>igitur</span> 
     </span>
    </p>
   </div>
  </div>
 </body>
</html>
