<?xml version="1.0" encoding="UTF-8"?>
<!DOCTYPE html PUBLIC "-//W3C//DTD XHTML 1.0 Transitional//EN"
    "http://www.w3.org/TR/xhtml1/DTD/xhtml1-transitional.dtd">
<html xmlns="http://www.w3.org/1999/xhtml" xml:lang="en" lang="en">
 <head>
  <title>
</title>
<meta http-equiv="Content-Type" content="text/html;charset=utf-8" />
  <meta name='ocr-system' content='tesseract 3.04.00' />
  <meta name='ocr-capabilities' content='ocr_page ocr_carea ocr_par ocr_line ocrx_word'/>
</head>
<body>
  <div class='ocr_page' id='page_1' title='image "./publiusvirgilius02virguoft/publiusvirgilius02virguoft_0979.png"; bbox 0 0 1811 3388; ppageno 0'>
   <div class='ocr_carea' id='block_1_1' title="bbox 348 189 1405 252">
    <p class='ocr_par' dir='ltr' id='par_1_1' title="bbox 348 189 1405 252">
     <span class='ocr_line' id='line_1_1' title="bbox 348 189 1405 252; baseline 0.003 -11"><span class='ocrx_word' id='word_1_1' title='bbox 348 189 765 241; x_wconf 86' lang='lat' dir='ltr'><strong>AENEIDOS</strong></span> <span class='ocrx_word' id='word_1_2' title='bbox 797 189 943 239; x_wconf 88' lang='lat' dir='ltr'><strong>LIB.</strong></span> <span class='ocrx_word' id='word_1_3' title='bbox 978 191 1066 252; x_wconf 82' lang='lat' dir='ltr'>VI,</span> <span class='ocrx_word' id='word_1_4' title='bbox 1112 194 1405 246; x_wconf 82' lang='lat'>746—753</span> 
     </span>
    </p>
   </div>
   <div class='ocr_carea' id='block_1_2' title="bbox 1535 201 1631 247">
    <p class='ocr_par' dir='ltr' id='par_1_2' title="bbox 1535 201 1631 247">
     <span class='ocr_line' id='line_1_2' title="bbox 1535 201 1631 247; baseline 0.01 -1"><span class='ocrx_word' id='word_1_5' title='bbox 1535 201 1631 247; x_wconf 87' lang='lat'>971</span> 
     </span>
    </p>
   </div>
   <div class='ocr_carea' id='block_1_3' title="bbox 124 315 1643 590">
    <p class='ocr_par' dir='ltr' id='par_1_3' title="bbox 124 315 1643 590">
     <span class='ocr_line' id='line_1_3' title="bbox 127 315 1639 380; baseline 0.001 -15"><span class='ocrx_word' id='word_1_6' title='bbox 127 315 338 365; x_wconf 80' lang='lat' dir='ltr'>Scilicet</span> <span class='ocrx_word' id='word_1_7' title='bbox 357 316 687 364; x_wconf 80' lang='lat' dir='ltr'>inmemores</span> <span class='ocrx_word' id='word_1_8' title='bbox 709 330 900 380; x_wconf 84' lang='lat' dir='ltr'>supera</span> <span class='ocrx_word' id='word_1_9' title='bbox 919 323 980 363; x_wconf 82' lang='lat' dir='ltr'>ut</span> <span class='ocrx_word' id='word_1_10' title='bbox 999 330 1228 364; x_wconf 85' lang='lat' dir='ltr'>convexa</span> <span class='ocrx_word' id='word_1_11' title='bbox 1246 317 1473 367; x_wconf 80' lang='lat' dir='ltr'><strong>revisant</strong></span> <span class='ocrx_word' id='word_1_12' title='bbox 1536 325 1567 371; x_wconf 84' lang='grc'>7</span> <span class='ocrx_word' id='word_1_13' title='bbox 1574 324 1639 372; x_wconf 87' lang='grc'>50</span> 
     </span>
     <span class='ocr_line' id='line_1_4' title="bbox 124 384 1429 450; baseline 0.001 -15"><span class='ocrx_word' id='word_1_14' title='bbox 124 389 351 449; x_wconf 78' lang='lat' dir='ltr'>Rursus,</span> <span class='ocrx_word' id='word_1_15' title='bbox 384 394 436 434; x_wconf 88' lang='lat' dir='ltr'>et</span> <span class='ocrx_word' id='word_1_16' title='bbox 456 384 711 450; x_wconf 82' lang='lat' dir='ltr'>incipiant</span> <span class='ocrx_word' id='word_1_17' title='bbox 728 384 779 432; x_wconf 90' lang='lat' dir='ltr'>in</span> <span class='ocrx_word' id='word_1_18' title='bbox 807 401 1032 450; x_wconf 89' lang='lat' dir='ltr'>corpora</span> <span class='ocrx_word' id='word_1_19' title='bbox 1054 384 1193 433; x_wconf 84' lang='lat' dir='ltr'>velle</span> <span class='ocrx_word' id='word_1_20' title='bbox 1220 387 1429 437; x_wconf 86' lang='lat' dir='ltr'>reverti.</span> 
     </span>
     <span class='ocr_line' id='line_1_5' title="bbox 124 453 1477 520; baseline -0.002 -14"><span class='ocrx_word' id='word_1_21' title='bbox 124 457 336 506; x_wconf 80' lang='lat' dir='ltr'>Dixerat</span> <span class='ocrx_word' id='word_1_22' title='bbox 355 454 634 515; x_wconf 79' lang='lat' dir='ltr'>Anchises3</span> <span class='ocrx_word' id='word_1_23' title='bbox 672 462 967 520; x_wconf 89' lang='lat' dir='ltr'>natumque</span> <span class='ocrx_word' id='word_1_24' title='bbox 988 470 1203 520; x_wconf 85' lang='lat' dir='ltr'>unaque</span> <span class='ocrx_word' id='word_1_25' title='bbox 1226 453 1477 517; x_wconf 78' lang='lat' dir='ltr'>Sibyllam</span> 
     </span>
     <span class='ocr_line' id='line_1_6' title="bbox 128 523 1643 590; baseline -0.001 -14"><span class='ocrx_word' id='word_1_26' title='bbox 128 527 438 576; x_wconf 83' lang='lat' dir='ltr'><strong>Conventus</strong></span> <span class='ocrx_word' id='word_1_27' title='bbox 458 524 618 573; x_wconf 85' lang='lat' dir='ltr'>trahit</span> <span class='ocrx_word' id='word_1_28' title='bbox 639 524 693 572; x_wconf 92' lang='lat' dir='ltr'>in</span> <span class='ocrx_word' id='word_1_29' title='bbox 713 523 948 588; x_wconf 79' lang='lat' dir='ltr'>medios,</span> <span class='ocrx_word' id='word_1_30' title='bbox 986 524 1311 590; x_wconf 71' lang='lat' dir='ltr'>turbamque</span> <span class='ocrx_word' id='word_1_31' title='bbox 1337 534 1643 588; x_wconf 83' lang='lat' dir='ltr'>sonantem3</span> 
     </span>
    </p>
   </div>
   <div class='ocr_carea' id='block_1_4' title="bbox 195 619 1100 681">
    <p class='ocr_par' dir='ltr' id='par_1_4' title="bbox 195 619 1100 681">
     <span class='ocr_line' id='line_1_7' title="bbox 195 619 1100 681; baseline -0.004 -12"><span class='ocrx_word' id='word_1_32' title='bbox 195 620 313 670; x_wconf 86' lang='lat'>750.</span> <span class='ocrx_word' id='word_1_33' title='bbox 350 621 431 670; x_wconf 89' lang='grc'>51.</span> <span class='ocrx_word' id='word_1_34' title='bbox 468 631 748 681; x_wconf 77' lang='lat' dir='ltr'><strong>REVISANT‚</strong></span> <span class='ocrx_word' id='word_1_35' title='bbox 785 619 998 667; x_wconf 80' lang='lat' dir='ltr'>RURsus</span> <span class='ocrx_word' id='word_1_36' title='bbox 1034 632 1100 665; x_wconf 85' lang='lat' dir='ltr'>ET</span> 
     </span>
    </p>
   </div>
   <div class='ocr_carea' id='block_1_5' title="bbox 127 743 1650 1071">
    <p class='ocr_par' dir='ltr' id='par_1_5' title="bbox 127 743 1650 1071">
     <span class='ocr_line' id='line_1_8' title="bbox 219 743 1647 792; baseline -0.002 -11"><span class='ocrx_word' id='word_1_37' title='bbox 219 747 289 782; x_wconf 89' lang='lat'>750</span> <span class='ocrx_word' id='word_1_38' title='bbox 316 758 489 792; x_wconf 74' lang='lat' dir='ltr'>superum</span> <span class='ocrx_word' id='word_1_39' title='bbox 509 745 563 778; x_wconf 87' lang='lat' dir='ltr'>ed.</span> <span class='ocrx_word' id='word_1_40' title='bbox 584 746 674 779; x_wconf 86' lang='lat' dir='ltr'>Ven.</span> <span class='ocrx_word' id='word_1_41' title='bbox 692 751 729 778; x_wconf 86' lang='lat' dir='ltr'>et</span> <span class='ocrx_word' id='word_1_42' title='bbox 748 745 914 787; x_wconf 88' lang='lat' dir='ltr'>Dorvill.,</span> <span class='ocrx_word' id='word_1_43' title='bbox 946 755 988 778; x_wconf 88' lang='lat' dir='ltr'>eo</span> <span class='ocrx_word' id='word_1_44' title='bbox 1019 743 1178 778; x_wconf 87' lang='lat' dir='ltr'>alludunt</span> <span class='ocrx_word' id='word_1_45' title='bbox 1205 743 1341 789; x_wconf 81' lang='lat' dir='ltr'>aliquot</span> <span class='ocrx_word' id='word_1_46' title='bbox 1368 744 1461 778; x_wconf 88' lang='lat' dir='ltr'>Pier.</span> <span class='ocrx_word' id='word_1_47' title='bbox 1510 755 1647 790; x_wconf 75' lang='lat' dir='ltr'>supera</span> 
     </span>
     <span class='ocr_line' id='line_1_9' title="bbox 127 791 1649 838; baseline -0.002 -12"><span class='ocrx_word' id='word_1_48' title='bbox 127 794 165 827; x_wconf 86' lang='lat' dir='ltr'>in</span> <span class='ocrx_word' id='word_1_49' title='bbox 185 806 215 826; x_wconf 86' lang='lat' dir='ltr'>c.</span> <span class='ocrx_word' id='word_1_50' title='bbox 243 794 372 836; x_wconf 82' lang='lat' dir='ltr'>(ortum</span> <span class='ocrx_word' id='word_1_51' title='bbox 393 793 462 825; x_wconf 87' lang='lat' dir='ltr'>hoc</span> <span class='ocrx_word' id='word_1_52' title='bbox 495 804 513 824; x_wconf 89' lang='lat' dir='ltr'>e</span> <span class='ocrx_word' id='word_1_53' title='bbox 543 801 718 838; x_wconf 75' lang='lat' dir='ltr'>superat,</span> <span class='ocrx_word' id='word_1_54' title='bbox 748 793 925 837; x_wconf 89' lang='lat' dir='ltr'>quomodo</span> <span class='ocrx_word' id='word_1_55' title='bbox 959 792 994 824; x_wconf 89' lang='lat' dir='ltr'>in</span> <span class='ocrx_word' id='word_1_56' title='bbox 1028 791 1157 825; x_wconf 84' lang='lat' dir='ltr'>Medic.</span> <span class='ocrx_word' id='word_1_57' title='bbox 1184 791 1282 836; x_wconf 87' lang='lat' dir='ltr'>prius</span> <span class='ocrx_word' id='word_1_58' title='bbox 1314 791 1481 837; x_wconf 88' lang='lat' dir='ltr'>scriptum</span> <span class='ocrx_word' id='word_1_59' title='bbox 1514 791 1649 831; x_wconf 81' lang='lat' dir='ltr'>fuerat3</span> 
     </span>
     <span class='ocr_line' id='line_1_10' title="bbox 127 838 1649 884; baseline -0.002 -11"><span class='ocrx_word' id='word_1_60' title='bbox 127 839 163 873; x_wconf 86' lang='lat' dir='ltr'>in</span> <span class='ocrx_word' id='word_1_61' title='bbox 184 840 395 873; x_wconf 86' lang='lat' dir='ltr'>contrariam</span> <span class='ocrx_word' id='word_1_62' title='bbox 415 839 607 884; x_wconf 77' lang='lat' dir='ltr'>partemin</span> <span class='ocrx_word' id='word_1_63' title='bbox 627 840 751 882; x_wconf 81' lang='lat' dir='ltr'>fragm.</span> <span class='ocrx_word' id='word_1_64' title='bbox 773 841 854 873; x_wconf 86' lang='lat' dir='ltr'>Vat.</span> <span class='ocrx_word' id='word_1_65' title='bbox 876 845 1078 884; x_wconf 86' lang='lat' dir='ltr'>peccatum,</span> <span class='ocrx_word' id='word_1_66' title='bbox 1104 838 1139 871; x_wconf 87' lang='lat' dir='ltr'>in</span> <span class='ocrx_word' id='word_1_67' title='bbox 1171 851 1238 883; x_wconf 86' lang='lat' dir='ltr'>quo</span> <span class='ocrx_word' id='word_1_68' title='bbox 1266 850 1402 884; x_wconf 74' lang='lat' dir='ltr'>supera</span> <span class='ocrx_word' id='word_1_69' title='bbox 1437 845 1524 871; x_wconf 73' lang='lat' dir='ltr'>aut</span> <span class='ocrx_word' id='word_1_70' title='bbox 1556 850 1575 869; x_wconf 88' lang='lat' dir='ltr'>a</span> <span class='ocrx_word' id='word_1_71' title='bbox 1603 850 1649 872; x_wconf 87' lang='lat' dir='ltr'>m.</span> 
     </span>
     <span class='ocr_line' id='line_1_11' title="bbox 128 884 1649 938; baseline -0.001 -20"><span class='ocrx_word' id='word_1_72' title='bbox 128 899 181 931; x_wconf 90' lang='lat' dir='ltr'>pr.</span> <span class='ocrx_word' id='word_1_73' title='bbox 213 886 309 930; x_wconf 65' lang='lat' dir='ltr'>Wn)</span> <span class='ocrx_word' id='word_1_74' title='bbox 358 885 580 930; x_wconf 84' lang='lat' dir='ltr'>Interpungit</span> <span class='ocrx_word' id='word_1_75' title='bbox 608 885 828 919; x_wconf 82' lang='lat' dir='ltr'>Wakefield·</span> <span class='ocrx_word' id='word_1_76' title='bbox 862 887 954 918; x_wconf 78' lang='lat' dir='ltr'>deas</span> <span class='ocrx_word' id='word_1_77' title='bbox 987 898 1030 918; x_wconf 74' lang='grc' dir='ltr'>ευ</span> <span class='ocrx_word' id='word_1_78' title='bbox 1035 894 1116 918; x_wconf 76' lang='lat' dir='ltr'>ocat</span> <span class='ocrx_word' id='word_1_79' title='bbox 1146 897 1292 930; x_wconf 79' lang='lat' dir='ltr'>agmzne</span> <span class='ocrx_word' id='word_1_80' title='bbox 1323 898 1470 938; x_wconf 50' lang='lat' dir='ltr'>magno·</span> <span class='ocrx_word' id='word_1_81' title='bbox 1485 884 1649 925; x_wconf 78' lang='lat' dir='ltr'>Scilicet;</span> 
     </span>
     <span class='ocr_line' id='line_1_12' title="bbox 127 930 1650 974; baseline -0.002 -8"><span class='ocrx_word' id='word_1_82' title='bbox 127 935 173 967; x_wconf 88' lang='lat' dir='ltr'>Et</span> <span class='ocrx_word' id='word_1_83' title='bbox 194 944 275 965; x_wconf 82' lang='lat' dir='ltr'>mox</span> <span class='ocrx_word' id='word_1_84' title='bbox 300 940 340 965; x_wconf 76' lang='lat' dir='ltr'>ut</span> <span class='ocrx_word' id='word_1_85' title='bbox 359 945 523 965; x_wconf 80' lang='lat' dir='ltr'>convexa</span> <span class='ocrx_word' id='word_1_86' title='bbox 543 933 710 965; x_wconf 74' lang='lat' dir='ltr'>revisant</span> <span class='ocrx_word' id='word_1_87' title='bbox 726 935 891 974; x_wconf 79' lang='lat' dir='ltr'>Rursus,</span> <span class='ocrx_word' id='word_1_88' title='bbox 917 940 953 965; x_wconf 75' lang='lat' dir='ltr'>et</span> <span class='ocrx_word' id='word_1_89' title='bbox 971 946 994 965; x_wconf 85' lang='lat'>1.</span> <span class='ocrx_word' id='word_1_90' title='bbox 1044 933 1080 964; x_wconf 87' lang='lat' dir='ltr'>In</span> <span class='ocrx_word' id='word_1_91' title='bbox 1102 931 1214 964; x_wconf 87' lang='lat' dir='ltr'>altero</span> <span class='ocrx_word' id='word_1_92' title='bbox 1242 932 1311 964; x_wconf 88' lang='lat' dir='ltr'>hoc</span> <span class='ocrx_word' id='word_1_93' title='bbox 1339 930 1524 964; x_wconf 86' lang='lat' dir='ltr'>assentior.</span> <span class='ocrx_word' id='word_1_94' title='bbox 1553 932 1650 974; x_wconf 78' lang='lat' dir='ltr'>(post</span> 
     </span>
     <span class='ocr_line' id='line_1_13' title="bbox 130 977 1649 1024; baseline -0.003 -11"><span class='ocrx_word' id='word_1_95' title='bbox 130 981 299 1013; x_wconf 77' lang='lat' dir='ltr'>revisant</span> <span class='ocrx_word' id='word_1_96' title='bbox 322 978 580 1024; x_wconf 82' lang='lat' dir='ltr'>interpungitur</span> <span class='ocrx_word' id='word_1_97' title='bbox 612 979 647 1012; x_wconf 88' lang='lat' dir='ltr'>in</span> <span class='ocrx_word' id='word_1_98' title='bbox 675 980 798 1023; x_wconf 82' lang='lat' dir='ltr'>fragm.</span> <span class='ocrx_word' id='word_1_99' title='bbox 823 979 938 1013; x_wconf 83' lang='lat' dir='ltr'>Vatic.</span> <span class='ocrx_word' id='word_1_100' title='bbox 954 1004 963 1021; x_wconf 89' lang='lat'>,</span> <span class='ocrx_word' id='word_1_101' title='bbox 995 985 1077 1023; x_wconf 86' lang='lat' dir='ltr'>post</span> <span class='ocrx_word' id='word_1_102' title='bbox 1106 990 1238 1011; x_wconf 74' lang='lat' dir='ltr'>rursus</span> <span class='ocrx_word' id='word_1_103' title='bbox 1266 978 1402 1010; x_wconf 87' lang='lat' dir='ltr'>demum</span> <span class='ocrx_word' id='word_1_104' title='bbox 1431 978 1466 1010; x_wconf 89' lang='lat' dir='ltr'>in</span> <span class='ocrx_word' id='word_1_105' title='bbox 1496 977 1623 1010; x_wconf 86' lang='lat' dir='ltr'>Medic.</span> <span class='ocrx_word' id='word_1_106' title='bbox 1639 991 1649 1019; x_wconf 77' lang='lat'><em>3</em></span> 
     </span>
     <span class='ocr_line' id='line_1_14' title="bbox 130 1025 1650 1071; baseline -0.003 -11"><span class='ocrx_word' id='word_1_107' title='bbox 130 1034 166 1060; x_wconf 86' lang='lat' dir='ltr'>et</span> <span class='ocrx_word' id='word_1_108' title='bbox 184 1026 282 1060; x_wconf 91' lang='lat' dir='ltr'>hoc</span> <span class='ocrx_word' id='word_1_109' title='bbox 272 1038 349 1070; x_wconf 78' lang='lat' dir='ltr'>lpse</span> <span class='ocrx_word' id='word_1_110' title='bbox 370 1037 442 1059; x_wconf 90' lang='lat' dir='ltr'>sum</span> <span class='ocrx_word' id='word_1_111' title='bbox 459 1034 615 1067; x_wconf 88' lang='lat' dir='ltr'>secutus;</span> <span class='ocrx_word' id='word_1_112' title='bbox 640 1038 753 1071; x_wconf 87' lang='lat' dir='ltr'>neque</span> <span class='ocrx_word' id='word_1_113' title='bbox 772 1026 862 1059; x_wconf 87' lang='lat' dir='ltr'>enim</span> <span class='ocrx_word' id='word_1_114' title='bbox 878 1038 919 1058; x_wconf 86' lang='lat' dir='ltr'>ea</span> <span class='ocrx_word' id='word_1_115' title='bbox 936 1032 991 1058; x_wconf 88' lang='lat' dir='ltr'>est</span> <span class='ocrx_word' id='word_1_116' title='bbox 1012 1025 1048 1058; x_wconf 90' lang='lat' dir='ltr'>h.</span> <span class='ocrx_word' id='word_1_117' title='bbox 1075 1025 1097 1057; x_wconf 93' lang='lat' dir='ltr'>l.</span> <span class='ocrx_word' id='word_1_118' title='bbox 1127 1025 1179 1057; x_wconf 90' lang='lat' dir='ltr'>vis</span> <span class='ocrx_word' id='word_1_119' title='bbox 1210 1025 1401 1069; x_wconf 82' lang='lat' dir='ltr'>particulae</span> <span class='ocrx_word' id='word_1_120' title='bbox 1430 1035 1584 1066; x_wconf 72' lang='lat' dir='ltr'>rursuS,</span> <span class='ocrx_word' id='word_1_121' title='bbox 1612 1031 1650 1057; x_wconf 91' lang='lat' dir='ltr'>ut</span> 
     </span>
    </p>
   </div>
   <div class='ocr_carea' id='block_1_6' title="bbox 130 1072 964 1117">
    <p class='ocr_par' dir='ltr' id='par_1_6' title="bbox 130 1072 964 1117">
     <span class='ocr_line' id='line_1_15' title="bbox 130 1072 964 1117; baseline 0.001 -11"><span class='ocrx_word' id='word_1_122' title='bbox 130 1073 213 1106; x_wconf 88' lang='lat' dir='ltr'>inde</span> <span class='ocrx_word' id='word_1_123' title='bbox 232 1085 322 1106; x_wconf 89' lang='lat' dir='ltr'>nova</span> <span class='ocrx_word' id='word_1_124' title='bbox 348 1072 522 1106; x_wconf 85' lang='lat' dir='ltr'>sententia</span> <span class='ocrx_word' id='word_1_125' title='bbox 548 1080 645 1106; x_wconf 86' lang='lat' dir='ltr'>recte</span> <span class='ocrx_word' id='word_1_126' title='bbox 670 1073 837 1107; x_wconf 82' lang='lat' dir='ltr'>ordiatur.</span> <span class='ocrx_word' id='word_1_127' title='bbox 868 1072 964 1117; x_wconf 84' lang='lat' dir='ltr'>Wr.)</span> 
     </span>
    </p>
   </div>
   <div class='ocr_carea' id='block_1_7' title="bbox 134 1120 884 1167">
    <p class='ocr_par' dir='ltr' id='par_1_7' title="bbox 134 1120 884 1167">
     <span class='ocr_line' id='line_1_16' title="bbox 134 1120 884 1167; baseline 0 -13"><span class='ocrx_word' id='word_1_128' title='bbox 134 1121 270 1167; x_wconf 79' lang='lat' dir='ltr'>cipient</span> <span class='ocrx_word' id='word_1_129' title='bbox 285 1120 403 1156; x_wconf 85' lang='lat' dir='ltr'>Lutat.</span> <span class='ocrx_word' id='word_1_130' title='bbox 433 1120 477 1153; x_wconf 91' lang='lat' dir='ltr'>ad</span> <span class='ocrx_word' id='word_1_131' title='bbox 498 1123 586 1154; x_wconf 85' lang='lat' dir='ltr'>Stat.</span> <span class='ocrx_word' id='word_1_132' title='bbox 610 1121 675 1156; x_wconf 79' lang='lat' dir='ltr'>Vll</span> <span class='ocrx_word' id='word_1_133' title='bbox 692 1120 806 1154; x_wconf 86' lang='lat' dir='ltr'>Theb.</span> <span class='ocrx_word' id='word_1_134' title='bbox 827 1120 884 1155; x_wconf 75' lang='lat'>92.</span> 
     </span>
    </p>
   </div>
   <div class='ocr_carea' id='block_1_8' title="bbox 132 1239 877 2961">
    <p class='ocr_par' dir='ltr' id='par_1_8' title="bbox 132 1239 877 2961">
     <span class='ocr_line' id='line_1_17' title="bbox 133 1239 861 1278; baseline 0.001 -2"><span class='ocrx_word' id='word_1_135' title='bbox 133 1239 263 1276; x_wconf 82' lang='lat' dir='ltr'>multa</span> <span class='ocrx_word' id='word_1_136' title='bbox 298 1240 463 1277; x_wconf 65' lang='lat' dir='ltr'>‚saecula</span> <span class='ocrx_word' id='word_1_137' title='bbox 504 1239 744 1278; x_wconf 82' lang='lat' dir='ltr'>memoravit</span> <span class='ocrx_word' id='word_1_138' title='bbox 783 1239 861 1277; x_wconf 87' lang='lat' dir='ltr'>Cic.</span> 
     </span>
     <span class='ocr_line' id='line_1_18' title="bbox 133 1296 862 1348; baseline -0.001 -13"><span class='ocrx_word' id='word_1_139' title='bbox 133 1297 176 1335; x_wconf 92' lang='lat' dir='ltr'>in</span> <span class='ocrx_word' id='word_1_140' title='bbox 206 1298 270 1335; x_wconf 89' lang='lat' dir='ltr'>So.</span> <span class='ocrx_word' id='word_1_141' title='bbox 302 1296 406 1348; x_wconf 86' lang='lat' dir='ltr'>Scip.</span> <span class='ocrx_word' id='word_1_142' title='bbox 435 1297 508 1335; x_wconf 92' lang='lat' dir='ltr'>sub</span> <span class='ocrx_word' id='word_1_143' title='bbox 549 1298 574 1335; x_wconf 88' lang='lat' dir='ltr'>f.</span> <span class='ocrx_word' id='word_1_144' title='bbox 613 1297 700 1335; x_wconf 91' lang='lat' dir='ltr'>loco</span> <span class='ocrx_word' id='word_1_145' title='bbox 728 1297 808 1334; x_wconf 86' lang='lat' dir='ltr'>iam</span> <span class='ocrx_word' id='word_1_146' title='bbox 840 1310 862 1334; x_wconf 91' lang='lat' dir='ltr'>a</span> 
     </span>
     <span class='ocr_line' id='line_1_19' title="bbox 135 1354 862 1393; baseline 0 -1"><span class='ocrx_word' id='word_1_147' title='bbox 135 1354 264 1393; x_wconf 82' lang='lat' dir='ltr'>Cerda</span> <span class='ocrx_word' id='word_1_148' title='bbox 294 1355 482 1393; x_wconf 81' lang='lat' dir='ltr'>excitato.</span> <span class='ocrx_word' id='word_1_149' title='bbox 549 1355 746 1392; x_wconf 85' lang='lat' dir='ltr'>Pindarus</span> <span class='ocrx_word' id='word_1_150' title='bbox 789 1369 862 1392; x_wconf 87' lang='lat' dir='ltr'>no-</span> 
     </span>
     <span class='ocr_line' id='line_1_20' title="bbox 133 1413 862 1464; baseline 0.001 -14"><span class='ocrx_word' id='word_1_151' title='bbox 133 1427 224 1451; x_wconf 66' lang='lat' dir='ltr'>vem</span> <span class='ocrx_word' id='word_1_152' title='bbox 245 1427 372 1450; x_wconf 79' lang='lat' dir='ltr'>annos</span> <span class='ocrx_word' id='word_1_153' title='bbox 401 1413 558 1450; x_wconf 81' lang='lat' dir='ltr'>finierat</span> <span class='ocrx_word' id='word_1_154' title='bbox 585 1413 626 1450; x_wconf 87' lang='lat' dir='ltr'>in</span> <span class='ocrx_word' id='word_1_155' title='bbox 658 1413 862 1464; x_wconf 86' lang='lat' dir='ltr'>praeclaro</span> 
     </span>
     <span class='ocr_line' id='line_1_21' title="bbox 135 1470 863 1522; baseline 0 -13"><span class='ocrx_word' id='word_1_156' title='bbox 135 1471 276 1521; x_wconf 80' lang='lat' dir='ltr'>fragm.</span> <span class='ocrx_word' id='word_1_157' title='bbox 307 1484 369 1521; x_wconf 91' lang='lat' dir='ltr'>ap.</span> <span class='ocrx_word' id='word_1_158' title='bbox 405 1471 610 1508; x_wconf 85' lang='lat' dir='ltr'>Platonem</span> <span class='ocrx_word' id='word_1_159' title='bbox 638 1470 797 1509; x_wconf 84' lang='lat' dir='ltr'>Menon.</span> <span class='ocrx_word' id='word_1_160' title='bbox 826 1485 863 1522; x_wconf 90' lang='lat' dir='ltr'>p.</span> 
     </span>
     <span class='ocr_line' id='line_1_22' title="bbox 135 1528 865 1570; baseline 0 -5"><span class='ocrx_word' id='word_1_161' title='bbox 135 1528 219 1570; x_wconf 81' lang='grc'>415</span> <span class='ocrx_word' id='word_1_162' title='bbox 253 1528 296 1565; x_wconf 84' lang='grc' dir='ltr'>Β.</span> <span class='ocrx_word' id='word_1_163' title='bbox 332 1528 417 1566; x_wconf 78' lang='lat' dir='ltr'>Frf.</span> <span class='ocrx_word' id='word_1_164' title='bbox 476 1528 661 1566; x_wconf 88' lang='lat' dir='ltr'>Animam</span> <span class='ocrx_word' id='word_1_165' title='bbox 696 1529 752 1566; x_wconf 86' lang='lat' dir='ltr'>ait</span> <span class='ocrx_word' id='word_1_166' title='bbox 783 1542 865 1566; x_wconf 90' lang='lat' dir='ltr'>non</span> 
     </span>
     <span class='ocr_line' id='line_1_23' title="bbox 135 1586 867 1634; baseline -0.001 -10"><span class='ocrx_word' id='word_1_167' title='bbox 135 1586 331 1634; x_wconf 83' lang='lat' dir='ltr'>interire,</span> <span class='ocrx_word' id='word_1_168' title='bbox 380 1586 449 1624; x_wconf 85' lang='lat' dir='ltr'>sed</span> <span class='ocrx_word' id='word_1_169' title='bbox 486 1592 648 1624; x_wconf 86' lang='lat' dir='ltr'>tantum</span> <span class='ocrx_word' id='word_1_170' title='bbox 679 1587 781 1624; x_wconf 87' lang='lat' dir='ltr'>mori</span> <span class='ocrx_word' id='word_1_171' title='bbox 821 1599 867 1623; x_wconf 87' lang='lat' dir='ltr'>ac</span> 
     </span>
     <span class='ocr_line' id='line_1_24' title="bbox 136 1644 867 1694; baseline -0.003 -12"><span class='ocrx_word' id='word_1_172' title='bbox 136 1644 405 1694; x_wconf 83' lang='lat' dir='ltr'>reviviscere3</span> <span class='ocrx_word' id='word_1_173' title='bbox 444 1650 579 1683; x_wconf 84' lang='lat' dir='ltr'>sancte</span> <span class='ocrx_word' id='word_1_174' title='bbox 620 1645 752 1694; x_wconf 89' lang='lat' dir='ltr'>itaque</span> <span class='ocrx_word' id='word_1_175' title='bbox 785 1656 867 1681; x_wconf 89' lang='lat' dir='ltr'>esse</span> 
     </span>
     <span class='ocr_line' id='line_1_25' title="bbox 138 1698 866 1755; baseline 0.006 -16"><span class='ocrx_word' id='word_1_176' title='bbox 138 1701 390 1739; x_wconf 84' lang='lat' dir='ltr'>vivendum:</span> <span class='ocrx_word' id='word_1_177' title='bbox 433 1698 514 1742; x_wconf 80' lang='grc' dir='ltr'><em>οἷσι</em></span> <span class='ocrx_word' id='word_1_178' title='bbox 546 1718 621 1755; x_wconf 81' lang='grc' dir='ltr'>γαρ</span> <span class='ocrx_word' id='word_1_179' title='bbox 663 1698 715 1741; x_wconf 65' lang='grc' dir='ltr'>ἄν</span> <span class='ocrx_word' id='word_1_180' title='bbox 749 1700 805 1754; x_wconf 83' lang='lat' dir='ltr'>(h</span> <span class='ocrx_word' id='word_1_181' title='bbox 834 1714 866 1739; x_wconf 76' lang='grc' dir='ltr'>Ε-</span> 
     </span>
     <span class='ocr_line' id='line_1_26' title="bbox 140 1753 868 1811; baseline -0.001 -13"><span class='ocrx_word' id='word_1_182' title='bbox 140 1754 219 1809; x_wconf 83' lang='grc' dir='ltr'><em>οἷφ’</em></span> <span class='ocrx_word' id='word_1_183' title='bbox 254 1753 328 1810; x_wconf 68' lang='grc' dir='ltr'>ὦῑ)</span> <span class='ocrx_word' id='word_1_184' title='bbox 365 1756 602 1811; x_wconf 82' lang='grc' dir='ltr'><em>Φερσεφὸνα</em></span> <span class='ocrx_word' id='word_1_185' title='bbox 623 1775 774 1799; x_wconf 85' lang='grc' dir='ltr'><em>ποιναν</em></span> <span class='ocrx_word' id='word_1_186' title='bbox 793 1775 868 1798; x_wconf 85' lang='grc' dir='ltr'>πα-</span> 
     </span>
     <span class='ocr_line' id='line_1_27' title="bbox 139 1815 868 1869; baseline -0.004 -14"><span class='ocrx_word' id='word_1_187' title='bbox 139 1819 258 1856; x_wconf 85' lang='grc' dir='ltr'><em>λαιοῦ</em></span> <span class='ocrx_word' id='word_1_188' title='bbox 279 1815 455 1864; x_wconf 82' lang='grc' dir='ltr'><strong><em>πένθεος</em></strong></span> <span class='ocrx_word' id='word_1_189' title='bbox 476 1816 532 1869; x_wconf 85' lang='lat' dir='ltr'>(h.</span> <span class='ocrx_word' id='word_1_190' title='bbox 546 1830 577 1854; x_wconf 89' lang='lat' dir='ltr'>e</span> <span class='ocrx_word' id='word_1_191' title='bbox 598 1819 742 1865; x_wconf 80' lang='grc' dir='ltr'><strong><em>κακοῦ,</em></strong></span> <span class='ocrx_word' id='word_1_192' title='bbox 761 1816 868 1854; x_wconf 85' lang='lat' dir='ltr'>idem</span> 
     </span>
     <span class='ocr_line' id='line_1_28' title="bbox 140 1874 869 1923; baseline -0.001 -12"><span class='ocrx_word' id='word_1_193' title='bbox 140 1880 198 1911; x_wconf 91' lang='lat' dir='ltr'>est</span> <span class='ocrx_word' id='word_1_194' title='bbox 226 1882 337 1911; x_wconf 68' lang='lat' dir='ltr'>vetus</span> <span class='ocrx_word' id='word_1_195' title='bbox 362 1876 518 1912; x_wconf 76' lang='lat' dir='ltr'>malum</span> <span class='ocrx_word' id='word_1_196' title='bbox 549 1874 748 1923; x_wconf 77' lang='lat' dir='ltr'>Maronis,</span> <span class='ocrx_word' id='word_1_197' title='bbox 781 1889 869 1911; x_wconf 85' lang='lat' dir='ltr'>cor-</span> 
     </span>
     <span class='ocr_line' id='line_1_29' title="bbox 132 1932 870 1985; baseline 0.004 -17"><span class='ocrx_word' id='word_1_198' title='bbox 132 1946 261 1983; x_wconf 80' lang='lat' dir='ltr'>porea</span> <span class='ocrx_word' id='word_1_199' title='bbox 272 1933 399 1982; x_wconf 71' lang='lat' dir='ltr'>pestis</span> <span class='ocrx_word' id='word_1_200' title='bbox 417 1945 508 1981; x_wconf 88' lang='lat' dir='ltr'>seu,</span> <span class='ocrx_word' id='word_1_201' title='bbox 540 1932 722 1985; x_wconf 84' lang='lat' dir='ltr'>morbus)</span> <span class='ocrx_word' id='word_1_202' title='bbox 759 1932 870 1980; x_wconf 78' lang='grc' dir='ltr'><em>δέξε-</em></span> 
     </span>
     <span class='ocr_line' id='line_1_30' title="bbox 140 1986 870 2040; baseline 0 -12"><span class='ocrx_word' id='word_1_203' title='bbox 140 2005 225 2038; x_wconf 84' lang='grc' dir='ltr'><strong><em>ται,</em></strong></span> <span class='ocrx_word' id='word_1_204' title='bbox 259 1990 316 2037; x_wconf 81' lang='grc' dir='ltr'>εἰς</span> <span class='ocrx_word' id='word_1_205' title='bbox 345 1987 412 2029; x_wconf 84' lang='grc' dir='ltr'>τὸν</span> <span class='ocrx_word' id='word_1_206' title='bbox 441 1986 625 2040; x_wconf 69' lang='grc' dir='ltr'><em>ὕπερθεν</em></span> <span class='ocrx_word' id='word_1_207' title='bbox 653 1987 768 2029; x_wconf 73' lang='grc' dir='ltr'><em>ἅλιον</em></span> <span class='ocrx_word' id='word_1_208' title='bbox 800 1988 870 2040; x_wconf 81' lang='lat' dir='ltr'>(ad</span> 
     </span>
     <span class='ocr_line' id='line_1_31' title="bbox 141 2044 870 2097; baseline 0 -13"><span class='ocrx_word' id='word_1_209' title='bbox 141 2061 307 2097; x_wconf 76' lang='lat' dir='ltr'>superas</span> <span class='ocrx_word' id='word_1_210' title='bbox 334 2061 458 2084; x_wconf 76' lang='lat' dir='ltr'>auras</span> <span class='ocrx_word' id='word_1_211' title='bbox 480 2077 491 2096; x_wconf 83' lang='grc'>,</span> <span class='ocrx_word' id='word_1_212' title='bbox 531 2047 590 2084; x_wconf 82' lang='lat' dir='ltr'>acl</span> <span class='ocrx_word' id='word_1_213' title='bbox 614 2048 794 2094; x_wconf 75' lang='lat' dir='ltr'>caelum,</span> <span class='ocrx_word' id='word_1_214' title='bbox 829 2044 870 2084; x_wconf 89' lang='lat' dir='ltr'>h.</span> 
     </span>
     <span class='ocr_line' id='line_1_32' title="bbox 142 2100 871 2158; baseline 0.001 -17"><span class='ocrx_word' id='word_1_215' title='bbox 142 2117 176 2143; x_wconf 92' lang='lat' dir='ltr'>e.</span> <span class='ocrx_word' id='word_1_216' title='bbox 206 2104 248 2141; x_wconf 90' lang='lat' dir='ltr'>in</span> <span class='ocrx_word' id='word_1_217' title='bbox 282 2103 424 2158; x_wconf 88' lang='lat' dir='ltr'>vitam)</span> <span class='ocrx_word' id='word_1_218' title='bbox 453 2106 600 2145; x_wconf 83' lang='grc' dir='ltr'><em>κείνων</em></span> <span class='ocrx_word' id='word_1_219' title='bbox 632 2100 758 2157; x_wconf 77' lang='grc' dir='ltr'><em>ἐνάτῳ</em></span> <span class='ocrx_word' id='word_1_220' title='bbox 794 2103 871 2143; x_wconf 75' lang='grc' dir='ltr'>ἔτει</span> 
     </span>
     <span class='ocr_line' id='line_1_33' title="bbox 144 2157 872 2214; baseline -0.004 -12"><span class='ocrx_word' id='word_1_221' title='bbox 144 2157 464 2214; x_wconf 67' lang='grc' dir='ltr'><em>ἅνδιδοῐψυχᾶν</em></span> <span class='ocrx_word' id='word_1_222' title='bbox 484 2160 629 2202; x_wconf 75' lang='grc' dir='ltr'><strong><em>πάλιν·</em></strong></span> <span class='ocrx_word' id='word_1_223' title='bbox 656 2184 705 2190; x_wconf 88' lang='grc'>--</span> <span class='ocrx_word' id='word_1_224' title='bbox 729 2161 772 2201; x_wconf 80' lang='grc' dir='ltr'>ἐκ</span> <span class='ocrx_word' id='word_1_225' title='bbox 797 2163 872 2200; x_wconf 76' lang='grc' dir='ltr'>τᾶν</span> 
     </span>
     <span class='ocr_line' id='line_1_34' title="bbox 144 2216 872 2273; baseline -0.004 -14"><span class='ocrx_word' id='word_1_226' title='bbox 144 2220 336 2273; x_wconf 78' lang='grc' dir='ltr'><em>βασιλῆες</em></span> <span class='ocrx_word' id='word_1_227' title='bbox 355 2216 501 2273; x_wconf 75' lang='grc' dir='ltr'>ἅγαυοὶ</span> <span class='ocrx_word' id='word_1_228' title='bbox 521 2219 587 2259; x_wconf 76' lang='grc' dir='ltr'>καὶ</span> <span class='ocrx_word' id='word_1_229' title='bbox 601 2217 739 2258; x_wconf 78' lang='grc' dir='ltr'><em>σθένει</em></span> <span class='ocrx_word' id='word_1_230' title='bbox 758 2234 872 2269; x_wconf 80' lang='grc' dir='ltr'><strong><em>κραι-</em></strong></span> 
     </span>
     <span class='ocr_line' id='line_1_35' title="bbox 144 2273 873 2332; baseline -0.004 -15"><span class='ocrx_word' id='word_1_231' title='bbox 144 2276 241 2317; x_wconf 84' lang='grc' dir='ltr'><strong>πνοὶ</strong></span> <span class='ocrx_word' id='word_1_232' title='bbox 275 2279 402 2332; x_wconf 75' lang='grc' dir='ltr'><em>σοφίᾳ</em></span> <span class='ocrx_word' id='word_1_233' title='bbox 435 2292 475 2316; x_wconf 84' lang='grc' dir='ltr'>τε</span> <span class='ocrx_word' id='word_1_234' title='bbox 516 2275 691 2328; x_wconf 81' lang='grc' dir='ltr'><em>μέγιστοι</em></span> <span class='ocrx_word' id='word_1_235' title='bbox 728 2273 873 2327; x_wconf 72' lang='grc' dir='ltr'><em>ἄνδρες</em></span> 
     </span>
     <span class='ocr_line' id='line_1_36' title="bbox 146 2330 872 2384; baseline -0.004 -10"><span class='ocrx_word' id='word_1_236' title='bbox 146 2332 365 2382; x_wconf 78' lang='grc' dir='ltr'><em>αὔξονται”</em></span> <span class='ocrx_word' id='word_1_237' title='bbox 397 2334 436 2381; x_wconf 83' lang='grc' dir='ltr'>ἐς</span> <span class='ocrx_word' id='word_1_238' title='bbox 462 2332 504 2373; x_wconf 82' lang='grc' dir='ltr'>ὸὲ</span> <span class='ocrx_word' id='word_1_239' title='bbox 526 2331 597 2373; x_wconf 83' lang='grc' dir='ltr'>τὸν</span> <span class='ocrx_word' id='word_1_240' title='bbox 615 2330 759 2373; x_wconf 77' lang='grc' dir='ltr'><em>λοιπὸν</em></span> <span class='ocrx_word' id='word_1_241' title='bbox 786 2331 872 2384; x_wconf 78' lang='grc' dir='ltr'>χρό-</span> 
     </span>
     <span class='ocr_line' id='line_1_37' title="bbox 145 2385 873 2443; baseline -0.004 -12"><span class='ocrx_word' id='word_1_242' title='bbox 145 2407 220 2431; x_wconf 78' lang='grc' dir='ltr'>νον</span> <span class='ocrx_word' id='word_1_243' title='bbox 247 2388 355 2443; x_wconf 76' lang='grc' dir='ltr'>ἤρωε</span> <span class='ocrx_word' id='word_1_244' title='bbox 360 2408 378 2439; x_wconf 83' lang='grc' dir='ltr'><strong><em>ς</em></strong></span> <span class='ocrx_word' id='word_1_245' title='bbox 409 2390 526 2443; x_wconf 72' lang='grc' dir='ltr'>ἁγνοὶ</span> <span class='ocrx_word' id='word_1_246' title='bbox 561 2406 665 2442; x_wconf 84' lang='grc' dir='ltr'><strong><em>ποος</em></strong></span> <span class='ocrx_word' id='word_1_247' title='bbox 701 2385 873 2441; x_wconf 73' lang='grc' dir='ltr'><em>ἅνθρώ-</em></span> 
     </span>
     <span class='ocr_line' id='line_1_38' title="bbox 145 2447 872 2499; baseline -0.007 -10"><span class='ocrx_word' id='word_1_248' title='bbox 145 2464 236 2489; x_wconf 81' lang='grc' dir='ltr'>πων</span> <span class='ocrx_word' id='word_1_249' title='bbox 255 2452 482 2488; x_wconf 79' lang='grc' dir='ltr'><em>καλεῦνται.</em></span> <span class='ocrx_word' id='word_1_250' title='bbox 522 2447 659 2485; x_wconf 79' lang='lat' dir='ltr'>Idem</span> <span class='ocrx_word' id='word_1_251' title='bbox 651 2462 691 2484; x_wconf 92' lang='lat' dir='ltr'>1n</span> <span class='ocrx_word' id='word_1_252' title='bbox 714 2448 872 2499; x_wconf 71' lang='lat' dir='ltr'>Ol)mp.</span> 
     </span>
     <span class='ocr_line' id='line_1_39' title="bbox 146 2506 872 2556; baseline -0.004 -12"><span class='ocrx_word' id='word_1_253' title='bbox 146 2506 195 2554; x_wconf 89' lang='lat' dir='ltr'>ll,</span> <span class='ocrx_word' id='word_1_254' title='bbox 220 2509 298 2546; x_wconf 80' lang='lat'>123</span> <span class='ocrx_word' id='word_1_255' title='bbox 322 2520 407 2554; x_wconf 79' lang='lat' dir='ltr'>eos,</span> <span class='ocrx_word' id='word_1_256' title='bbox 440 2506 507 2556; x_wconf 85' lang='lat' dir='ltr'>qui</span> <span class='ocrx_word' id='word_1_257' title='bbox 536 2507 661 2543; x_wconf 86' lang='lat' dir='ltr'>vitam</span> <span class='ocrx_word' id='word_1_258' title='bbox 689 2511 752 2542; x_wconf 89' lang='lat' dir='ltr'>ter</span> <span class='ocrx_word' id='word_1_259' title='bbox 778 2518 872 2541; x_wconf 78' lang='lat' dir='ltr'>exe-</span> 
     </span>
     <span class='ocr_line' id='line_1_40' title="bbox 147 2563 874 2615; baseline -0.003 -14"><span class='ocrx_word' id='word_1_260' title='bbox 147 2565 293 2615; x_wconf 84' lang='lat' dir='ltr'>gissent</span> <span class='ocrx_word' id='word_1_261' title='bbox 309 2564 376 2612; x_wconf 82' lang='lat' dir='ltr'>sic,</span> <span class='ocrx_word' id='word_1_262' title='bbox 398 2569 445 2601; x_wconf 90' lang='lat' dir='ltr'>ut</span> <span class='ocrx_word' id='word_1_263' title='bbox 468 2563 660 2600; x_wconf 82' lang='lat' dir='ltr'>iustitiam</span> <span class='ocrx_word' id='word_1_264' title='bbox 684 2563 874 2610; x_wconf 90' lang='lat' dir='ltr'>colerent,</span> 
     </span>
     <span class='ocr_line' id='line_1_41' title="bbox 149 2620 875 2659; baseline -0.003 0"><span class='ocrx_word' id='word_1_265' title='bbox 149 2622 201 2659; x_wconf 88' lang='lat' dir='ltr'>ad</span> <span class='ocrx_word' id='word_1_266' title='bbox 224 2622 386 2659; x_wconf 83' lang='lat' dir='ltr'>Beatam</span> <span class='ocrx_word' id='word_1_267' title='bbox 406 2621 576 2658; x_wconf 79' lang='lat' dir='ltr'>insulam</span> <span class='ocrx_word' id='word_1_268' title='bbox 608 2620 753 2658; x_wconf 81' lang='lat' dir='ltr'>deferri</span> <span class='ocrx_word' id='word_1_269' title='bbox 777 2634 875 2658; x_wconf 89' lang='lat' dir='ltr'>nar-</span> 
     </span>
     <span class='ocr_line' id='line_1_42' title="bbox 149 2678 876 2717; baseline -0.003 0"><span class='ocrx_word' id='word_1_270' title='bbox 149 2686 323 2717; x_wconf 85' lang='lat' dir='ltr'>raverat.</span> <span class='ocrx_word' id='word_1_271' title='bbox 389 2681 465 2716; x_wconf 78' lang='lat' dir='ltr'>&#39;l&#39;er</span> <span class='ocrx_word' id='word_1_272' title='bbox 497 2679 607 2715; x_wconf 60' lang='lat' dir='ltr'>mille</span> <span class='ocrx_word' id='word_1_273' title='bbox 647 2678 759 2715; x_wconf 89' lang='lat' dir='ltr'>annis</span> <span class='ocrx_word' id='word_1_274' title='bbox 795 2678 876 2715; x_wconf 86' lang='lat' dir='ltr'>cir-</span> 
     </span>
     <span class='ocr_line' id='line_1_43' title="bbox 151 2736 876 2787; baseline 0 -15"><span class='ocrx_word' id='word_1_275' title='bbox 151 2738 305 2774; x_wconf 83' lang='lat' dir='ltr'>cuitum</span> <span class='ocrx_word' id='word_1_276' title='bbox 329 2736 552 2773; x_wconf 87' lang='lat' dir='ltr'>animarum</span> <span class='ocrx_word' id='word_1_277' title='bbox 576 2736 660 2774; x_wconf 81' lang='lat' dir='ltr'>lieri</span> <span class='ocrx_word' id='word_1_278' title='bbox 686 2749 756 2787; x_wconf 87' lang='lat' dir='ltr'>per</span> <span class='ocrx_word' id='word_1_279' title='bbox 788 2736 876 2773; x_wconf 84' lang='lat' dir='ltr'>ani-</span> 
     </span>
     <span class='ocr_line' id='line_1_44' title="bbox 152 2794 876 2844; baseline 0 -14"><span class='ocrx_word' id='word_1_280' title='bbox 152 2795 314 2831; x_wconf 84' lang='lat' dir='ltr'>malium</span> <span class='ocrx_word' id='word_1_281' title='bbox 334 2808 523 2844; x_wconf 83' lang='lat' dir='ltr'>corpora,</span> <span class='ocrx_word' id='word_1_282' title='bbox 549 2799 774 2831; x_wconf 77' lang='lat' dir='ltr'>statuerant</span> <span class='ocrx_word' id='word_1_283' title='bbox 796 2794 876 2831; x_wconf 83' lang='lat' dir='ltr'>Ae-</span> 
     </span>
     <span class='ocr_line' id='line_1_45' title="bbox 149 2851 877 2903; baseline 0 -14"><span class='ocrx_word' id='word_1_284' title='bbox 149 2852 275 2903; x_wconf 77' lang='lat' dir='ltr'>gyptii</span> <span class='ocrx_word' id='word_1_285' title='bbox 307 2865 357 2888; x_wconf 79' lang='lat' dir='ltr'>ex</span> <span class='ocrx_word' id='word_1_286' title='bbox 383 2851 581 2889; x_wconf 84' lang='lat' dir='ltr'>Herodoti</span> <span class='ocrx_word' id='word_1_287' title='bbox 611 2851 689 2888; x_wconf 85' lang='lat' dir='ltr'>fide</span> <span class='ocrx_word' id='word_1_288' title='bbox 721 2852 787 2889; x_wconf 91' lang='lat' dir='ltr'>lib.</span> <span class='ocrx_word' id='word_1_289' title='bbox 830 2852 877 2901; x_wconf 81' lang='lat' dir='ltr'>Il,</span> 
     </span>
     <span class='ocr_line' id='line_1_46' title="bbox 154 2908 876 2961; baseline -0.006 -11"><span class='ocrx_word' id='word_1_290' title='bbox 154 2913 246 2958; x_wconf 81' lang='lat'><strong>123,</strong></span> <span class='ocrx_word' id='word_1_291' title='bbox 267 2909 376 2960; x_wconf 87' lang='lat' dir='ltr'>quod</span> <span class='ocrx_word' id='word_1_292' title='bbox 394 2915 527 2947; x_wconf 86' lang='lat' dir='ltr'>tamen</span> <span class='ocrx_word' id='word_1_293' title='bbox 555 2908 696 2961; x_wconf 83' lang='lat' dir='ltr'>dogma</span> <span class='ocrx_word' id='word_1_294' title='bbox 717 2915 876 2948; x_wconf 86' lang='lat' dir='ltr'>tantum</span> 
     </span>
    </p>
   </div>
   <div class='ocr_carea' id='block_1_9' title="bbox 1059 1072 1650 1119">
    <p class='ocr_par' dir='ltr' id='par_1_9' title="bbox 1059 1072 1650 1119">
     <span class='ocr_line' id='line_1_47' title="bbox 1059 1072 1650 1119; baseline -0.003 -12"><span class='ocrx_word' id='word_1_295' title='bbox 1059 1072 1125 1107; x_wconf 87' lang='grc'>751</span> <span class='ocrx_word' id='word_1_296' title='bbox 1152 1073 1333 1119; x_wconf 71' lang='lat' dir='ltr'>incipiant</span> <span class='ocrx_word' id='word_1_297' title='bbox 1366 1072 1420 1105; x_wconf 88' lang='lat' dir='ltr'>ed.</span> <span class='ocrx_word' id='word_1_298' title='bbox 1451 1073 1540 1106; x_wconf 89' lang='lat' dir='ltr'>Ven.</span> <span class='ocrx_word' id='word_1_299' title='bbox 1588 1072 1650 1105; x_wconf 86' lang='lat' dir='ltr'>in-</span> 
     </span>
    </p>
   </div>
   <div class='ocr_carea' id='block_1_10' title="bbox 919 1235 1661 2902">
    <p class='ocr_par' dir='ltr' id='par_1_10' title="bbox 919 1235 1658 2209">
     <span class='ocr_line' id='line_1_48' title="bbox 920 1235 1649 1288; baseline -0.003 -12"><span class='ocrx_word' id='word_1_300' title='bbox 920 1237 972 1276; x_wconf 87' lang='lat' dir='ltr'>ad</span> <span class='ocrx_word' id='word_1_301' title='bbox 996 1238 1145 1275; x_wconf 90' lang='lat' dir='ltr'>animas</span> <span class='ocrx_word' id='word_1_302' title='bbox 1166 1241 1346 1288; x_wconf 88' lang='lat' dir='ltr'>spectare</span> <span class='ocrx_word' id='word_1_303' title='bbox 1373 1235 1529 1287; x_wconf 88' lang='lat' dir='ltr'>potuit,</span> <span class='ocrx_word' id='word_1_304' title='bbox 1560 1249 1649 1274; x_wconf 88' lang='lat' dir='ltr'>sce-</span> 
     </span>
     <span class='ocr_line' id='line_1_49' title="bbox 919 1293 1652 1343; baseline -0.004 -9"><span class='ocrx_word' id='word_1_305' title='bbox 919 1296 1069 1334; x_wconf 87' lang='lat' dir='ltr'>leribus</span> <span class='ocrx_word' id='word_1_306' title='bbox 1109 1308 1154 1332; x_wconf 88' lang='lat' dir='ltr'>ac</span> <span class='ocrx_word' id='word_1_307' title='bbox 1195 1293 1302 1332; x_wconf 85' lang='lat' dir='ltr'>vitiis</span> <span class='ocrx_word' id='word_1_308' title='bbox 1346 1293 1574 1343; x_wconf 87' lang='lat' dir='ltr'>inquinatas</span> <span class='ocrx_word' id='word_1_309' title='bbox 1611 1300 1652 1331; x_wconf 89' lang='lat' dir='ltr'>et</span> 
     </span>
     <span class='ocr_line' id='line_1_50' title="bbox 921 1349 1652 1404; baseline -0.004 -11"><span class='ocrx_word' id='word_1_310' title='bbox 921 1352 1227 1392; x_wconf 79' lang='lat' dir='ltr'>contaminatas.</span> <span class='ocrx_word' id='word_1_311' title='bbox 1285 1349 1366 1388; x_wconf 88' lang='lat' dir='ltr'>Nec</span> <span class='ocrx_word' id='word_1_312' title='bbox 1396 1364 1488 1388; x_wconf 88' lang='lat' dir='ltr'>sane</span> <span class='ocrx_word' id='word_1_313' title='bbox 1517 1352 1652 1404; x_wconf 85' lang='lat' dir='ltr'>potuit</span> 
     </span>
     <span class='ocr_line' id='line_1_51' title="bbox 921 1408 1651 1463; baseline -0.004 -14"><span class='ocrx_word' id='word_1_314' title='bbox 921 1413 963 1449; x_wconf 90' lang='lat' dir='ltr'>in</span> <span class='ocrx_word' id='word_1_315' title='bbox 981 1410 1130 1463; x_wconf 84' lang='lat' dir='ltr'>mythis</span> <span class='ocrx_word' id='word_1_316' title='bbox 1150 1408 1212 1447; x_wconf 88' lang='lat' dir='ltr'>his</span> <span class='ocrx_word' id='word_1_317' title='bbox 1237 1408 1319 1446; x_wconf 75' lang='lat' dir='ltr'>ulla</span> <span class='ocrx_word' id='word_1_318' title='bbox 1349 1421 1430 1446; x_wconf 88' lang='lat' dir='ltr'>esse</span> <span class='ocrx_word' id='word_1_319' title='bbox 1459 1415 1651 1447; x_wconf 87' lang='lat' dir='ltr'>constan-</span> 
     </span>
     <span class='ocr_line' id='line_1_52' title="bbox 921 1466 1652 1517; baseline -0.004 -10"><span class='ocrx_word' id='word_1_320' title='bbox 921 1470 997 1507; x_wconf 85' lang='lat' dir='ltr'>tia:</span> <span class='ocrx_word' id='word_1_321' title='bbox 1018 1482 1038 1506; x_wconf 93' lang='lat' dir='ltr'>e</span> <span class='ocrx_word' id='word_1_322' title='bbox 1058 1481 1101 1506; x_wconf 86' lang='lat' dir='ltr'>re</span> <span class='ocrx_word' id='word_1_323' title='bbox 1122 1473 1216 1505; x_wconf 86' lang='lat' dir='ltr'>nata</span> <span class='ocrx_word' id='word_1_324' title='bbox 1239 1466 1412 1517; x_wconf 82' lang='lat' dir='ltr'>fingebat</span> <span class='ocrx_word' id='word_1_325' title='bbox 1435 1467 1652 1517; x_wconf 87' lang='lat' dir='ltr'>unusquis-</span> 
     </span>
     <span class='ocr_line' id='line_1_53' title="bbox 924 1524 1652 1577; baseline -0.003 -13"><span class='ocrx_word' id='word_1_326' title='bbox 924 1540 1001 1577; x_wconf 88' lang='lat' dir='ltr'>que</span> <span class='ocrx_word' id='word_1_327' title='bbox 1030 1531 1308 1563; x_wconf 81' lang='lat' dir='ltr'>consentanea.</span> <span class='ocrx_word' id='word_1_328' title='bbox 1367 1524 1553 1562; x_wconf 85' lang='lat' dir='ltr'>Ceterum</span> <span class='ocrx_word' id='word_1_329' title='bbox 1585 1525 1652 1562; x_wconf 88' lang='lat' dir='ltr'>in-</span> 
     </span>
     <span class='ocr_line' id='line_1_54' title="bbox 923 1582 1652 1633; baseline -0.005 -10"><span class='ocrx_word' id='word_1_330' title='bbox 923 1591 986 1623; x_wconf 86' lang='lat' dir='ltr'>ter</span> <span class='ocrx_word' id='word_1_331' title='bbox 1003 1584 1101 1621; x_wconf 85' lang='lat' dir='ltr'>haee</span> <span class='ocrx_word' id='word_1_332' title='bbox 1122 1583 1346 1619; x_wconf 85' lang='lat' dir='ltr'>meminisse</span> <span class='ocrx_word' id='word_1_333' title='bbox 1367 1582 1503 1631; x_wconf 87' lang='lat' dir='ltr'>iuvat,</span> <span class='ocrx_word' id='word_1_334' title='bbox 1533 1595 1652 1633; x_wconf 88' lang='lat' dir='ltr'>quam</span> 
     </span>
     <span class='ocr_line' id='line_1_55' title="bbox 923 1639 1654 1692; baseline -0.003 -12"><span class='ocrx_word' id='word_1_335' title='bbox 923 1643 1023 1681; x_wconf 89' lang='lat' dir='ltr'>bene</span> <span class='ocrx_word' id='word_1_336' title='bbox 1040 1642 1083 1692; x_wconf 86' lang='lat' dir='ltr'>in</span> <span class='ocrx_word' id='word_1_337' title='bbox 1099 1639 1291 1678; x_wconf 86' lang='lat' dir='ltr'>Messiade</span> <span class='ocrx_word' id='word_1_338' title='bbox 1310 1640 1531 1678; x_wconf 82' lang='lat' dir='ltr'>animarum</span> <span class='ocrx_word' id='word_1_339' title='bbox 1550 1641 1654 1678; x_wconf 82' lang='lat' dir='ltr'>iam-</span> 
     </span>
     <span class='ocr_line' id='line_1_56' title="bbox 924 1696 1654 1749; baseline -0.004 -11"><span class='ocrx_word' id='word_1_340' title='bbox 924 1701 1004 1738; x_wconf 87' lang='lat' dir='ltr'>iam</span> <span class='ocrx_word' id='word_1_341' title='bbox 1026 1699 1069 1737; x_wconf 89' lang='lat' dir='ltr'>in</span> <span class='ocrx_word' id='word_1_342' title='bbox 1087 1698 1213 1736; x_wconf 88' lang='lat' dir='ltr'>vitam</span> <span class='ocrx_word' id='word_1_343' title='bbox 1233 1696 1539 1749; x_wconf 86' lang='lat' dir='ltr'>proditurarum</span> <span class='ocrx_word' id='word_1_344' title='bbox 1556 1711 1654 1746; x_wconf 82' lang='lat' dir='ltr'>sors,</span> 
     </span>
     <span class='ocr_line' id='line_1_57' title="bbox 926 1755 1655 1806; baseline -0.003 -11"><span class='ocrx_word' id='word_1_345' title='bbox 926 1757 1060 1805; x_wconf 84' lang='lat' dir='ltr'>sedes,</span> <span class='ocrx_word' id='word_1_346' title='bbox 1091 1757 1219 1804; x_wconf 87' lang='lat' dir='ltr'>facta,</span> <span class='ocrx_word' id='word_1_347' title='bbox 1251 1755 1358 1792; x_wconf 76' lang='lat' dir='ltr'>dicta</span> <span class='ocrx_word' id='word_1_348' title='bbox 1376 1756 1426 1793; x_wconf 88' lang='lat' dir='ltr'>ad</span> <span class='ocrx_word' id='word_1_349' title='bbox 1451 1756 1655 1806; x_wconf 87' lang='lat' dir='ltr'>puriorem</span> 
     </span>
     <span class='ocr_line' id='line_1_58' title="bbox 927 1812 1655 1864; baseline -0.003 -11"><span class='ocrx_word' id='word_1_350' title='bbox 927 1815 976 1853; x_wconf 81' lang='lat' dir='ltr'>de</span> <span class='ocrx_word' id='word_1_351' title='bbox 1019 1814 1150 1851; x_wconf 84' lang='lat' dir='ltr'>anima</span> <span class='ocrx_word' id='word_1_352' title='bbox 1196 1812 1373 1850; x_wconf 86' lang='lat' dir='ltr'>humana</span> <span class='ocrx_word' id='word_1_353' title='bbox 1421 1813 1655 1864; x_wconf 85' lang='lat' dir='ltr'>sapientiam</span> 
     </span>
     <span class='ocr_line' id='line_1_59' title="bbox 927 1871 1657 1922; baseline -0.003 -12"><span class='ocrx_word' id='word_1_354' title='bbox 927 1876 1190 1922; x_wconf 85' lang='lat' dir='ltr'>attemperata</span> <span class='ocrx_word' id='word_1_355' title='bbox 1229 1871 1309 1907; x_wconf 85' lang='lat' dir='ltr'>sint</span> <span class='ocrx_word' id='word_1_356' title='bbox 1346 1871 1418 1908; x_wconf 91' lang='lat' dir='ltr'>sub</span> <span class='ocrx_word' id='word_1_357' title='bbox 1447 1871 1514 1909; x_wconf 86' lang='lat' dir='ltr'>fin.</span> <span class='ocrx_word' id='word_1_358' title='bbox 1545 1871 1610 1909; x_wconf 89' lang='lat' dir='ltr'>lib.</span> <span class='ocrx_word' id='word_1_359' title='bbox 1640 1871 1657 1908; x_wconf 87' lang='grc' dir='ltr'>Ι</span> 
     </span>
     <span class='ocr_line' id='line_1_60' title="bbox 928 1928 1653 1978; baseline -0.003 -11"><span class='ocrx_word' id='word_1_360' title='bbox 928 1937 969 1968; x_wconf 92' lang='lat' dir='ltr'>et</span> <span class='ocrx_word' id='word_1_361' title='bbox 1011 1930 1082 1978; x_wconf 89' lang='lat' dir='ltr'>al.‚</span> <span class='ocrx_word' id='word_1_362' title='bbox 1122 1934 1168 1966; x_wconf 88' lang='lat' dir='ltr'>ut</span> <span class='ocrx_word' id='word_1_363' title='bbox 1201 1928 1304 1966; x_wconf 83' lang='lat' dir='ltr'>VIII.</span> <span class='ocrx_word' id='word_1_364' title='bbox 1363 1928 1460 1965; x_wconf 74' lang='lat' dir='ltr'>cleas</span> <span class='ocrx_word' id='word_1_365' title='bbox 1499 1937 1653 1976; x_wconf 62' lang='lat' dir='ltr'>evocat,</span> 
     </span>
     <span class='ocr_line' id='line_1_61' title="bbox 928 1985 1656 2036; baseline -0.003 -11"><span class='ocrx_word' id='word_1_366' title='bbox 928 2000 1010 2026; x_wconf 89' lang='lat' dir='ltr'>non</span> <span class='ocrx_word' id='word_1_367' title='bbox 1051 1986 1118 2023; x_wconf 82' lang='lat' dir='ltr'>hic</span> <span class='ocrx_word' id='word_1_368' title='bbox 1166 1985 1214 2022; x_wconf 86' lang='lat' dir='ltr'>de</span> <span class='ocrx_word' id='word_1_369' title='bbox 1255 1986 1455 2023; x_wconf 85' lang='lat' dir='ltr'>Mercurio</span> <span class='ocrx_word' id='word_1_370' title='bbox 1498 1986 1656 2036; x_wconf 82' lang='lat' dir='ltr'>agitur3</span> 
     </span>
     <span class='ocr_line' id='line_1_62' title="bbox 929 2042 1658 2095; baseline -0.003 -14"><span class='ocrx_word' id='word_1_371' title='bbox 929 2044 1039 2095; x_wconf 84' lang='lat' dir='ltr'>quod</span> <span class='ocrx_word' id='word_1_372' title='bbox 1066 2049 1212 2094; x_wconf 84' lang='lat' dir='ltr'>putant</span> <span class='ocrx_word' id='word_1_373' title='bbox 1239 2043 1369 2093; x_wconf 84' lang='lat' dir='ltr'>Intpp.</span> <span class='ocrx_word' id='word_1_374' title='bbox 1388 2072 1398 2090; x_wconf 82' lang='grc'>,</span> <span class='ocrx_word' id='word_1_375' title='bbox 1440 2043 1509 2079; x_wconf 86' lang='lat' dir='ltr'>sed</span> <span class='ocrx_word' id='word_1_376' title='bbox 1544 2049 1604 2080; x_wconf 83' lang='lat' dir='ltr'>est</span> <span class='ocrx_word' id='word_1_377' title='bbox 1635 2042 1658 2083; x_wconf 80' lang='grc' dir='ltr'>ὁ</span> 
     </span>
     <span class='ocr_line' id='line_1_63' title="bbox 930 2099 1658 2153; baseline 0.001 -17"><span class='ocrx_word' id='word_1_378' title='bbox 930 2103 1107 2153; x_wconf 77' lang='grc' dir='ltr'><em>ὸάίμων,</em></span> <span class='ocrx_word' id='word_1_379' title='bbox 1132 2100 1350 2137; x_wconf 81' lang='lat' dir='ltr'>indefinite.</span> <span class='ocrx_word' id='word_1_380' title='bbox 1370 2099 1452 2138; x_wconf 88' lang='lat' dir='ltr'>vid.</span> <span class='ocrx_word' id='word_1_381' title='bbox 1474 2100 1587 2137; x_wconf 86' lang='lat' dir='ltr'>Plato</span> <span class='ocrx_word' id='word_1_382' title='bbox 1609 2100 1658 2138; x_wconf 89' lang='lat' dir='ltr'>de</span> 
     </span>
     <span class='ocr_line' id='line_1_64' title="bbox 928 2157 1320 2209; baseline -0.003 -14"><span class='ocrx_word' id='word_1_383' title='bbox 928 2160 1026 2209; x_wconf 86' lang='lat' dir='ltr'>Rep.</span> <span class='ocrx_word' id='word_1_384' title='bbox 1047 2159 1098 2205; x_wconf 89' lang='lat' dir='ltr'>X,</span> <span class='ocrx_word' id='word_1_385' title='bbox 1119 2171 1156 2208; x_wconf 90' lang='lat' dir='ltr'>p.</span> <span class='ocrx_word' id='word_1_386' title='bbox 1175 2157 1256 2198; x_wconf 81' lang='lat'>765</span> <span class='ocrx_word' id='word_1_387' title='bbox 1277 2158 1320 2197; x_wconf 84' lang='lat' dir='ltr'>E.</span> 
     </span>
    </p>

    <p class='ocr_par' dir='ltr' id='par_1_11' title="bbox 930 2214 1661 2902">
     <span class='ocr_line' id='line_1_65' title="bbox 987 2214 1658 2264; baseline -0.007 -6"><span class='ocrx_word' id='word_1_388' title='bbox 987 2216 1068 2258; x_wconf 74' lang='lat'>752</span> <span class='ocrx_word' id='word_1_389' title='bbox 1104 2228 1185 2264; x_wconf 85' lang='lat' dir='ltr'>sqq.</span> <span class='ocrx_word' id='word_1_390' title='bbox 1236 2214 1292 2251; x_wconf 91' lang='lat' dir='ltr'>De</span> <span class='ocrx_word' id='word_1_391' title='bbox 1328 2215 1494 2252; x_wconf 88' lang='lat' dir='ltr'>invento</span> <span class='ocrx_word' id='word_1_392' title='bbox 1537 2214 1658 2253; x_wconf 88' lang='lat' dir='ltr'>huius</span> 
     </span>
     <span class='ocr_line' id='line_1_66' title="bbox 931 2272 1658 2321; baseline -0.001 -10"><span class='ocrx_word' id='word_1_393' title='bbox 931 2274 1177 2320; x_wconf 84' lang='lat' dir='ltr'>animarum,</span> <span class='ocrx_word' id='word_1_394' title='bbox 1219 2284 1320 2321; x_wconf 87' lang='lat' dir='ltr'>quae</span> <span class='ocrx_word' id='word_1_395' title='bbox 1356 2272 1396 2309; x_wconf 89' lang='lat' dir='ltr'>in</span> <span class='ocrx_word' id='word_1_396' title='bbox 1430 2285 1535 2310; x_wconf 82' lang='lat' dir='ltr'>nova</span> <span class='ocrx_word' id='word_1_397' title='bbox 1565 2286 1658 2310; x_wconf 89' lang='lat' dir='ltr'>cor-</span> 
     </span>
     <span class='ocr_line' id='line_1_67' title="bbox 930 2331 1659 2383; baseline -0.003 -15"><span class='ocrx_word' id='word_1_398' title='bbox 930 2344 1028 2383; x_wconf 88' lang='lat' dir='ltr'>pora</span> <span class='ocrx_word' id='word_1_399' title='bbox 1049 2331 1290 2368; x_wconf 80' lang='lat' dir='ltr'>transiturae</span> <span class='ocrx_word' id='word_1_400' title='bbox 1319 2336 1434 2378; x_wconf 85' lang='lat' dir='ltr'>sunt,</span> <span class='ocrx_word' id='word_1_401' title='bbox 1473 2343 1659 2368; x_wconf 85' lang='lat' dir='ltr'>recensus</span> 
     </span>
     <span class='ocr_line' id='line_1_68' title="bbox 932 2389 1660 2426; baseline -0.001 0"><span class='ocrx_word' id='word_1_402' title='bbox 932 2389 983 2426; x_wconf 89' lang='lat' dir='ltr'>ad</span> <span class='ocrx_word' id='word_1_403' title='bbox 1018 2389 1246 2425; x_wconf 81' lang='lat' dir='ltr'>suturarum</span> <span class='ocrx_word' id='word_1_404' title='bbox 1289 2394 1463 2426; x_wconf 87' lang='lat' dir='ltr'>aetatum</span> <span class='ocrx_word' id='word_1_405' title='bbox 1495 2400 1557 2425; x_wconf 87' lang='lat' dir='ltr'>res</span> <span class='ocrx_word' id='word_1_406' title='bbox 1587 2401 1660 2425; x_wconf 84' lang='lat' dir='ltr'>ex·-</span> 
     </span>
     <span class='ocr_line' id='line_1_69' title="bbox 931 2445 1659 2499; baseline -0.001 -16"><span class='ocrx_word' id='word_1_407' title='bbox 931 2446 1137 2499; x_wconf 86' lang='lat' dir='ltr'>ponendas</span> <span class='ocrx_word' id='word_1_408' title='bbox 1167 2445 1250 2484; x_wconf 82' lang='lat' dir='ltr'>vid.</span> <span class='ocrx_word' id='word_1_409' title='bbox 1280 2446 1445 2483; x_wconf 80' lang='lat' dir='ltr'>Excurs.</span> <span class='ocrx_word' id='word_1_410' title='bbox 1477 2445 1527 2482; x_wconf 85' lang='lat' dir='ltr'>ad</span> <span class='ocrx_word' id='word_1_411' title='bbox 1557 2445 1597 2484; x_wconf 91' lang='lat' dir='ltr'>h.</span> <span class='ocrx_word' id='word_1_412' title='bbox 1635 2445 1659 2482; x_wconf 94' lang='lat' dir='ltr'>l.</span> 
     </span>
     <span class='ocr_line' id='line_1_70' title="bbox 933 2503 1660 2554; baseline -0.001 -13"><span class='ocrx_word' id='word_1_413' title='bbox 933 2518 1031 2542; x_wconf 87' lang='lat' dir='ltr'>num</span> <span class='ocrx_word' id='word_1_414' title='bbox 1059 2504 1147 2540; x_wconf 86' lang='lat' dir='ltr'>illae</span> <span class='ocrx_word' id='word_1_415' title='bbox 1174 2503 1253 2540; x_wconf 89' lang='lat' dir='ltr'>sint</span> <span class='ocrx_word' id='word_1_416' title='bbox 1285 2503 1414 2554; x_wconf 86' lang='lat' dir='ltr'>prima</span> <span class='ocrx_word' id='word_1_417' title='bbox 1454 2503 1539 2541; x_wconf 85' lang='lat' dir='ltr'>vice</span> <span class='ocrx_word' id='word_1_418' title='bbox 1567 2517 1660 2541; x_wconf 93' lang='lat' dir='ltr'>cor-</span> 
     </span>
     <span class='ocr_line' id='line_1_71' title="bbox 934 2561 1660 2613; baseline -0.001 -15"><span class='ocrx_word' id='word_1_419' title='bbox 934 2576 1031 2613; x_wconf 84' lang='lat' dir='ltr'>pora</span> <span class='ocrx_word' id='word_1_420' title='bbox 1046 2562 1264 2608; x_wconf 84' lang='lat' dir='ltr'>subiturae,</span> <span class='ocrx_word' id='word_1_421' title='bbox 1286 2575 1335 2597; x_wconf 89' lang='lat' dir='ltr'>an</span> <span class='ocrx_word' id='word_1_422' title='bbox 1347 2561 1423 2598; x_wconf 83' lang='lat' dir='ltr'>iam</span> <span class='ocrx_word' id='word_1_423' title='bbox 1440 2568 1531 2598; x_wconf 83' lang='lat' dir='ltr'>ante</span> <span class='ocrx_word' id='word_1_424' title='bbox 1545 2562 1660 2599; x_wconf 80' lang='lat' dir='ltr'>vixe-</span> 
     </span>
     <span class='ocr_line' id='line_1_72' title="bbox 932 2618 1660 2670; baseline -0.003 -14"><span class='ocrx_word' id='word_1_425' title='bbox 932 2620 1016 2657; x_wconf 86' lang='lat' dir='ltr'>rint</span> <span class='ocrx_word' id='word_1_426' title='bbox 1060 2631 1244 2669; x_wconf 85' lang='lat' dir='ltr'>nuncque</span> <span class='ocrx_word' id='word_1_427' title='bbox 1276 2620 1318 2656; x_wconf 91' lang='lat' dir='ltr'>in</span> <span class='ocrx_word' id='word_1_428' title='bbox 1359 2633 1527 2670; x_wconf 86' lang='lat' dir='ltr'>corpora</span> <span class='ocrx_word' id='word_1_429' title='bbox 1550 2618 1660 2656; x_wconf 89' lang='lat' dir='ltr'>redi—</span> 
     </span>
     <span class='ocr_line' id='line_1_73' title="bbox 935 2677 1659 2727; baseline -0.006 -12"><span class='ocrx_word' id='word_1_430' title='bbox 935 2684 1050 2715; x_wconf 85' lang='lat' dir='ltr'>turae</span> <span class='ocrx_word' id='word_1_431' title='bbox 1074 2677 1175 2725; x_wconf 89' lang='lat' dir='ltr'>sint‚</span> <span class='ocrx_word' id='word_1_432' title='bbox 1208 2691 1289 2714; x_wconf 87' lang='lat' dir='ltr'>non</span> <span class='ocrx_word' id='word_1_433' title='bbox 1310 2677 1455 2715; x_wconf 85' lang='lat' dir='ltr'>diserte</span> <span class='ocrx_word' id='word_1_434' title='bbox 1475 2689 1659 2727; x_wconf 88' lang='lat' dir='ltr'>pronun-</span> 
     </span>
     <span class='ocr_line' id='line_1_74' title="bbox 935 2735 1661 2784; baseline -0.007 -11"><span class='ocrx_word' id='word_1_435' title='bbox 935 2736 1034 2784; x_wconf 83' lang='lat' dir='ltr'>tiat;</span> <span class='ocrx_word' id='word_1_436' title='bbox 1070 2747 1213 2773; x_wconf 85' lang='lat' dir='ltr'>verum</span> <span class='ocrx_word' id='word_1_437' title='bbox 1255 2748 1304 2772; x_wconf 79' lang='lat' dir='ltr'>ex</span> <span class='ocrx_word' id='word_1_438' title='bbox 1335 2735 1412 2773; x_wconf 90' lang='lat' dir='ltr'>hoc</span> <span class='ocrx_word' id='word_1_439' title='bbox 1439 2735 1564 2771; x_wconf 86' lang='lat' dir='ltr'>altero</span> <span class='ocrx_word' id='word_1_440' title='bbox 1599 2745 1661 2769; x_wconf 88' lang='lat' dir='ltr'>eas</span> 
     </span>
     <span class='ocr_line' id='line_1_75' title="bbox 935 2789 1661 2844; baseline -0.007 -14"><span class='ocrx_word' id='word_1_441' title='bbox 935 2806 1075 2844; x_wconf 81' lang='lat' dir='ltr'>genere</span> <span class='ocrx_word' id='word_1_442' title='bbox 1107 2806 1209 2840; x_wconf 87' lang='lat' dir='ltr'>esse,</span> <span class='ocrx_word' id='word_1_443' title='bbox 1253 2806 1303 2830; x_wconf 74' lang='lat' dir='ltr'>ex</span> <span class='ocrx_word' id='word_1_444' title='bbox 1343 2799 1434 2829; x_wconf 89' lang='lat' dir='ltr'>ante</span> <span class='ocrx_word' id='word_1_445' title='bbox 1466 2790 1580 2828; x_wconf 76' lang='lat' dir='ltr'>dietis</span> <span class='ocrx_word' id='word_1_446' title='bbox 1612 2789 1661 2826; x_wconf 85' lang='lat' dir='ltr'>ab</span> 
     </span>
     <span class='ocr_line' id='line_1_76' title="bbox 936 2847 1661 2902; baseline 0.001 -14"><span class='ocrx_word' id='word_1_447' title='bbox 936 2864 981 2888; x_wconf 88' lang='lat' dir='ltr'>eo</span> <span class='ocrx_word' id='word_1_448' title='bbox 1008 2851 1215 2902; x_wconf 84' lang='lat' dir='ltr'>colligitur.</span> <span class='ocrx_word' id='word_1_449' title='bbox 1277 2850 1359 2890; x_wconf 81' lang='lat'>752</span> <span class='ocrx_word' id='word_1_450' title='bbox 1379 2872 1434 2877; x_wconf 92' lang='grc'>-</span> <span class='ocrx_word' id='word_1_451' title='bbox 1453 2849 1547 2890; x_wconf 87' lang='lat'><strong><em>755.</em></strong></span> <span class='ocrx_word' id='word_1_452' title='bbox 1580 2847 1661 2883; x_wconf 79' lang='lat' dir='ltr'>Or-</span> 
     </span>
    </p>
   </div>
   <div class='ocr_carea' id='block_1_11' title="bbox 937 2907 1662 2960">
    <p class='ocr_par' dir='ltr' id='par_1_12' title="bbox 937 2907 1662 2960">
     <span class='ocr_line' id='line_1_77' title="bbox 937 2907 1662 2960; baseline -0.007 -14"><span class='ocrx_word' id='word_1_453' title='bbox 937 2914 1029 2947; x_wconf 86' lang='lat' dir='ltr'>nate</span> <span class='ocrx_word' id='word_1_454' title='bbox 1048 2909 1215 2960; x_wconf 81' lang='lat' dir='ltr'>singula.</span> <span class='ocrx_word' id='word_1_455' title='bbox 1277 2914 1488 2944; x_wconf 66' lang='lat' dir='ltr'>conventus</span> <span class='ocrx_word' id='word_1_456' title='bbox 1508 2907 1550 2941; x_wconf 84' lang='lat' dir='ltr'>in</span> <span class='ocrx_word' id='word_1_457' title='bbox 1577 2918 1662 2941; x_wconf 85' lang='lat' dir='ltr'>me-</span> 
     </span>
    </p>
   </div>
  </div>
 </body>
</html>
