1779 3420
64 204 168 250 772
397 198 452 246 P.
492 193 850 245 VIRGILII
887 191 1263 242 MARONIS

69 325 296 376 Adiuvat
320 332 371 371 et
391 338 582 387 magna
605 321 900 388 proclamat
920 335 1052 367 voce
1074 318 1281 378 DioreS,

70 397 173 459 Qui
196 394 356 443 subiit
378 393 610 459 palmae,
649 390 953 456 frustraque
977 389 1041 437 ad
1065 387 1302 454 praemia
1326 386 1472 436 venit

70 466 292 525 Ultima,
333 464 373 512 si
396 463 553 530 primi
580 462 722 510 Salio
750 460 1047 509 reddantur
1067 459 1321 506 honores,

71 541 214 585 Tum
242 543 395 601 pater
433 537 666 594 Aeneas,
704 535 914 590 Vestra,
952 529 1149 594 inquit,
1187 543 1412 576 munera
1449 525 1601 574 vobis

73 609 229 657 Certa
275 612 534 665 manent,
582 602 772 668 pueri3
825 609 876 649 et
914 599 1150 664 palmam
1185 607 1372 646 movet
1409 596 1600 645 ordine

861 685 1052 718 nemo:

71 751 160 797 Me
185 746 338 793 liceat
361 759 506 791 casus
531 741 767 789 miserari
791 740 1016 788 insontis
1039 738 1205 788 amici.

76 818 160 865 Sic
189 814 348 875 fatus,
390 823 597 876 tergum
624 810 833 860 Gaetuli
858 810 1074 858 inmane
1093 807 1265 856 leonis

72 891 174 937 Dat
209 884 377 947 Salio,
414 882 552 932 villis
594 897 890 929 onerosum
928 888 1088 945 atque
1118 876 1386 942 unguibus
1419 874 1603 924 aureis.

73 958 171 1006 Hic
192 955 373 1012 Nisus,
410 954 461 1001 Si
482 961 649 1014 tanta,
685 951 883 1017 inquit,
922 959 1045 998 sunt
1067 948 1301 1014 praemia
1325 946 1488 1009 victiS,

75 1030 141 1077 Et
170 1036 218 1074 te
238 1025 514 1073 labsorum
534 1023 778 1072 miseret:
819 1036 955 1087 quae
981 1036 1208 1068 munera
1233 1018 1360 1068 Niso

1497 319 1598 369 345

1500 738 1603 786 350

148 1124 262 1171 347.
299 1131 621 1165 REDDUNTUR

172 1250 240 1283 346
266 1247 411 1293 palmae
429 1245 540 1279 subiit
565 1243 714 1277 Dorvill.
770 1255 924 1290 pugnae
950 1241 1060 1275 subiit
1084 1241 1246 1274 Parrhas.
1342 1237 1412 1274 347
1439 1237 1606 1271 reddun—

79 1306 142 1330 tur
168 1296 287 1328 Heius.
314 1293 504 1339 praetulit,
531 1305 572 1325 ex
593 1291 753 1325 codicum
780 1297 904 1335 parte,
942 1296 979 1322 et
1005 1302 1045 1321 ex
1072 1288 1178 1322 Pierii
1206 1285 1516 1320 emendatioribus.
1543 1284 1608 1327 (ita

80 1344 186 1377 etiam
211 1342 321 1375 Palat.
347 1349 382 1374 et
409 1343 439 1375 1.
467 1342 499 1374 8.
528 1344 582 1376 10.
611 1342 665 1374 11.
695 1341 748 1373 12.
782 1337 877 1380 lVr.)
944 1337 1060 1380 Vulgo
1097 1336 1325 1373 reddantur,
1364 1333 1460 1377 quod
1494 1340 1609 1365 tamen

47 1417 51 1422 .
81 1397 117 1422 et
145 1393 317 1423 Romanus
344 1396 378 1421 et
403 1388 530 1421 Medic.
558 1387 712 1426 habent,
747 1397 825 1417 nam
852 1384 887 1416 in
917 1384 988 1417 hoc
1016 1397 1038 1416 α
1065 1396 1082 1416 a
1109 1381 1245 1416 recenti
1272 1393 1373 1413 manu
1409 1378 1609 1424 superscri—

81 1444 190 1483 ptum.
247 1436 309 1469 Nil
343 1436 472 1473 refert3
518 1435 587 1467 hoc
615 1441 731 1466 tamen
761 1431 897 1465 malim:
940 1443 1019 1463 nam
1053 1430 1151 1476 epica
1189 1428 1342 1472 dignitas
1368 1428 1502 1472 respuit
1528 1425 1609 1458 illos

81 1484 330 1518 subiunctivos.
380 1483 560 1527 (Codicum
597 1481 811 1525 optimorum
834 1479 1078 1511 auctoritatem
1107 1484 1242 1510 secutus
1269 1474 1364 1507 edidi
1389 1475 1610 1507 reddantur.

82 1534 127 1564 Et
151 1529 392 1565 coniunctivus
418 1530 452 1562 in
478 1528 702 1561 indicativum
727 1528 881 1559 fortasse
917 1527 960 1558 ab
988 1525 1030 1557 iis
1056 1531 1208 1557 mutatus
1235 1529 1307 1563 est,
1344 1521 1403 1567 qui
1437 1520 1612 1554 rationem

81 1579 188 1612 totius
216 1579 341 1611 horum
370 1578 558 1610 verborum
584 1581 780 1608 structurae
805 1585 876 1605 non
903 1579 1185 1617 assequerentur.
1244 1572 1334 1602 Nam
1368 1568 1435 1601 etsi
1468 1568 1612 1600 verbum

78 1627 312 1673 proclamare
347 1624 453 1657 etiam
487 1623 649 1656 absolute
683 1621 767 1666 poni
804 1632 874 1653 non
908 1620 1054 1663 ignoro,
1099 1619 1239 1651 videtur
1271 1623 1387 1649 tamen
1422 1622 1529 1660 poeta
1564 1613 1614 1646 ita

86 1677 174 1707 hacc
199 1673 389 1712 struxisse,
431 1670 532 1715 quasi
555 1671 746 1715 praecedat
772 1668 981 1700 infinitivus:
1027 1666 1246 1710 „proclamat
1271 1676 1308 1696 se
1334 1663 1462 1695 frustra
1487 1662 1530 1695 ad
1556 1660 1613 1693 ul-

84 1721 169 1754 tima
196 1718 351 1764 praemia
376 1718 535 1758 venisse,
562 1717 591 1750 si
617 1715 913 1748 reddantur“
940 1722 1024 1753 cet.3
1051 1714 1188 1745 inversa
1214 1718 1330 1743 autem
1356 1709 1524 1743 oratione·
1549 1720 1614 1740 ex-

86 1776 230 1801 tremam
256 1772 391 1798 tantum
428 1772 566 1808 partem
601 1763 646 1796 ad
681 1762 799 1794 Dioris
826 1760 1079 1804 cogitationem
1116 1757 1366 1803 composuisse.
1417 1756 1520 1797 Quod
1546 1754 1614 1787 nisi

87 1817 138 1848 ita
164 1825 240 1846 esse
267 1812 415 1852 statuis,
440 1811 645 1843 retinendus
673 1809 742 1842 erit
768 1808 988 1841 indicativus.
1019 1808 1118 1848 lVr.)
1199 1806 1268 1839 348
1296 1807 1380 1836 Cam
1406 1815 1458 1848 pr.
1484 1804 1613 1835 Moret.

82 1865 171 1909 plus
195 1863 241 1894 A.
266 1861 356 1892 Ven.
384 1866 420 1892 et
445 1859 555 1891 Goth.
582 1870 632 1901 pr.
730 1855 800 1891 349
837 1858 945 1887 Certa
981 1862 1127 1887 movent
1160 1851 1269 1887 Wall.
1322 1865 1360 1898 p.
1387 1858 1497 1883 vovet
1530 1855 1613 1881 tert.

89 1907 254 1941 Rottend.
280 1919 300 1939 a
325 1919 369 1938 m.
396 1919 449 1951 pr.
545 1906 616 1939 350
636 1904 693 1936 Mi
712 1903 821 1935 Goth.
844 1914 897 1947 pr.
946 1914 1056 1934 casus
1078 1901 1197 1933 Heius.
1217 1898 1408 1939 revocavit,
1433 1909 1510 1929 cum
1533 1896 1615 1929 nul-

88 1956 142 1988 lus
168 1955 280 1988 codex
303 1965 447 1993 casum,
474 1952 569 1997 quod
594 1951 710 1994 vulgg.
736 1950 818 1982 edd.
846 1948 986 1982 obsidet
1011 1955 1046 1980 et
1072 1947 1246 1992 vulgarius
1274 1952 1348 1988 est,
1373 1944 1558 1985 exhibeat,
1585 1942 1615 1975 si

89 2002 238 2048 primum
266 2013 306 2033 ex
333 2000 508 2033 Gothanis
533 1998 687 2042 excipias
715 2009 790 2030 cum
816 1996 964 2028 Dorvill.
1010 1997 1062 2039 (et
1085 1998 1183 2028 Serv.
1212 1994 1337 2026 Dresd.
1370 2004 1447 2025 cum
1478 1993 1531 2025 11.
1560 1991 1615 2025 12.

95 2050 192 2090 lVr.)
241 2049 407 2082 misereri
431 2047 535 2081 etiam
560 2045 731 2086 nonnulli,
756 2045 850 2076 inter
877 2055 963 2087 quos
990 2044 1090 2075 Rom.
1140 2041 1287 2074 Omnino
1313 2051 1424 2073 casus
1448 2038 1617 2071 miserari

92 2096 229 2141 plenius
267 2102 380 2128 sonat.
430 2094 616 2139 (miserari
649 2092 763 2124 firmat
798 2090 961 2123 Heinsius
997 2097 1199 2134 comparato
1236 2093 1322 2121 Aen.
1353 2088 1395 2127 ll,
1430 2086 1489 2121 93.
1519 2084 1616 2126 Wr.)

91 2145 161 2179 354
186 2155 279 2189 quae
300 2143 468 2188 praemia
491 2140 620 2174 Medic.
646 2140 776 2172 Moret.
801 2151 871 2172 sec.
898 2145 931 2170 et
956 2137 1085 2179 Colot.,
1119 2149 1161 2169 ex
1186 2147 1287 2169 versu
1313 2133 1474 2168 anteced.

93 2242 205 2277 niens
231 2238 359 2290 simpl.
380 2251 467 2289 pro,
499 2249 600 2287 quae
624 2241 695 2273 est.
725 2234 827 2272 Nam

98 2299 226 2335 venire
258 2296 415 2348 plenius
460 2309 548 2334 voc.
583 2293 712 2346 poetis
751 2307 826 2345 pro

97 2368 192 2402 esse,
223 2360 270 2392 ut
290 2355 368 2391 iam
386 2353 573 2391 Heinsius
594 2351 755 2390 notavit
777 2350 827 2388 ad

98 2411 217 2450 Ovid.
253 2412 287 2450 V
323 2412 432 2449 Fast.
463 2412 546 2452 648
588 2416 628 2448 et
664 2410 713 2447 al.
751 2409 827 2446 loc.

101 2470 309 2523 ἔρχεσθαι,
349 2469 508 2519 ἐλθεῖν,
562 2468 617 2506 sic
648 2468 747 2505 adeo
785 2467 828 2504 111

100 2527 352 2581 pedestribus
377 2526 654 2578 scriptoribus
713 2525 837 2564 Vete-

103 2599 166 2623 res
181 2585 441 2623 Grammatici
463 2587 619 2622 veniens
632 2583 672 2620 h.
691 2583 715 2621 1.
736 2597 836 2634 pro—

103 2644 278 2691 veniens,
310 2655 488 2690 nascens,
508 2642 836 2693 interpretaban—

104 2710 187 2750 tur,
218 2707 266 2738 111
288 2701 299 2737 1
321 2701 462 2750 Georg.
484 2700 539 2741 54
560 2702 645 2736 ‚llic
665 2707 831 2748 segeleS,

107 2761 191 2797 illic
212 2759 553 2809 velillum-siditius·
574 2771 692 2793 avae.
737 2754 835 2797 345.

108 2817 286 2855 Adiuvat
298 2815 517 2867 Euryalum
538 2814 698 2864 eiusque
718 2826 836 2850 caus-

108 2890 210 2924 sam,
254 2881 293 2912 et
326 2874 471 2911 clamat
500 2872 658 2919 Diores,
699 2871 765 2921 qui
797 2870 836 2908 in

108 2933 300 2972 victoriae
340 2932 502 2970 tertium
557 2943 666 2968 nunc
707 2929 838 2966 10011111

886 2239 1150 2282 successerat,
1183 2238 1244 2281 et,
1277 2230 1308 2268 si
1329 2230 1459 2267 Salius
1486 2228 1618 2267 victor

888 2292 1169 2340 renuntiatur,
1227 2290 1374 2327 iterum
1416 2300 1461 2325 ea
1505 2285 1619 2324 cxci—

887 2349 1023 2388 disset.

944 2408 1203 2450 348—361.
1237 2404 1412 2442 Delectat
1432 2401 1527 2440 mite
1542 2400 1619 2438 Ae-

886 2479 985 2504 neae
1014 2464 1236 2515 ingenium,
1269 2462 1333 2501 vel
1367 2460 1530 2512 Euryali
1554 2472 1621 2497 re—

894 2529 1045 2574 spectu.
1088 2521 1317 2559 praeiverat
1339 2527 1471 2557 tamen
1496 2523 1537 2555 et
1556 2516 1622 2554 hie

893 2581 1093 2619 Homerus
1107 2578 1217 2616 Iliad.
1236 2588 1282 2628 ψ,
1295 2578 1376 2619 558
1396 2589 1479 2626 sqq.
1525 2574 1621 2615 349.

895 2639 944 2676 ad
976 2638 1099 2676 verba
1131 2637 1179 2674 cs.
1210 2650 1295 2687 sup.
1329 2635 1366 2683 l,
1401 2634 1497 2675 257.
1526 2632 1621 2674 258.

896 2699 1029 2734 Parce
1050 2703 1172 2741 melu,
1212 2694 1428 2744 Cytherea,
1462 2698 1624 2728 manent

895 2756 1062 2790 immola
1089 2761 1245 2789 luorum
1274 2753 1383 2788 Γαῖα
1412 2749 1505 2787 libi:
1538 2763 1624 2784 cer-

896 2826 963 2848 nes
991 2817 1065 2847 etc.
1128 2810 1223 2850 349.
1252 2810 1464 2859 palmam,
1510 2806 1625 2844 ‹lebi-

896 2875 983 2907 tuln
1027 2869 1168 2918 cuique
1211 2866 1351 2904 ordine
1391 2879 1464 2903 suo
1507 2876 1626 2915 prae-

898 2927 1034 2965 mium.
1106 2926 1285 2964 Observa
1321 2924 1440 2962 etiam
1473 2922 1626 2975 copiam
