1827 3436
351 245 754 298 AENEIDOS
792 246 934 294 LIB.
972 246 1037 308 11,
1076 251 1368 297 721—739
1535 256 1636 302 369

119 376 274 426 Visus
291 373 473 422 adesse
486 370 690 437 pedum
704 371 922 432 sonituS‚
942 371 1263 437 genitorque
1278 388 1376 437 per
1388 372 1640 422 umbram

119 443 477 510 P1‘ospicien5‚
515 444 674 503 Nate,
715 440 992 502 exclamat,
1030 438 1181 504 fuge,
1220 450 1369 502 nate3
1416 443 1639 508 propin-

903 518 1082 575 quant

120 581 368 632 Ardentis
390 579 591 645 clipeos
614 588 773 645 atque
798 595 917 628 aera
943 579 1188 628 micantia
1216 596 1393 630 cerno.

119 652 216 700 Hic
258 650 390 698 mihi
426 650 607 698 nescio
645 648 795 715 quod
840 649 1053 714 trepido
1089 648 1228 698 male
1266 666 1471 698 numen
1509 651 1639 698 ami-

906 736 1030 767 cum
1534 724 1638 772 735

123 788 417 840 Confusam
441 788 632 854 eripuit
653 796 910 839 mentem.
983 792 1231 854 Namque
1254 789 1361 836 avia
1385 805 1540 837 cursu

121 863 264 910 Dum
286 875 509 924 sequor,
550 866 602 906 et
625 867 750 906 nota
777 857 976 907 excedo
1002 859 1225 922 regione
1244 858 1463 921 viarum,

120 931 261 978 Heu!
300 929 499 976 misero
527 928 755 976 coniunx
776 926 960 977 fatone
980 937 1162 994 erepta
1185 930 1382 978 Creusa

126 998 390 1061 Substitit,
431 997 690 1047 erravitne
713 998 818 1061 via,
856 1014 951 1047 seu
970 998 1099 1047 lassa
1123 997 1338 1058 resedit,

123 1126 209 1159 mihi
228 1127 294 1159 iam
317 1138 452 1159 omnem
473 1126 562 1159 viam
580 1139 645 1171 per
665 1126 783 1159 urbem
804 1126 955 1160 feliciter
974 1140 1014 1160 ac
1033 1127 1107 1159 sine
1128 1126 1284 1172 periculo
1309 1138 1478 1159 emensus.
1503 1126 1559 1159 Sic
1583 1128 1640 1168 111,

124 1175 205 1209 282.
229 1186 299 1217 sq.:
329 1175 448 1213 „Iuvat
469 1174 620 1206 evasisse
649 1180 705 1205 tot
736 1175 840 1206 urbes
869 1175 1075 1218 Argolicas,
1108 1175 1313 1218 mediosque
1342 1174 1459 1217 fugam
1485 1173 1640 1206 tenuisse

124 1233 189 1265 per
212 1221 384 1257 hostes;“
411 1220 432 1253 i.
449 1232 478 1252 e.
498 1221 571 1252 sine
591 1220 746 1265 periculo
764 1234 803 1254 ao
824 1221 1034 1253 detrimento
1055 1228 1333 1265 praeterveetum
1355 1233 1442 1253 esse.
1491 1221 1535 1252 Et
1553 1232 1641 1264 pro—

125 1268 205 1299 bam
226 1280 300 1299 esse
325 1267 513 1299 dictionem
534 1269 627 1299 viam
646 1268 822 1309 evadere,
846 1268 1070 1311 persuadebit
1094 1269 1154 1308 Vl,
1177 1270 1276 1303 260:
1303 1269 1449 1311 „Tuque
1472 1267 1514 1299 111
1528 1268 1641 1300 vade

125 1314 277 1346 viam.“
328 1316 472 1346 Omnem
502 1316 611 1346 vicem
639 1315 754 1346 foret:
782 1314 897 1355 varia,
924 1327 1011 1359 quae
1035 1315 1264 1358 ingruebant,
1290 1313 1468 1357 periculam
1493 1321 1526 1346 at
1547 1314 1642 1348 nulla

125 1361 273 1393 fuerant.
323 1362 443 1404 Itaque
481 1360 509 1392 si
550 1360 663 1393 locum
701 1373 776 1393 esse
803 1361 959 1393 volumus
989 1362 1066 1394 voci
1095 1363 1227 1403 vicem,
1263 1361 1449 1393 dicendum
1477 1360 1535 1393 hic
1567 1368 1642 1394 erat

129 1409 342 1440 evitasse
362 1408 495 1448 vicem,
530 1414 568 1439 ut
586 1419 690 1452 supra
710 1420 759 1440 vs.
779 1408 878 1444 433.:
914 1420 1002 1449 „uec
1032 1407 1119 1440 ullas
1151 1407 1380 1441 vitavisse
1409 1406 1538 1440 vices
1566 1408 1642 1441 Da·-

127 1457 265 1486 naum.“
292 1473 335 1477 —-
361 1466 471 1486 aures
492 1454 617 1486 Medic.
646 1454 742 1497 ll‘r.)
837 1455 906 1489 732
933 1453 1078 1487 umbras
1098 1467 1167 1487 sec.
1191 1455 1315 1487 Hamb.
1411 1454 1481 1489 733
1505 1456 1642 1501 Respi-

127 1502 226 1533 ciens
237 1502 326 1534 ven.
348 1507 382 1532 et
401 1501 508 1533 Goth.
521 1507 615 1541 tert„
640 1501 741 1534 male.
835 1501 906 1536 734
931 1503 1102 1547 Ingentis
1117 1502 1160 1534 cl.
1181 1502 1304 1535 Hamb.
1324 1500 1383 1534 alt.
1478 1502 1548 1536 735
1573 1515 1642 1534 ne—

128 1549 202 1580 scio
222 1548 307 1591 quid
326 1547 393 1579 duo
412 1548 525 1580 Burm.
619 1547 687 1582 738
703 1546 839 1592 fatove
854 1548 1003 1581 Dorvill.
1098 1549 1166 1583 739
1194 1549 1382 1581 erravitne
1401 1549 1497 1580 viam
1508 1549 1642 1589 Franc„

128 1605 193 1626 seu
213 1602 321 1639 capta
339 1605 403 1637 pro
426 1593 495 1627 div.
517 1593 598 1627 lect.
635 1594 725 1626 Gud.
749 1601 784 1626 et
802 1606 855 1637 pr.
879 1594 1045 1628 Rottend.
1077 1607 1096 1628 a
1128 1607 1172 1628 m.
1203 1608 1256 1640 pr.
1284 1606 1430 1638 cumque
1459 1595 1502 1627 iis
1533 1595 1641 1628 Goth.

127 1645 211 1672 tert.
260 1640 385 1685 lapsa,
410 1640 561 1673 sollenni
579 1641 700 1685 lapsu,
726 1640 761 1673 in
783 1641 890 1674 Goth.
914 1654 967 1686 pr.
997 1649 1033 1675 et
1065 1641 1182 1675 multis
1212 1654 1269 1687 ap.
1298 1641 1420 1674 Heius.
1449 1649 1483 1675 et
1513 1643 1642 1682 Burm.‚

129 1686 223 1731 quod
241 1686 377 1719 mireris
397 1688 555 1731 potuisse
576 1688 721 1733 probari
744 1687 816 1721 viro
839 1688 1055 1722 doctissimo.

127 1803 241 1842 littus
259 1805 338 1856 peti
360 1811 541 1856 poterat,
574 1811 612 1843 et
643 1806 685 1843 in
704 1819 749 1845 eo
770 1806 854 1844 An-

128 1861 300 1899 tandrus
320 1862 385 1911 Ill,
419 1866 456 1905 6.
490 1877 527 1901 v.
556 1863 723 1902 Excurs.
750 1865 854 1903 XIV.

129 1933 286 1956 omnem
314 1922 458 1968 vicem,
490 1921 716 1971 fortunam,
749 1922 857 1974 peri-

129 1977 276 2015 eulum.
331 1990 369 2015 v.
401 1978 496 2016 var.
529 1979 635 2019 Lect.
667 1977 753 2031 (ubi
778 1980 856 2018 iam

130 2034 447 2073 demonstratum
496 2043 584 2085 est,
645 2036 856 2088 legendum

131 2104 215 2129 esse
234 2094 356 2130 viam.
382 2095 451 2131 JV
445 2092 493 2146 r.)
542 2094 680 2132 adesse
701 2096 759 2133 acl
777 2111 856 2133 αα-

131 2163 192 2187 res
211 2148 364 2186 dictum
386 2157 518 2201 potest
538 2151 667 2189 videri
690 2167 763 2203 pro
789 2167 858 2190 ae—

131 2205 290 2253 cedere‚
334 2208 399 2244 vel
436 2208 614 2246 accidere
644 2209 696 2246 ad
728 2223 857 2258 aures,

132 2263 251 2301 allabi
280 2264 466 2314 auribus,
506 2273 551 2304 ut
572 2267 639 2303 ins.
660 2267 728 2316 IX,
761 2267 856 2308 474.

130 2320 314 2359 Poeticae
360 2328 493 2360 tamen
537 2323 700 2361 dictioni
746 2324 858 2363 haud

134 2378 421 2429 incongruum,
470 2380 501 2418 si
536 2381 632 2419 velis
673 2382 859 2433 iungere:

132 2436 265 2473 creber
281 2437 339 2473 acl
355 2452 470 2475 aures
490 2439 656 2487 sonitus,
679 2441 745 2489 qui
770 2454 858 2478 cre-

131 2493 218 2541 bro,
250 2494 393 2532 clarius
414 2496 648 2547 clariusque,
681 2497 857 2536 auditur.

134 2549 328 2602 (Priorem
362 2554 559 2591 rationem
594 2568 731 2592 veram
765 2569 858 2604 esse,

133 2608 237 2646 vidit
254 2609 333 2647 iam
353 2611 561 2650 Wunderl.
596 2611 707 2665 lVr.)
756 2628 858 2664 pro-

135 2667 326 2716 spic-iens,
358 2668 502 2720 quippe
521 2670 562 2707 111
581 2669 769 2708 humeros
788 2671 859 2709 filii

137 2722 326 2762 sublatus.
385 2726 473 2763 Non
501 2727 551 2765 ad
580 2733 733 2765 metum
753 2730 858 2766 refe-

137 2779 318 2819 rendum.
377 2785 556 2822 ardentes
584 2786 752 2835 είίρεοε,
790 2800 858 2824 re-

138 2833 296 2874 lucente
324 2839 502 2890 ssamma,
542 2843 687 2894 quippe
712 2857 860 2882 aereos.

195 2892 449 2938 735—741.
480 2900 607 2951 Super
635 2900 780 2938 decoro
818 2902 858 2939 111

139 2947 320 2987 hocloco
344 2961 525 3004 servato,
558 2957 589 2994 si
618 2957 668 2994 ad
698 2965 858 2997 nostros

210 3017 416 3068 VIRGIL.
456 3022 597 3072 Tom.
633 3024 696 3072 II.

913 1820 1044 1845 mores
1064 1821 1109 1845 ac
1127 1820 1264 1846 sensus
1285 1808 1486 1856 aestimes,
1533 1807 1643 1858 quod

915 1865 1023 1917 apud
1065 1872 1265 1903 amantem
1306 1865 1502 1903 Didonem
1544 1864 1644 1903 haec

914 1929 1155 1972 narrantur,
1187 1937 1269 1961 non
1296 1923 1398 1960 male
1421 1923 1645 1975 disputavit

914 1981 1143 2032 Segraisius.
1165 1982 1309 2029 (neseio
1323 1981 1583 2032 disyllabum3
1603 1994 1642 2018 v.

914 2038 961 2079 V.
987 2039 1029 2077 L.
1055 2038 1106 2076 ad
1126 2039 1196 2088 IX,
1216 2041 1313 2080 296.
1350 2037 1460 2092 lVr.)
1497 2053 1644 2076 numen

914 2098 1022 2134 male
1050 2098 1250 2144 amic-um,
1283 2096 1510 2144 inimicum,
1539 2096 1643 2133 infe-

916 2160 1036 2202 stum,
1060 2155 1217 2204 δαίμων
1238 2169 1297 2200 τις
1311 2150 1514 2201 κακός.-
1531 2168 1644 2190 men-

915 2220 993 2248 tem
1015 2211 1228 2262 conflas-am
1247 2213 1415 2261 eripuit:
1448 2211 1529 2248 duo
1548 2211 1643 2248 iun-

915 2269 998 2316 xit,
1022 2281 1121 2319 quae
1144 2269 1225 2305 sere
1243 2268 1441 2318 sigillatim
1464 2268 1559 2319 poni
1577 2282 1644 2305 so-

914 2326 1011 2363 lent.
1043 2328 1191 2376 eripere
1209 2334 1377 2362 mentem
1394 2342 1405 2363 .·
1438 2324 1644 2374 ἐξελέσθαι

916 2382 1090 2435 φρένας,·
1121 2397 1230 2421 mens
1248 2383 1442 2434 confusa,
1477 2389 1644 2434 pertur—

915 2441 1032 2478 bata:
1065 2437 1140 2480 σῦν
1166 2438 1209 2480 δὲ
1231 2440 1389 2494 γέροντι
1409 2437 1506 2488 νόος
1534 2438 1642 2492 χύτο.

915 2505 1135 2549 utrumque
1153 2497 1421 2536 Homericum.
1455 2499 1502 2536 cs.
1516 2498 1644 2536 Guell.

914 2565 1009 2593 nola
1028 2558 1187 2606 regione
1203 2558 1363 2593 viarum
1383 2570 1457 2607 pro
1480 2555 1644 2603 excedo,

915 2613 1106 2663 deflecto,
1140 2613 1188 2651 de
1205 2613 1280 2652 viis
1300 2614 1426 2662 nolis,
1453 2614 1645 2664 frequen-

914 2672 1033 2710 tibus.
1065 2678 1153 2709 tum
1172 2685 1246 2722 pro
1268 2674 1338 2709 ιἰἀ
1360 2672 1454 2722 poni
1477 2677 1645 2722 possunt

914 2730 1004 2767 loca
1018 2759 1027 2777 ,
1079 2738 1216 2779 parles
1230 2759 1241 2777 ‚
1302 2731 1482 2779 regiones·
1501 2759 1511 2777 ,
1574 2741 1645 2780 per

916 2801 1014 2837 quas
1053 2786 1141 2825 viae
1176 2792 1317 2837 patent
1336 2800 1345 2833 3
1398 2785 1494 2823 hinc
1533 2788 1643 2835 regio

914 2846 1074 2882 riarum
1100 2844 1228 2895 poetis
1261 2843 1393 2881 ducta.
1452 2844 1644 2894 Exempla

914 2915 976 2952 ap.
1007 2902 1285 2939 Burmannuin
1316 2907 1424 2939 sunt.
1457 2923 1509 2928 —
1542 2902 1639 2941 738.

913 2958 1026 3011 Iungi
1048 2964 1234 3011 possunt;
1256 2958 1349 3009 ficto
1371 2967 1503 3008 erepla
1521 2958 1642 2993 Crea-

1299 3027 1365 3071 24
