1731 3420
142 226 209 272 64

458 223 514 270 P.
558 220 906 271 VIRGILII
954 214 1328 266 MARONIS

141 345 307 398 Multa
337 362 555 413 quoque
594 355 647 395 et
684 345 829 395 bello
866 358 1071 410 passm,
1122 339 1253 389 dum
1279 337 1541 388 conderet
1567 355 1657 388 ur-

925 412 1070 474 bem,
1623 411 1657 461 5

143 481 485 550 Inserretque
520 484 652 534 deos
686 482 862 534 Latio:
897 496 1066 546 genus
1097 477 1245 528 unde
1274 478 1537 540 Latinum,

238 626 262 659 6
284 624 370 658 inde
394 623 527 657 Zulich.
551 636 571 657 a
596 635 640 657 m.
669 635 724 668 pr.

147 756 246 782 runs
277 742 333 779 sic
370 754 468 780 voce
492 747 702 792 precatur:
734 741 874 778 Sum-

148 813 219 838 me
260 799 402 848 deum,
442 823 498 828 —
546 798 781 850 Apollo.“
826 797 874 834 es.

149 858 269 896 etiam
299 857 373 904 111,
406 857 501 897 488.
543 857 616 905 Vl,
648 859 741 897 322.
791 854 874 902 V11,

149 917 332 957 96—98.
363 915 457 955 359.
504 915 609 962 vide,
643 926 746 964 quae
775 912 876 949 scri—

150 973 209 1025 psi
230 973 271 1009 in
291 972 382 1010 Not.
406 971 456 1008 ad
474 972 553 1010 Ecl.
572 972 637 1018 IV,
660 971 726 1012 49.
757 970 875 1018 Hinc,

150 1037 198 1069 ut
227 1030 303 1068 iam
322 1029 585 1079 intelligatur,
628 1028 715 1079 quis
739 1028 788 1065 sit
810 1027 875 1065 ille

152 1088 318 1125 obscure
349 1087 591 1137 significatus
613 1087 729 1134 deus,
773 1085 876 1122 adii-

152 1146 206 1182 cit
237 1151 353 1197 poeta
384 1144 502 1182 haec:
551 1158 696 1181 saevae
727 1157 877 1180 memo-

151 1217 232 1241 rem
268 1204 435 1239 lunonis
473 1201 518 1239 ol)
551 1204 668 1240 iram.
745 1200 877 1238 Sensit

152 1260 256 1297 idem
279 1260 454 1308 Servius,
486 1259 556 1296 sed
573 1273 654 1296 non
673 1258 767 1296 satis
786 1258 877 1310 pla—

152 1331 201 1354 ne
227 1317 438 1367 eloquutus
466 1323 538 1354 est.
574 1318 683 1367 lsVr.)
726 1331 879 1353 memo-

152 1390 233 1412 rem
264 1376 430 1412 lunonis
463 1374 509 1411 ob
536 1376 654 1411 iram.
718 1373 879 1425 proprie

153 1433 321 1470 Iunonis
345 1434 550 1479 memoris,
586 1431 697 1469 cuius
732 1432 805 1480 ira,
838 1430 878 1468 h.

153 1502 186 1529 e.
217 1489 418 1528 vindictae
437 1489 657 1541 cupiditas,
689 1503 781 1526 cum
809 1503 879 1526 ae-

154 1554 292 1599 ceptae
318 1547 486 1585 iniuriae
514 1547 705 1598 pertinaci
725 1560 880 1584 memo-

153 1605 213 1643 ria
241 1611 325 1642 erat
358 1605 591 1653 coniuncta,
632 1605 809 1655 adeoque
841 1609 881 1641 et

155 1663 237 1714 ipsa
267 1663 324 1699 ira
352 1676 511 1699 memor.
557 1661 658 1714 (Liv.
686 1663 756 1711 IX,
791 1665 880 1702 29:

157 1719 376 1767 „Traditur
408 1719 500 1757 inde
544 1720 654 1758 dictu
685 1719 880 1768 mirabile,

158 1800 178 1805 -
218 1799 239 1804 -
284 1790 486 1815 censorem
531 1778 647 1815 ctiam
695 1778 880 1830 Appium,

157 1835 368 1872 memori
425 1835 577 1872 Deum
630 1835 732 1883 ira,
789 1840 882 1886 post

159 1892 313 1941 aliquot
370 1906 495 1930 annos
544 1893 759 1931 luminibus
812 1906 882 1929 ca—

159 1951 312 2001 ptuinf‘
359 1949 475 2002 ll'r.)
546 1950 609 1987 sic
648 1958 688 1988 et
730 1950 883 1988 Graeci.

160 2006 349 2057 Exempla
382 2008 599 2045 cumulavit
628 2008 805 2046 Guellius
833 2007 884 2045 ad

159 2063 198 2101 h.
234 2064 256 2101 1.
318 2064 475 2102 suflicit
517 2079 666 2117 unum,
713 2061 884 2117 μνάμων

160 2124 280 2172 μῆνις
305 2120 488 2173 Αεες1ι)’1.
512 2122 644 2173 Agam.
678 2126 771 2164 161.
821 2121 882 2160 Ad

161 2192 241 2216 rem
270 2179 318 2216 (rs.
352 2180 447 2216 Aen.
479 2179 524 2226 V,
556 2184 635 2221 781
660 2194 742 2231 sqq.
802 2181 883 2217 Re—

161 2242 331 2273 vocatur
351 2243 482 2273 autom
513 2236 588 2274 hot·
610 2251 727 2275 versu
748 2250 884 2275 reruni

164 2300 415 2330 narratarum
455 2295 554 2332 ordo
596 2295 646 2332 ad
678 2295 885 2332 interven-

162 2357 246 2388 tum
273 2351 435 2388 lunonis
469 2358 507 2388 ct
536 2359 759 2389 colei-orum
789 2352 885 2389 deo-

162 2422 250 2445 rum
274 2425 280 2444 ;
338 2409 383 2443 dv
429 2424 591 2458 (summm
644 2411 883 2457 tlzt'ni.«›·tet⁴1't',s*,

163 2478 261 2514 quae
291 2464 352 2501 liin·
384 2467 515 2503 >latini
549 2467 595 2502 ab
626 2467 738 2503 initio
767 2467 885 2517 polli-

163 2530 275 2559 cetur
308 2529 450 2572 pocta,
499 2538 534 2560 v.
564 2525 728 2561 lim-urs.
760 2524 801 2561 l*
834 2524 884 2561 ad

162 2579 201 2617 h.
234 2593 333 2616 vers.

221 2638 343 2677 5-7,
378 2637 515 2672 Multa
538 2650 695 2686 quoquc
718 2653 882 2686 pas-⁸11⁸,

163 2695 282 2731 eliam
319 2694 431 2729 lwllm.
507 2696 755 2743 Quamquam
787 2710 889 2745 quo-

164 2767 238 2802 qne
260 2761 294 2787 r!
318 2765 389 2801 pro
414 2751 578 2801 simplici
598 2767 750 2800 quoque
771 2752 887 2788 ctiam

164 2809 254 2845 alibi
293 2807 482 2845 occurrit.
535 2807 632 2858 (vid.
675 2809 802 2845 lland.
838 2810 887 2845 ad

163 2868 263 2903 Stat.
283 2869 320 2902 S.
344 2879 427 2916 pag.
452 2867 511 2904 12.
545 2865 763 2916 (κη-(41η).
789 2867 887 2903 Gell.

165 2923 228 2971 111,
274 2926 355 2964 16..·
403 2922 622 2973 „Nouoque
652 2930 692 2961 ct
722 2924 886 2975 septimo

932 738 1083 776 etiam
1126 743 1178 775 et
1222 736 1404 774 octavo.“
1452 734 1537 774 Liv.
1574 733 1658 784 VH,

932 799 992 837 2:
1045 795 1258 844 „Ceterum
1292 807 1418 846 parva
1448 804 1659 844 quoque,

933 860 980 891 ut
1019 854 1143 890 ferme
1180 851 1389 904 principia
1412 850 1566 899 onmia,
1611 855 1660 888 et

934 924 978 948 ea
1037 911 1124 962 ipsa
1172 909 1381 962 peregrina
1427 922 1490 947 res
1533 908 1660 946 suit.“

934 969 1001 1006 Sic
1024 974 1064 1006 et
1086 970 1208 1005 etiam
1227 981 1403 1019 quoque,
1443 968 1536 1003 item
1560 980 1661 1018 quo-

935 1041 1010 1078 que
1020 1042 1034 1073 ,·
1070 1025 1154 1064 vid.
1172 1025 1330 1077 Forbig.
1347 1024 1397 1061 ad
1418 1024 1575 1062 Lucret.
1596 1023 1661 1073 Ill,

935 1086 1031 1125 293.
1063 1084 1110 1132 V,
1142 1085 1237 1125 750.
1259 1089 1299 1121 et
1318 1081 1503 1120 Addend.
1524 1081 1574 1119 ad
1596 1081 1661 1129 111,

935 1144 1031 1182 293.
1075 1140 1271 1179 Vechner.
1299 1140 1547 1178 Hellenolex.
1575 1152 1661 1190 pag.

939 1199 1031 1240 155.
1052 1199 1174 1237 Heus.
1211 1197 1328 1251 lVr.)
1371 1198 1469 1235 (lum
1485 1197 1664 1235 conderet

935 1256 1094 1305 urbem,
1128 1256 1256 1294 donee
1279 1255 1489 1295 Lavinium
1521 1254 1662 1292 condi-

938 1314 999 1352 dit
1032 1314 1244 1365 sedemque
1276 1314 1331 1352 ibi
1370 1313 1525 1364 imperii
1551 1312 1664 1361 fixit3

937 1372 1051 1410 cuius
1087 1372 1144 1410 rei
1179 1372 1334 1422 signum
1385 1370 1663 1419 certissimum,

938 1430 970 1467 si
1013 1430 1144 1481 patria
1185 1429 1322 1480 religio
1359 1428 1545 1466 instituta
1591 1433 1663 1475 est,

938 1487 1065 1525 unde:
1116 1487 1363 1539 ltqferrelque
1399 1487 1492 1524 cleos
1526 1487 1663 1523 Latio.

939 1545 988 1583 cs.
1006 1545 1093 1593 XII,
1129 1543 1222 1586 194.
1249 1558 1328 1595 quo
1352 1543 1466 1581 etiam
1487 1542 1665 1595 splendi-

940 1602 1030 1640 dior
1067 1603 1173 1640 sacta
1204 1608 1263 1640 est
1292 1601 1444 1640 oratio:
1486 1615 1605 1652 quam
1633 1599 1665 1637 si

940 1663 981 1697 in
1002 1661 1126 1697 Latio
1154 1673 1242 1696 eum
1265 1659 1486 1697 consedisse
1514 1658 1664 1696 audias.

942 1716 1055 1770 (dum
1082 1718 1262 1754 conderet
1273 1717 1496 1767 —itgsserret
1513 1716 1664 1754 volun-

938 1781 1065 1812 tatem
1107 1780 1145 1811 et
1179 1774 1358 1812 studium
1395 1773 1580 1821 denotat,
1621 1779 1666 1811 ut

941 1834 1009 1870 Ge.
1039 1833 1112 1881 IV,
1161 1833 1276 1874 457.:
1335 1831 1441 1881 „Illa
1488 1831 1664 1883 quidem,

941 1891 1056 1928 dum
1087 1896 1124 1927 te
1155 1890 1364 1940 sugeret
1394 1902 1465 1941 per
1488 1889 1667 1940 gramina

940 1961 1148 2000 praeceps,
1181 1948 1397 1984 {inmanem
1427 1952 1519 1984 ante
1546 1945 1668 1998 pedes

940 2005 1118 2057 hydrum
1160 2019 1241 2043 non
1276 2004 1390 2043 vidit.
1406 2007 1430 2026 “
1479 2003 1577 2042 Aen.
1616 2005 1666 2052 X,

941 2066 1036 2105 799.
1063 2077 1140 2113 sq.:
1180 2062 1301 2112 „socii
1324 2076 1466 2114 magno
1495 2062 1668 2100 clamore

941 2126 1187 2172 sequuntur,
1245 2120 1362 2158 Dum
1400 2120 1554 2171 genitor
1583 2118 1670 2157 nati

939 2192 1076 2231 parma
1091 2184 1295 2230 protectus
1326 2178 1382 2215 ab
1396 2179 1406 2215 i
1418 2191 1468 2215 re
1482 2184 1511 2216 t,
1523 2175 1666 2229 “llf'r.)

942 2238 1128 2274 Ceterum
1167 2236 1208 2273 in
1245 2234 1323 2273 hoc
1357 2242 1396 2273 et
1431 2248 1510 2286 seq.
1547 2247 1668 2273 versu

944 2301 1060 2345 poeta
1083 2296 1209 2343 operis
1235 2293 1503 2330 characterem
1521 2308 1568 2330 ex
1578 2292 1668 2339 fine

939 2354 1144 2401 proposito
1158 2350 1251 2387 satis
1267 2351 1504 2389 declaravit:
1536 2349 1668 2387 sedem

944 2423 1089 2446 novam
1118 2408 1159 2445 in
1190 2408 1325 2456 ltalia,
1358 2414 1446 2460 post
1477 2407 1669 2445 toleratos

942 2466 983 2502 in
1014 2465 1215 2502 erroribus
1247 2471 1286 2502 et
1317 2465 1356 2502 in
1389 2467 1473 2516 ipso
1511 2477 1669 2502 accessu

942 2523 1098 2560 labores
1131 2528 1169 2559 ot
1196 2522 1435 2560 discrimina.
1464 2523 1669 2573 Importu—

944 2593 1041 2617 nuni
1071 2580 1201 2628 itaque
1242 2587 1321 2627 est,
1372 2579 1537 2617 Achillis
1576 2578 1668 2616 irati

941 2637 1217 2674 vehementem
1250 2638 1433 2674 allectum
1454 2637 1494 2673 in
1525 2635 1669 2673 Aenei-

947 2694 995 2731 de
1025 2694 1270 2741 desiderarQ
1311 2708 1426 2743 quom
1454 2699 1569 2744 poeta
1595 2706 1668 2730 ex-

946 2751 1082 2788 hibere
1123 2750 1251 2787 noluit
1288 2764 1360 2788 nce
1402 2751 1550 2788 debuit.
1617 2751 1671 2788 At

946 2808 1044 2846 illud
1083 2808 1285 2859 praeclaro
1318 2822 1407 2846 cuin
1443 2808 1591 2846 iudicio
1628 2807 1670 2845 in

945 2867 1071 2917 prima
1102 2865 1237 2901 statim
1272 2866 1401 2903 fronte
1430 2866 1528 2917 egit,
1561 2864 1671 2915 quod

946 2936 1080 2962 rerum
1138 2923 1431 2962 narrandarum
1476 2936 1669 2961 summam
