1779 3420
106 226 210 274 316
451 222 504 270 P.
543 219 897 269 VIRGILII
931 216 1301 266 MARONIS

107 350 394 397 Portarum
419 345 627 410 vigiles,
668 354 719 395 et
748 361 904 394 cacco
927 347 1096 393 Marte
1123 344 1388 395 resistunt.
1533 348 1637 398 335

110 416 330 468 Talibus
357 415 664 480 Othryadae
689 415 838 464 dictis
866 423 917 463 et
941 413 1166 462 numine
1192 413 1373 463 divom

103 489 167 538 In
190 485 433 536 flammas
457 495 509 535 et
531 486 583 534 in
611 502 756 535 arma
776 483 949 545 seror,
987 500 1096 550 quo
1122 485 1280 533 tristis
1297 486 1501 548 Erinys,

107 561 230 620 Quo
255 556 502 606 fremitus
535 565 688 614 vocat
718 564 769 604 et
800 554 1038 603 sublatus
1072 553 1137 603 ad
1172 555 1388 605 aethera
1420 554 1633 606 clamor.

104 627 328 677 Addunt
350 644 406 676 se
426 627 599 675 socios
616 625 858 691 Rhipeus
872 666 884 688 ,
924 633 976 674 et
995 642 1276 675 maxumus
1306 626 1465 675 armis

104 699 332 764 Epytus,
382 696 547 746 oblati
600 713 699 763 per
747 695 959 759 lunam,
1020 697 1366 763 Hypanisque
1410 698 1633 759 Dymas-

896 782 1018 832 que,
1530 772 1632 818 340

174 867 291 915 337.
354 863 591 911 ERINNYS
789 863 905 911 340.
970 861 1209 922 EPYTu53
1337 874 1519 910 LUNAM
1569 862 1630 911 H.

147 1026 216 1061 335
243 1026 416 1058 resistent
438 1037 507 1058 sec.
526 1025 695 1058 Rottend.
724 1025 887 1068 (——337.
913 1026 1070 1070 Erinys,
1097 1025 1247 1070 simplici
1277 1038 1313 1066 n,
1338 1025 1507 1069 scriptum
1530 1024 1630 1057 inve·-

100 1073 213 1113 nitur,
239 1072 378 1116 quoties
401 1072 469 1105 hoc
491 1084 618 1104 nomen
639 1072 673 1104 in
690 1073 815 1105 Medic.
835 1074 934 1106 Rom.
953 1080 988 1106 et
1010 1074 1051 1106 fr.
1077 1074 1192 1106 Vatic.
1213 1073 1356 1117 legitur,
1382 1073 1404 1105 i.
1426 1085 1456 1105 e.
1477 1075 1563 1106 Aen.
1590 1074 1630 1113 ΙΙ,

100 1121 182 1155 337.
210 1122 284 1161 VII,
308 1118 389 1154 447.
413 1120 492 1154 570.
544 1121 671 1155 Recte;
701 1120 770 1152 vid.
792 1120 919 1152 Blomf.
942 1121 983 1153 ad
1014 1121 1138 1154 Aesch.
1163 1121 1340 1154 Prometh.
1369 1133 1417 1153 VS.
1438 1120 1516 1155 525.
1539 1126 1574 1152 et
1594 1120 1630 1152 in

98 1166 281 1200 Glossario
303 1179 381 1211 pag.
405 1167 459 1201 82.
480 1179 532 1210 sq.
558 1167 642 1200 edit.
660 1167 756 1211 Lips.
794 1168 928 1201 Jacobs.
959 1168 1003 1200 ad
1025 1167 1168 1201 Anthol.
1188 1168 1300 1200 Palat.
1335 1169 1378 1200 T.
1402 1169 1459 1200 ΙΙΙ.
1493 1180 1526 1211 p.
1547 1167 1628 1201 258.

98 1214 257 1259 aliosque
272 1240 281 1255 ,
307 1225 394 1258 quos
421 1213 577 1246 laudavit
595 1214 789 1248 accuratius
808 1215 852 1247 de
874 1228 914 1248 ca
934 1227 972 1248 re
1002 1215 1182 1248 disserens
1202 1216 1389 1248 Hermann.
1410 1214 1564 1247 Praefat.
1583 1214 1629 1247 ad

97 1262 207 1306 Soph.
245 1261 359 1305 Antig.
402 1261 456 1293 ed.
486 1268 569 1294 tert.
610 1274 643 1306 p.
670 1263 773 1295 XIX.
812 1275 888 1307 sqq.
954 1264 1078 1307 ltaque
1112 1262 1229 1295 delevi
1260 1262 1408 1295 alteram
1447 1275 1483 1294 n.
1531 1263 1625 1304 Wr.)

96 1309 167 1344 338
192 1309 290 1354 quod
307 1308 364 1354 fr.
386 1308 476 1341 Gud.
526 1321 596 1354 quo
615 1311 774 1355 gemitus
792 1310 939 1343 Dorvill.
964 1318 997 1343 et
1017 1311 1124 1344 Witt.
1172 1312 1208 1343 in
1242 1310 1392 1342 aethere
1413 1321 1483 1342 sec.
1502 1310 1626 1342 Hamb.

98 1354 144 1388 ab
170 1356 320 1388 aethere
342 1367 397 1400 pr·
422 1356 553 1388 MOret·
649 1357 718 1391 339
754 1359 863 1390 sociis
897 1359 1037 1402 Menag.
1064 1370 1132 1403 pr„
1168 1357 1231 1390 sed
1265 1357 1337 1390 Ecl.
1363 1357 1424 1395 VI,
1450 1358 1497 1391 20
1523 1356 1627 1389 addit

98 1415 136 1436 se
161 1406 307 1435 sociam.
357 1403 439 1435 Mox
464 1403 652 1448 Riplzeus,
686 1405 881 1451 Replzeus,
927 1406 1124 1451 Ryplzeus,
1162 1404 1335 1437 scribitur.
1386 1400 1534 1443 Ῥιπεὺς
1560 1410 1625 1436 est.

99 1450 182 1493 (vid.
208 1451 253 1483 V.
279 1450 319 1482 L.
347 1450 391 1482 ad
417 1450 482 1492 XI,
509 1448 587 1485 184.
619 1451 714 1495 lVr.)
751 1453 850 1492 Quae
876 1460 1077 1496 sequuntur,
1104 1452 1253 1485 obscura
1280 1451 1420 1484 nomina
1445 1458 1536 1492 sunt,
1562 1462 1626 1484 nec

95 1497 130 1529 in
155 1497 197 1529 iis
223 1497 438 1529 morandum.
488 1499 668 1530 maximus
692 1500 822 1540 annis,
854 1500 949 1543 quod
976 1512 995 1532 a
1025 1499 1201 1532 nonnullis
1227 1499 1298 1543 legi
1323 1498 1458 1532 Pierius
1495 1505 1531 1531 et
1559 1499 1624 1531 Ge.

95 1544 277 1578 Fabricius
302 1550 498 1585 testantur,
524 1544 772 1589 interpolatum
798 1558 863 1590 per
888 1558 967 1586 eos,
1011 1547 1069 1592 qui
1094 1559 1126 1580 v.
1151 1547 1221 1583 435
1248 1548 1394 1592 Iphitus
1428 1558 1520 1578 aevo
1545 1547 1625 1578 Iam

95 1591 518 1638 gram'orsmeminerant,
544 1592 643 1636 quasi
669 1592 760 1625 idern
788 1605 864 1625 cum
891 1595 1006 1637 Epyto
1034 1601 1138 1627 esset.
1220 1594 1292 1628 340
1316 1597 1463 1639 Epytus
1483 1587 1624 1636 (⁹an-

96 1640 176 1680 τος)
203 1651 244 1670 ex
268 1638 370 1670 libris
397 1638 518 1671 Heius.
553 1639 725 1672 restituit.
768 1642 819 1683 (et
845 1641 893 1673 sic
919 1642 1099 1687 Epytides
1134 1654 1152 1673 e
1178 1652 1349 1673 consensu
1376 1640 1547 1680 omnium,
1586 1647 1623 1672 ut

95 1686 255 1726 videtur,
297 1685 468 1717 librorum
493 1685 584 1718 infra
610 1687 654 1728 V,
679 1687 758 1721 579.
786 1687 921 1729 editur,
965 1688 1049 1720 item
1074 1689 1161 1720 ibid.
1188 1688 1280 1727 547„
1319 1686 1386 1719 nisi
1413 1687 1509 1732 quod
1536 1688 1570 1720 h.
1598 1688 1621 1720 l.

95 1732 249 1765 Pieriani
273 1732 433 1764 nonnulli
458 1733 677 1778 Aepytiden.
702 1734 770 1766 vid.
795 1735 917 1767 Heius.
947 1736 1043 1778 Wr.)
1103 1735 1230 1767 Medic.
1255 1737 1413 1781 Aepitus
1439 1735 1621 1779 (Aepytus,

94 1778 260 1818 Αἴπυτος
302 1791 371 1812 non
410 1779 520 1812 minus
569 1786 666 1812 recte
700 1780 902 1824 diceretur),
939 1782 1023 1826 (vid.
1049 1782 1167 1815 Schol.
1203 1782 1357 1815 Theocr.
1393 1783 1418 1822 Ι,
1448 1782 1548 1822 125.;
1585 1788 1622 1814 et

94 1829 265 1873 Aepytus
300 1827 334 1858 in
369 1826 495 1860 Medic.
531 1827 625 1871 apud
658 1828 769 1871 Fogg.
805 1835 928 1862 exstat.
976 1831 1134 1875 Aepitus
1166 1828 1275 1861 Paris.
1300 1831 1335 1864 2.
1360 1830 1394 1864 3.
1421 1828 1454 1863 4.
1484 1831 1538 1863 11.
1564 1830 1619 1864 12.

97 1875 152 1909 13.
184 1872 280 1916 lVr.)
306 1873 341 1905 in
367 1873 444 1906 aliis
471 1873 617 1906 vitiose:
643 1877 794 1920 Epitus,
820 1877 997 1922 Epithus,
1023 1877 1193 1923 Eplzitus,
1217 1877 1418 1918 „ic-plutas,
1448 1876 1618 1922 Iplzytus.

95 1921 256 1968 (Iphitus
280 1920 390 1953 Palat.
421 1921 518 1965 Wr.)
571 1923 618 1953 Et
645 1923 809 1965 Pytlzus;
836 1930 872 1956 et
896 1935 976 1956 mox
1001 1924 1219 1970 IJyplzaniS,
1244 1925 1404 1970 Hipunis
1423 1932 1459 1956 et
1481 1925 1619 1965 Dimas,

94 1971 244 2001 Damas.
270 1968 313 2001 cf.
342 1967 405 2000 inf.
429 1968 510 2002 394.
551 1962 725 2008 ‘'Tnamg.
751 1967 897 2013 Δύμας.
952 1969 1083 2004 oblecti
1108 1970 1215 2003 Wall.
1249 1983 1267 2004 a
1293 1984 1337 2003 m.
1365 1982 1416 2015 pr.
1465 1984 1532 2016 per
1556 1971 1618 2003 lu·-

92 2028 166 2048 cem
192 2014 283 2048 coni.
303 2015 532 2055 Waddeiius;
562 2021 599 2047 at
623 2028 654 2048 v.
680 2017 862 2050 Burmann.
913 2019 1021 2050 Forte
1048 2024 1163 2050 autem
1189 2018 1327 2051 suavior
1351 2017 1511 2050 iunctura
1538 2016 1617 2059 erit,

93 2062 122 2095 si
147 2062 395 2106 interpungas:
421 2063 568 2095 addunt
593 2075 632 2095 se
656 2065 774 2097 socios
792 2066 960 2111 Rhipeus
983 2073 1020 2097 et
1044 2085 1087 2088 —-
1114 2068 1273 2111 Epytus,
1310 2064 1424 2098 oblati
1443 2077 1512 2110 per
1536 2067 1617 2098 Lu-

93 2122 198 2150 nam,
226 2111 469 2154 Hypani-sque
494 2112 722 2155 Dymasque,
756 2115 805 2144 Et
830 2113 942 2145 lateri
965 2113 1223 2157 agglomerant
1247 2121 1387 2145 nostro.
1438 2114 1540 2156 (Sane
1567 2112 1616 2146 sic

91 2156 430 2201 interpungendum;
473 2168 586 2201 neque
621 2157 712 2189 enim
738 2165 906 2204 apparet,
950 2171 1010 2191 cur
1034 2159 1101 2192 soli
1129 2159 1286 2204 Hypanis
1324 2167 1358 2192 et
1382 2160 1512 2204 Dymas
1536 2172 1615 2204 per

90 2204 244 2237 lunam
273 2203 425 2236 oblati
451 2203 559 2236 fuisse
584 2203 756 2239 dicantur.
814 2208 856 2238 Et
882 2206 932 2239 sic
958 2207 1001 2240 ud
1027 2207 1169 2239 verbum
1196 2207 1454 2253 adglomerant
1477 2218 1615 2251 prono—

90 2262 169 2283 men
196 2264 245 2291 Se,
281 2250 310 2283 si
335 2250 385 2284 ita
410 2263 553 2284 necesse
578 2250 740 2295 videtur,
773 2265 815 2287 ex
841 2253 1082 2299 superioribus
1107 2253 1224 2298 repeti
1249 2253 1405 2299 poterit,
1431 2253 1512 2287 coll.
1533 2254 1613 2296 XII,

89 2296 170 2333 457.
200 2298 294 2341 Wr.)

90 2428 274 2466 obsident
307 2429 458 2467 strictis
495 2431 665 2471 ensibus,
735 2432 820 2468 Ob-
880 2440 1086 2483 tamquam
1120 2447 1140 2469 a
1169 2431 1243 2469 deo
1267 2432 1401 2484 aliquo
1427 2437 1609 2468 actus—

89 2487 219 2523 sedere
242 2489 415 2537 oppositi
433 2494 573 2525 ornate
587 2495 625 2526 et
645 2488 723 2526 hoc
741 2490 820 2526 ad-

89 2546 245 2584 iectum.
307 2548 597 2584 slat—stricta
623 2561 696 2598 pro
721 2548 818 2584 stri—

89 2608 151 2639 cta
178 2609 257 2650 cst,
309 2611 410 2650 slat,
457 2602 602 2655 quippe
637 2605 818 2642 sublatus

88 2666 128 2698 et
160 2666 314 2697 erectus
350 2660 463 2697 ensis.
524 2676 640 2698 cacco
666 2662 814 2710 ,Μανᾶς

86 2723 288 2758 nocturno
319 2718 489 2769 praeli0,
531 2732 610 2768 quo
643 2721 750 2757 cerni
773 2735 819 2757 ac

878 2491 919 2528 in
943 2491 1119 2528 medium
1141 2490 1372 2527 incendium
1398 2496 1437 2526 et
1458 2503 1610 2541 pugnas

876 2550 962 2587 ruit
981 2548 1142 2586 Aeneas.
1186 2550 1372 2599 Ia'rt‘nnys,
1400 2560 1500 2598 quae
1518 2553 1610 2584 ante

878 2609 1021 2655 Furor,
1056 2606 1095 2644 h.
1119 2620 1151 2644 e.
1170 2606 1290 2644 animi
1316 2606 1499 2656 impetus.

935 2665 1020 2707 340
1038 2689 1081 2693 -
1100 2664 1194 2706 346.
1231 2665 1283 2700 De
1304 2663 1458 2701 Aeneae
1476 2676 1608 2714 pugna

877 2723 958 2773 lege
991 2723 1192 2771 Quintum
1218 2722 1315 2770 XII,
1349 2724 1432 2762 300
1464 2734 1519 2771 sq.
1555 2744 1603 2749 -

87 2775 257 2813 discerni
288 2774 414 2813 hostis
446 2776 594 2825 nequit.
637 2778 819 2827 (primi
871 2795 948 2830 per
973 2781 1115 2818 lunum
1142 2781 1260 2818 docte
1293 2779 1437 2816 adiecit
1467 2785 1606 2830 poeta:

88 2836 257 2884 rigileS,
306 2833 388 2871 vid.
420 2834 468 2881 Q.
500 2834 545 2872 V.
570 2835 752 2885 XXVIII,
777 2840 815 2885 2,

92 2891 226 2991 aas}
242 2972 295 2976 —
306 2949 402 2990 338,

461 2950 640 2987 ⁴Numine
679 2952 815 2989 divom

876 2852 913 2875 v.
956 2846 1116 2877 narrata
1163 2838 1210 2876 de
1249 2844 1430 2888 tempore
1460 2836 1604 2874 excidii

875 2896 947 2933 ins.
967 2897 1061 2935 Exn.
1090 2898 1136 2935 ll.
1166 2897 1218 2935 ad
1236 2896 1302 2934 lib.
1323 2896 1373 2933 ΙΙΙ
1395 2909 1455 2946 pr.
1514 2895 1604 2932 Ad-

872 2955 1112 3004 glomeraut,
1145 2955 1275 3003 docte,
1307 2967 1346 2991 se
1369 2953 1604 3005 adiungunt.
