1779 3420
96 191 199 255 568
490 183 1115 233 ExcURsos
1190 182 1251 229 11

211 312 394 351 Hiemem
413 312 454 351 in
477 313 647 352 Thracia
675 312 733 367 (h.
755 327 787 353 e.
807 307 986 367 Pallene)
1021 325 1042 348 a
1064 310 1249 349 Troianis
1272 316 1480 357 exactam,
1513 308 1634 346 etiam

99 372 261 424 Dionys.
281 384 334 409 ex
355 373 559 411 communi
582 373 740 411 ratione
758 371 889 410 tradit
908 371 937 418 I,
968 370 1023 410 49
1043 375 1083 406 et
1105 372 1171 418 63,
1204 369 1278 407 etsi
1308 366 1525 420 superioris
1555 366 1635 404 iam

99 429 218 480 anni,
248 442 343 467 nam
365 428 487 468 huius
522 430 618 470 anni
647 431 819 469 hiemem
850 429 891 467 in
915 427 1049 466 Sicilia
1081 427 1130 464 ab
1159 428 1204 465 iis
1227 434 1478 465 consumtam
1497 425 1634 477 ponit,

100 494 146 528 ut
179 487 279 526 adeo
309 495 499 538 sequente
530 502 636 526 anno
668 487 845 527 secundo
869 500 891 523 a
913 485 1033 524 Troia
1066 492 1182 537 capta
1207 485 1258 523 ad
1287 499 1425 536 agrum
1453 484 1635 521 Lauren-

103 553 183 585 tem
203 546 477 598 pervenerint.
536 548 587 584 Et
610 545 718 585 hanc
744 545 944 584 rationem
971 543 1132 594 sequuti
1154 550 1251 581 sunt
1281 543 1368 581 alii:
1401 549 1447 581 ut
1471 543 1511 580 L.
1534 542 1632 579 Cas-

101 605 184 643 sius
207 603 378 642 Hemina
397 604 506 657 apud
524 604 648 643 Solin.
668 619 701 642 c.
722 607 761 645 2.

218 675 252 700 a.
284 662 326 700 C.
357 661 403 701 N.
633 676 655 699 a
677 661 799 700 Troia
830 664 947 712 capta
1173 659 1311 697 Error.
1335 657 1489 696 Aeneae

259 721 371 762 1182
742 733 776 757 a.
808 721 835 759 2
1296 730 1330 755 a.
1362 719 1387 757 3

204 777 304 815 Inde
339 775 410 815 ubi
426 777 567 827 prima
582 776 696 824 fides
718 777 902 828 pelago,
937 774 1193 826 placataque
1222 777 1330 813 venti
1360 775 1480 812 Dant
1502 777 1636 814 maria

107 842 183 874 etc.
216 834 312 873 Aen.
340 834 408 883 111,
442 836 509 874 69.
570 834 673 873 Vere
711 835 899 882 ineunte,
949 831 1067 884 ἔαρος
1097 829 1345 885 ἀρχομένου,
1388 832 1490 870 mari
1519 839 1638 885 pate-

105 895 238 943 facto,
286 904 428 930 versus
459 890 770 944 Archipelagum
808 891 1024 942 navigant,
1074 890 1217 929 Delum
1254 891 1510 942 perveniunt.
1574 893 1637 930 Ab

105 952 208 991 Anio
241 949 438 988 Anchisae
472 949 633 1003 hospite
676 951 846 1002 benigne
887 948 1043 1000 excepti
1076 949 1303 1001 Apollinem
1334 949 1574 1000 consulunt3
1615 965 1637 988 a

107 1023 187 1061 quo
209 1022 300 1047 cum
322 1008 529 1058 antiquam
550 1016 723 1048 matrem
755 1007 993 1059 exquirere,
1024 1005 1065 1044 h.
1088 1020 1120 1045 e.
1151 1020 1237 1045 eam
1269 1013 1422 1045 terram
1442 1015 1637 1060 repetere,

107 1066 203 1106 iussi
233 1072 386 1115 essent,
426 1066 535 1104 uncle
568 1068 739 1105 maiores
770 1067 1044 1105 Troianorum
1076 1065 1274 1117 progressi
1298 1066 1350 1104 ad.
1382 1066 1526 1104 Troiae
1550 1067 1639 1105 loca

109 1125 204 1163 olim
228 1131 519 1177 pervenerant,
551 1125 744 1164 Anchises
770 1138 857 1162 eam
880 1124 1040 1162 Cretam
1062 1123 1367 1176 interpretatus,
1399 1124 1509 1162 unde
1530 1126 1639 1163 Teu-

109 1196 224 1221 crum
251 1182 302 1220 ad
335 1182 535 1220 Troadem
569 1184 771 1237 appulisse
806 1197 828 1221 a
856 1181 1077 1220 maioribus
1104 1188 1335 1234 acceperat,
1378 1196 1464 1220 eam
1502 1190 1640 1235 petere

108 1241 233 1278 iubet.
294 1239 358 1278 Ad
381 1239 488 1279 hanc
509 1241 630 1292 igitur
660 1242 834 1280 insulam
859 1241 968 1279 bona
993 1253 1061 1291 spe
1089 1240 1238 1278 alacres
1263 1254 1425 1279 cursum
1448 1241 1639 1293 dirigunt,

111 1299 161 1349 II,
197 1301 428 1340 73—131.
497 1299 735 1338 Idomeneus
765 1300 845 1337 iam
878 1305 969 1337 tum
998 1298 1115 1336 Creta
1149 1305 1238 1337 erat
1276 1312 1298 1336 a
1339 1299 1420 1337 suis
1448 1300 1640 1352 expulsus

111 1359 266 1397 v.121.
328 1356 520 1396 Condunt
541 1358 609 1397 hic
637 1358 781 1396 urbem
804 1360 1105 1408 Pergameam,
1136 1356 1349 1395 instruunt
1378 1357 1537 1408 domos,
1570 1373 1640 1397 co-

111 1416 205 1453 lunt
232 1428 345 1466 agros
356 1444 369 1464 ,
401 1421 441 1453 et
462 1421 573 1456 terra
595 1430 635 1456 se
656 1431 679 1454 a
697 1416 789 1455 satis
810 1421 1038 1453 monstrata
1060 1429 1172 1454 nunc
1193 1414 1358 1454 tandem
1384 1416 1535 1468 potitos
1558 1429 1641 1455 esse

110 1474 330 1522 laetantur,
360 1486 400 1512 v.
424 1476 683 1518 132—137.

236 1530 347 1569 Inter
386 1530 487 1570 haec
526 1547 655 1572 annus
695 1546 803 1571 unus
842 1537 883 1569 et
923 1531 1025 1569 alter
1056 1530 1167 1569 exire
1205 1530 1368 1581 debuit3
1407 1545 1536 1583 neque
1566 1533 1641 1571 ali—

113 1596 176 1628 ter
217 1601 410 1627 numerus
451 1590 518 1628 ille
559 1591 810 1644 septenarius
853 1603 1054 1628 annorum
1093 1589 1236 1628 confici
1266 1590 1412 1642 possit,
1469 1590 1546 1629 nisi
1586 1592 1642 1629 ita

115 1646 316 1685 statueris.
377 1647 504 1698 Igitur

230 1718 266 1743 a.
297 1705 339 1745 C.
372 1705 418 1743 N.
646 1721 669 1745 a
698 1705 821 1744 Troia
851 1712 967 1759 capta
1195 1705 1331 1743 Error.
1363 1704 1518 1744 Aeneae

267 1764 375 1805 1181
778 1777 813 1802 a.
845 1766 871 1806 3
1299 1776 1333 1802 a.
1362 1762 1390 1804 4

116 1821 157 1860 in
190 1833 298 1859 nova
329 1820 485 1859 colonia
517 1822 659 1861 Cretae
694 1821 960 1860 consumitur.
1020 1820 1175 1860 Interea

232 1891 267 1916 a.
299 1878 340 1916 C.
371 1878 418 1917 N.
646 1894 669 1917 a
699 1880 821 1918 Troia
851 1884 968 1932 capta
1191 1878 1330 1917 Error.
1361 1877 1517 1917 Aeneae

276 1937 387 1978 1180
788 1951 822 1975 a.
855 1936 883 1978 4
1317 1950 1351 1975 a.
1382 1939 1409 1979 5

117 1993 275 2032 siccitas
307 2007 516 2045 agrorum,
570 1994 672 2033 aeris
703 1995 878 2048 gravitas
889 2025 900 2045 ,
940 1994 1026 2033 lues
1056 1994 1294 2047 corporibus
1328 1995 1482 2034 infesta.
1545 1996 1645 2034 Cum

117 2052 266 2090 iterum
294 2051 502 2090 Phoebum
534 2052 575 2090 in
603 2054 700 2091 Delo
724 2054 932 2092 consulere
962 2052 1134 2102 vellent,
1167 2053 1340 2093 Aeneam
1365 2066 1437 2106 per
1458 2068 1645 2092 somnum

119 2110 269 2149 docent
310 2110 500 2159 Penates,
551 2125 633 2149 non
672 2112 833 2150 Cretam
869 2110 940 2149 sed
974 2111 1131 2149 Italiam
1161 2111 1296 2149 sedem
1336 2125 1359 2149 a
1387 2112 1480 2150 satis
1518 2112 1639 2150 desti-

119 2169 218 2207 nari.
287 2168 428 2219 Itaque
469 2169 606 2220 paucis
638 2169 681 2208 in
714 2169 872 2208 colonia
912 2169 1064 2208 relictis
1105 2169 1256 2208 iterum
1287 2183 1411 2210 naves
1449 2184 1645 2209 conscen-

120 2226 236 2276 dunt,
266 2226 332 2276 III,
368 2229 620 2269 137—191.

236 2284 373 2323 Evecti
403 2284 446 2321 in
470 2285 596 2323 altum
617 2285 731 2337 gravi
759 2290 1000 2336 tempestate
1030 2285 1339 2338 opprimuntur,
1370 2292 1419 2325 ut
1445 2285 1646 2338 procello—

122 2355 211 2379 sum
234 2342 274 2379 in
302 2341 365 2379 his
388 2342 513 2394 plagis
541 2356 651 2381 mare
681 2356 764 2380 esse
785 2343 888 2381 solet
919 2341 975 2396 (v.
1004 2343 1097 2382 Not.
1128 2343 1180 2382 ad
1215 2343 1280 2391 ΙΙΙ,
1314 2343 1426 2397 192).
1487 2344 1647 2391 Quarto

123 2399 186 2436 die
209 2399 260 2435 ad
285 2399 556 2451 Strophades,
589 2414 689 2452 quae
712 2401 813 2439 Ionii
841 2402 962 2439 maris
993 2402 1147 2440 insulae
1178 2400 1418 2439 occidentali
1447 2402 1645 2453 Pelopon-

123 2456 205 2493 nesi
241 2457 371 2494 littori
404 2457 596 2496 obversae
637 2465 754 2507 sunt,
796 2459 974 2510 appulsi,
1024 2473 1116 2498 cum
1145 2459 1194 2497 ab
1225 2458 1415 2511 Harpyiis
1443 2472 1647 2498 vexaren-

124 2520 204 2561 tur,
226 2520 390 2565 accepto
422 2529 443 2551 a
468 2516 635 2554 Celaeno
657 2516 863 2565 vaticinio,
897 2517 1044 2555 iterum
1070 2517 1166 2555 hinc
1192 2517 1370 2566 solvunt,
1402 2516 1464 2565 111,
1499 2520 1647 2558 192—

125 2574 211 2613 267
231 2577 271 2609 et
295 2571 392 2609 alias
412 2571 535 2611 huius
563 2574 684 2611 maris
714 2574 865 2611 insulas
889 2574 1158 2625 praetervecti
1179 2573 1339 2612 Actium
1366 2574 1407 2612 in
1429 2575 1519 2612 sinu
1548 2574 1648 2612 Am—

125 2630 260 2667 bracio
288 2631 545 2682 perveniunt.
605 2631 680 2668 Hic
705 2631 893 2669 lustratio
922 2638 962 2669 et
983 2633 1085 2670 Ludi
1113 2632 1255 2679 habiti,
1286 2631 1354 2680 ΙΙΙ,
1385 2634 1648 2674 268—283.

126 2688 286 2725 Interea
317 2702 516 2738 magnmn
549 2690 620 2726 Sol
645 2689 975 2726 cit-czazwolvimr
1001 2704 1177 2739 annum,
1210 2691 1265 2727 Et
1292 2690 1489 2740 glacialis
1521 2690 1649 2728 hiems·

127 2745 386 2797 aquilonibus
403 2754 568 2799 asperat
587 2746 718 2783 mulas
740 2759 778 2783 v.
799 2745 895 2786 284.
917 2745 1014 2789 285,

242 2818 276 2841 a.
304 2803 346 2842 C.
377 2803 424 2843 N.
655 2816 676 2839 a
710 2803 830 2841 Troia
862 2809 977 2856 capta
1201 2804 1338 2843 Error.
1371 2805 1526 2842 Aeneae

284 2864 393 2903 1179
792 2875 826 2899 a.
858 2861 885 2904 5
1323 2878 1356 2901 a.
1389 2866 1415 2906 6

230 2919 445 2957 Transacta
477 2918 583 2970 apud
609 2918 767 2956 Actium
792 2918 919 2956 hieme
947 2919 1056 2972 Epiri
1085 2919 1218 2958 littore
1251 2921 1354 2959 lecto
1386 2921 1437 2959 ad
1467 2920 1650 2960 Buthro-
