1779 3420
21 202 121 252 184

344 199 400 248 P.
440 193 798 247 VIRGILII
844 190 1220 241 MARONIS

24 328 254 391 Semper
288 324 496 386 honOS,
537 333 854 384 nomenque
883 324 1064 379 tuum,
1098 314 1396 380 laudesque
1429 327 1549 361 ma-

807 385 1032 448 nebunt,

25 468 174 529 Quae
207 480 297 512 me
341 476 576 528 cumque
610 465 803 506 vocant
832 465 1021 506 terrae.

1096 454 1182 504 Sic
1212 451 1376 515 fatus,
1416 450 1551 500 ami-

819 542 942 575 cum
1448 526 1553 572 610

24 605 226 655 Ilionea
248 602 382 668 petit
414 599 610 659 dextra,
650 596 905 661 laevaque
929 597 1230 653 Serestum3

25 679 153 725 Post
183 672 329 734 alios,
351 669 664 733 fortemque
687 668 851 730 Gyan,
875 663 1188 729 fortemque
1210 659 1552 712 Cloanthum.

101 741 394 807 Obstupuit
417 739 593 805 primo
620 735 876 802 adspectu
904 733 1124 784 Sidonia
1147 731 1305 793 Dido,

30 897 92 918 nus
118 884 228 920 bene3
254 881 318 914 sed
341 885 501 913 remanet
525 876 713 910 difficultas
737 877 772 909 in
799 876 908 909 verbo
930 873 1169 913 lustrabant,·
1195 883 1268 904 rem
1295 868 1427 914 optime
1446 880 1558 913 expe-

31 931 161 965 divisse
185 928 272 962 mihi
296 927 433 960 videtur
458 924 613 970 Heynius
638 924 674 957 in
700 925 784 957 Not.
814 923 908 966 er.)

176 976 303 1023 polam
333 975 418 1007 dum
446 985 475 1006 s.
501 980 654 1019 pascent
682 971 809 1004 Hamb.
839 970 939 1003 alter.

30 978 132 1012 male.

32 1026 141 1059 daeus
166 1025 197 1055 II
223 1021 321 1054 Misc.
351 1022 406 1056 17.

967 922 1067 968 polis
1087 921 1174 953 dum
1199 931 1228 951 s.
1253 916 1442 950 nonnullae
1465 916 1560 957 edd„

988 968 1100 1015 palus
1118 966 1244 999 misere
1267 963 1441 997 emendat.
1468 964 1560 995 Bro-

452 1019 573 1066 pascit
609 1018 739 1052 Medic.
776 1030 804 1050 c.
827 1017 872 1050 al.
898 1015 992 1060 apud
1016 1014 1137 1047 Heins.
1173 1012 1270 1058 quod
1297 1010 1446 1044 mireris.
1475 1009 1560 1054 (vid.

35 1074 80 1114 Q.
104 1072 149 1105 V.
177 1071 237 1109 VI,
261 1070 293 1104 5.
342 1069 437 1101 Vera
461 1065 569 1099 lectio
603 1074 730 1112 pascet
755 1071 866 1097 exstat
892 1063 996 1097 etiam
1030 1062 1066 1095 in
1100 1059 1224 1102 Palat„
1259 1065 1314 1099 et,
1351 1065 1386 1091 ut
1411 1057 1561 1098 videtur,
1600 1066 1603 1070 ·

33 1119 69 1152 in
88 1120 188 1152 Rom.
217 1114 313 1159 lVr.)
334 1122 463 1160 poscet
485 1114 609 1157 fragm.
635 1112 749 1145 Vatic.

843 1112 913 1146 610
939 1122 1010 1156 quo
1035 1121 1105 1141 sec.
1133 1107 1324 1150 Hamburg.
1348 1112 1382 1138 et
1399 1103 1561 1137 Pari-has.

36 1172 164 1199 vocent
198 1163 290 1196 alter
313 1161 485 1194 Rottend.
522 1173 541 1193 a
567 1172 611 1192 m.
638 1172 707 1192 see.
742 1165 778 1191 et
803 1159 912 1191 Goth.
937 1169 1005 1190 sec.
1044 1155 1128 1200 (vid.
1163 1156 1206 1195 Q.
1233 1154 1276 1186 V.
1305 1153 1363 1193 VI,
1388 1153 1422 1186 2.
1466 1152 1560 1194 Wr.)

35 1214 101 1248 611
125 1213 359 1257 Sergestum,
387 1211 616 1247 serentum,
644 1209 838 1253 Segestam
863 1205 908 1238 al.
934 1203 993 1236 hic
1019 1209 1055 1235 et
1080 1201 1178 1235 alibi.
1206 1213 1236 1234 v.
1264 1201 1378 1232 Burm.
1406 1205 1441 1231 et
1468 1198 1562 1231 Pier.

35 1261 249 1304 Sergestum
284 1262 320 1288 et
353 1258 540 1289 Serestum
575 1265 680 1286 unum
715 1252 932 1296 eundemque
978 1262 1076 1291 esse,
1122 1255 1275 1281 statuere
1310 1245 1413 1278 video
1448 1246 1492 1278 V.
1526 1245 1562 1278 C.

35 1305 185 1339 Brunck.
209 1306 236 1345 Ι,
257 1302 340 1342 343,
368 1302 463 1347 quod
491 1301 547 1334 vix
571 1301 683 1333 feram
707 1311 750 1332 ne
776 1299 811 1332 in
837 1299 928 1332 malo
955 1297 1097 1342 quidem
1121 1301 1249 1340 poeta3
1277 1299 1313 1325 et
1342 1292 1425 1337 quid
1450 1292 1563 1325 facie—

35 1365 111 1387 mus
145 1349 262 1384 versui
295 1351 383 1390 XII,
418 1349 483 1384 561
522 1348 721 1381 Mnesthea
753 1349 1037 1392 Sergestumque
1071 1350 1180 1375 vocat
1206 1340 1418 1386 sortemque
1453 1341 1563 1372 Sere-

36 1399 159 1434 stum?
207 1397 319 1431 Etiam
351 1408 432 1429 mox
466 1396 618 1441 Gigam,
655 1396 770 1427 Giam.

866 1392 935 1427 613
970 1392 1128 1437 primum
1152 1388 1306 1421 malebat
1332 1387 1464 1427 Heius„
1498 1386 1562 1418 sed

32 1445 307 1502 primo-eodem
342 1455 443 1476 sensu
479 1454 558 1487 capi
583 1453 648 1485 par
673 1447 738 1474 est.
775 1441 826 1485 (et
859 1439 929 1472 vid.
960 1440 1002 1478 Q.
1032 1439 1075 1470 V.
1101 1437 1272 1477 XXVIII,
1297 1435 1330 1469 6.
1379 1432 1562 1467 Mediceus

37 1506 76 1527 111
100 1493 225 1527 ordine
251 1491 396 1524 exhibet
417 1491 533 1536 prim,
559 1495 594 1521 et
620 1501 640 1522 ο
665 1486 950 1533 superscriptam.
985 1483 1080 1528 lVr.)

39 1589 249 1628 videntur.
310 1586 358 1624 Et
382 1583 668 1624 Callimachum
698 1597 771 1621 ex—

40 1660 222 1701 pressum
255 1658 337 1683 esse
365 1658 386 1681 a
420 1650 581 1692 nostro,
613 1644 691 1679 iam
723 1642 771 1678 ab

41 1706 160 1744 Anna
209 1703 329 1741 Fabri
379 1702 541 1752 aliisque
594 1707 635 1738 et
680 1706 773 1737 ante

43 1776 182 1803 omnes
203 1776 224 1800 a
245 1762 445 1799 Germano
467 1759 631 1797 Valente
655 1757 705 1795 ad
733 1756 774 1795 h.

42 1822 69 1861 l.
102 1827 162 1859 est
191 1826 400 1867 notatum,
430 1818 473 1855 in
504 1816 585 1854 Del.
622 1819 775 1857 176-

51 1880 254 1933 Τείρεσιν,
296 1876 423 1930 ἡνίκα
470 1879 636 1915 πλεῖστα
682 1868 775 1912 κατ’

44 1934 148 1991 ἠ’έρα
168 1934 465 1989 βουκολέονται.
518 1934 617 1970 Cum
640 1937 776 1968 tamen

45 1994 331 2034 Lucretianum
352 1993 382 2041 I,
402 1993 487 2034 232
511 1992 615 2028 mule
644 1989 780 2027 aedae}-

46 2054 179 2092 sidera
197 2052 367 2103 pascit?
398 2056 437 2087 et
467 2049 540 2086 alia
570 2048 680 2096 loca,
710 2047 777 2084 in-

46 2111 186 2164 primis
216 2110 261 2158 V,
292 2108 375 2150 384
398 2122 503 2159 sqq.‚
535 2106 662 2144 multo
690 2119 780 2143 ma-

48 2170 104 2221 gis
133 2168 264 2207 videri
299 2166 452 2218 possint
479 2171 620 2216 poetae
648 2164 781 2201 animo

48 2227 260 2265 insedisse:
299 2226 535 2263 Servianam
581 2222 782 2274 interpre—

49 2285 241 2323 tationem
276 2297 354 2321 non
382 2283 500 2334 plane
529 2293 704 2332 spernas,
736 2285 783 2316 ut

52 2343 102 2380 ad
123 2340 458 2394 philosophorum
473 2339 700 2391 opinionem
717 2350 782 2375 re—

52 2402 176 2447 feras,
216 2412 295 2450 qua
338 2404 444 2435 astra
493 2396 655 2434 marinis
699 2402 781 2433 ter-

52 2458 238 2508 renisque
280 2455 517 2494 humoribus
566 2454 784 2491 attenuatis

55 2512 334 2568 (οἷποῤῥοίαις)
358 2513 408 2550 ali
430 2512 691 2564 putabantur,
704 2510 784 2548 vid.

55 2573 184 2612 Cerda
235 2578 273 2609 et
326 2572 347 2608 Ι.
390 2571 415 2608 l.
468 2584 487 2606 a
531 2570 787 2616 Burmanno,

55 2628 396 2683 quemadmodum
410 2628 477 2665 iris
496 2627 687 2664 imbibere
708 2626 785 2663 im—

55 2691 159 2728 bres.
211 2703 246 2727 v.
290 2686 340 2724 ad
385 2685 529 2723 Tibull.
575 2685 609 2731 l,
639 2682 688 2732 4,
720 2682 786 2723 44.

58 2747 207 2801 (Verba
235 2746 357 2796 polu-s·
388 2743 520 2780 sidera
546 2744 683 2792 pascit
706 2742 787 2779 lin-

56 2818 156 2856 guae
197 2804 300 2842 ratio
339 2814 468 2852 neque
506 2800 556 2837 ad
599 2799 705 2836 hancv
740 2798 788 2835 ab

57 2863 216 2915 Heynio
245 2864 599 2899 commemoratam
631 2857 789 2909 opinio-

59 2935 148 2961 nem
185 2917 478 2958 accommodari
510 2915 685 2967 patitur,
719 2928 788 2952 ne-

831 1595 908 1633 que
934 1581 991 1618 ita
1024 1578 1211 1629 intelligi:
1242 1577 1379 1614 stellae
1407 1575 1448 1613 in
1471 1574 1566 1626 polo

832 1647 963 1678 errant
998 1659 1056 1666 --
1097 1637 1175 1674 hoc
1223 1641 1283 1672 est
1332 1635 1566 1686 βουκολεεῖ-

834 1702 935 1738 σθαι
950 1719 995 1724 -
1013 1712 1024 1745 3
1046 1695 1116 1732 sed
1127 1693 1314 1744 Virgilius
1336 1692 1431 1730 dicit
1447 1703 1567 1742 aper-

833 1763 886 1804 te,
918 1754 1011 1807 polo
1030 1753 1158 1791 inesse
1177 1751 1284 1790 vires
1303 1749 1437 1788 alendi
1459 1747 1566 1786 side-

834 1827 892 1852 ra.
910 1809 1061 1863 Welz.)
1116 1812 1211 1852 609.
1232 1811 1328 1851 610.
1346 1810 1451 1845 Sunt
1470 1807 1566 1845 iun—

834 1870 984 1924 genda:
1021 1869 1277 1918 Quocunque
1310 1866 1467 1914 abiero,
1495 1865 1570 1902 be-

836 1927 967 1968 neficii
991 1927 1145 1978 accepti
1172 1938 1324 1963 memor
1347 1937 1427 1962 ero.
1470 1921 1571 1975 (Aut

836 1988 972 2039 inepta
992 1999 1088 2023 usus
1106 1990 1166 2022 est
1189 1989 1308 2036 poeta
1332 1980 1569 2034 hyperbole,

838 2051 910 2084 aut
928 2043 1029 2082 haec
1047 2044 1105 2081 ita
1125 2040 1355 2092 accipienda
1379 2045 1493 2078 sunt:
1525 2038 1571 2076 In

840 2103 888 2142 iis
919 2102 1060 2151 terris,
1090 2101 1132 2138 in
1164 2100 1310 2151 quibus
1338 2097 1572 2146 comedero,

842 2168 890 2200 ut
912 2160 1099 2212 perennis
1123 2159 1173 2196 sit
1195 2156 1375 2196 beneficii
1398 2155 1459 2194 tui
1486 2167 1573 2192 me—

842 2218 995 2267 moria,
1027 2217 1210 2256 efficiam.
1257 2213 1375 2268 lVr.)
1431 2227 1573 2250 mane—

843 2277 952 2325 bunt,
975 2276 1107 2314 animo
1128 2288 1236 2324 meo,
1270 2285 1475 2323 nunquam
1501 2284 1574 2308 ex—

844 2335 992 2373 cident.
1057 2336 1139 2375 610
1158 2353 1213 2361 —
1234 2335 1328 2373 613.
1360 2331 1505 2367 Laetus
1536 2334 1576 2366 et

843 2398 979 2445 gratus
994 2389 1298 2430 benevolentiae
1319 2395 1357 2425 et
1379 2386 1576 2425 amicitiae

844 2450 1010 2488 affectus
1046 2450 1086 2486 in
1125 2448 1187 2485 his
1220 2447 1401 2485 versibus
1437 2445 1576 2483 obser-

845 2507 1016 2547 vandus.

905 2568 1000 2606 613.
1034 2562 1226 2614 Respexit
1254 2561 1294 2599 h.
1321 2562 1347 2599 l.
1378 2561 1498 2598 Silius
1529 2559 1576 2607 II,

846 2623 931 2664 412
964 2635 1047 2672 sqq.
1087 2634 1206 2657 casus
1237 2626 1297 2656 est
1324 2619 1499 2666 fortuna,
1530 2623 1579 2654 ut

846 2682 983 2718 statim
1014 2693 1051 2717 v.
1082 2678 1177 2719 615.
1249 2680 1345 2718 616.
1374 2677 1577 2714 Immani—

847 2739 919 2776 luas
949 2739 1026 2775 oris
1057 2736 1215 2786 Libyae,
1248 2734 1360 2772 cuius
1388 2734 1579 2770 immanes

848 2802 889 2834 et
914 2795 985 2833 seri
1006 2794 1173 2841 incolae,
1198 2792 1281 2830 sive
1301 2792 1421 2829 etiam
1440 2790 1579 2829 horri-

851 2854 925 2891 dae
956 2859 996 2890 et
1025 2864 1184 2903 asperae
1214 2851 1466 2900 incultaeque
1495 2855 1580 2886 ter-

850 2925 929 2951 rae.
962 2911 1154 2962 Pompon.
1184 2909 1274 2946 Sab.
1302 2908 1350 2946 dc
1381 2908 1580 2959 intempe-
