1811 3388
334 156 748 210 AENEmos
785 157 929 206 ΜΒ.
968 158 1028 219 v,
1072 159 1359 211 825—833

1499 171 1597 215 833

91 286 205 334 Una
230 298 419 332 omnes
447 280 626 330 fecere
647 279 873 346 pedem3
896 280 1203 346 pariterque
1221 281 1470 347 sinistros,
1500 292 1598 339 830

88 357 243 403 Nunc
267 352 478 400 dextros
498 350 706 399 solvere
726 350 894 410 sinus3
931 365 1036 398 una
1058 349 1220 399 ardua
1244 359 1500 417 torquent

91 425 304 473 Cornua
315 461 327 484 ‚
368 420 818 486 detorquentque.

877 421 1080 468 Ferunt
1101 436 1191 468 sua
1225 419 1439 471 flamina
1475 423 1600 472 clas-

870 504 998 539 sem.

89 559 342 624 Princeps
364 566 484 607 ante
510 557 684 606 omnis
714 557 942 607 densum
968 555 1244 608 Palinurus
1265 559 1450 622 agebat

183 710 251 745 830
263 711 376 743 omnis
394 711 492 742 Rom.
519 709 569 753 (et
589 707 738 745 Medic.;
763 713 944 751 praeterea
971 706 1076 740 Unde
1094 705 1188 750 Lips.
1207 706 1266 740 alt.
1290 719 1355 751 pro
1383 711 1478 743 Una.
1502 713 1599 754 Wr.)

91 757 155 791 831
185 769 212 789 S.
249 768 379 789 manus
409 755 517 788 Goth.

97 851 191 894 Νὴ.)

91 975 177 1008 rata
213 982 250 1006 v.
289 969 386 1009 820.
431 969 526 1010 821.
587 966 693 1005 Nihil
720 972 819 1019 puto

94 1026 203 1064 aliud
225 1040 263 1063 v.
277 1027 359 1067 829
375 1038 458 1075 sqq.
473 1024 681 1073 declarari,
700 1038 820 1074 quam

93 1085 135 1122 in
166 1097 320 1121 summa
350 1082 471 1120 maris
505 1082 681 1133 caelique
703 1088 819 1119 tran-

95 1142 294 1192 quillitate
327 1147 494 1178 ventum
527 1140 604 1177 iam
635 1145 724 1177 ante
755 1152 819 1176 se-

95 1199 271 1237 cundum
294 1198 546 1245 increbuisse,
568 1210 690 1248 eoque
714 1198 818 1234 sacto

94 1270 202 1295 nunc
223 1256 314 1293 solis
335 1255 432 1293 velis
454 1256 653 1306 navigasse
676 1255 819 1292 Troia-

94 1329 196 1363 nos,
253 1313 450 1363 remisque
500 1313 626 1350 otium
671 1312 818 1349 secisse.

94 1373 232 1421 ltaque
253 1372 292 1408 in
316 1370 499 1408 omnibus
522 1370 688 1407 navibus
711 1382 820 1406 nunc

93 1431 186 1467 mali
210 1428 461 1476 attolluntur,
490 1428 573 1464 vela
594 1426 819 1465 intendun-

93 1494 173 1526 tur.
232 1486 384 1524 intendi
421 1485 586 1522 brachia
620 1486 737 1532 velis,
769 1483 819 1521 de

95 1545 278 1583 antennis
307 1543 366 1594 agi
396 1542 460 1581 vel
494 1555 542 1579 ex
575 1541 658 1579 Val.
688 1541 819 1578 Flacci

93 1603 317 1641 imitatione
330 1574 416 1638 23lib.
444 1600 484 1647 Ι,
530 1602 609 1641 126
641 1612 734 1636 cons
720 1605 818 1647 stat,

95 1662 164 1700 ubi
188 1661 287 1698 Iuno
310 1658 422 1696 videt
445 1657 626 1694 Pallada
657 1656 818 1706 velafero

95 1722 345 1771 quaemztem
371 1714 536 1752 br'aclzm
564 1714 672 1751 malo
689 1743 699 1762 ,
745 1726 819 1750 an-

94 1784 256 1824 tennas,
287 1779 326 1811 et
357 1772 554 1824 duplicem
575 1777 715 1822 poetae
739 1783 820 1807 esse

94 1834 137 1872 in
167 1833 228 1871 his
259 1830 389 1870 verbis
422 1835 687 1867 structuram:
726 1829 818 1865 vela

95 1891 291 1929 inlenclere
313 1889 510 1934 antennis,
546 1891 595 1933 et,
625 1894 821 1922 antennas

97 1949 293 1986 intendere
315 1946 428 1992 velis,
462 1944 553 1980 satis
583 1949 723 1980 notum
742 1948 801 1979 est
811 1956 820 1991 3

96 2012 143 2044 ut
165 2005 285 2043 nolim
303 2002 371 2040 hic
389 2002 528 2039 turbas
547 2001 684 2038 factas.
725 2002 821 2041 830.

107 2063 200 2100 Una
234 2075 365 2098 omnes
384 2059 520 2109 secere
539 2058 697 2107 pedem.
743 2057 821 2093 Co-

96 2119 216 2172 piosis
242 2118 423 2156 viioluin
451 2115 662 2152 doctoium
696 2113 746 2150 ad
779 2112 819 2151 h.

97 2177 137 2225 l.,
167 2175 348 2227 inp1i1nis
378 2173 543 2219 Guellii,
593 2178 632 2208 et
673 2171 723 2208 ad
739 2172 819 2207 Ca-

97 2235 266 2280 tullum,
297 2232 514 2269 Lucianum
546 2235 584 2266 et
612 2229 661 2266 al.
680 2228 820 2279 dispu-

98 2290 317 2330 tationibus
345 2289 490 2340 agitata
523 2286 657 2324 dictio.
700 2284 820 2338 (adde

99 2363 198 2399 quos
230 2348 368 2385 laudat
399 2344 529 2383 Hand.
563 2344 614 2381 ad
644 2344 821 2380 Gronov.

98 2407 223 2444 Diatr.
251 2420 287 2457 p.
317 2408 382 2445 90.
409 2400 526 2454 lsVr.)
586 2402 701 2438 Nunc
727 2400 822 2438 vul-

98 2465 200 2516 galis
218 2469 277 2501 est
306 2463 371 2499 illa
406 2459 630 2499 observatio
660 2464 697 2495 et
728 2458 821 2494 satis

100 2527 269 2569 constat,
296 2521 416 2570 pedes
438 2525 476 2556 et
487 2518 555 2554 Gr.
568 2515 699 2563 πόδας
718 2529 821 2553 nau-

100 2579 151 2617 tis
173 2579 301 2617 dictos
321 2578 435 2614 funes
449 2606 459 2625 ,
492 2575 636 2625 quibus
657 2574 820 2610 inseno-

100 2649 163 2674 res
184 2636 261 2674 veli
280 2635 433 2685 anguli,
465 2634 569 2670 sorte
592 2637 631 2668 et
659 2631 732 2682 ipsi
753 2631 818 2668 in—

100 2693 260 2730 terdum
284 2693 434 2742 pedum
459 2690 617 2728 nomine
638 2688 820 2725 declara-

99 2751 153 2799 ti,
183 2749 347 2801 puppim
373 2761 510 2786 versus
542 2746 822 2794 adducuntur3

101 2813 142 2845 et
159 2813 277 2844 vento
300 2806 459 2855 quidem
478 2803 652 2841 secundo
676 2817 695 2839 a
715 2816 821 2854 pup—

99 2865 141 2916 pi
171 2865 368 2915 spirante,
401 2862 451 2899 ad
473 2869 690 2910 utrumque
717 2861 823 2897 latus

169 2933 375 2980 VIRGIL.
414 2929 554 2975 Tom.
592 2927 654 2975 ΙΙ.

544 761 625 787 tert.
658 767 676 787 a
710 765 755 786 m.
790 765 841 797 pr.

92 803 170 836 eod.
192 806 288 836 Serv.
321 804 362 837 V.
389 803 481 848 apud
513 804 626 835 Burm.
657 800 753 844 Wr.)
776 800 821 833 cf.
849 811 928 832 mox
952 812 983 833 v.
1004 801 1084 835 843.
1135 801 1203 844 (—

938 755 1008 789 832
1033 755 1195 798 flamma
1233 754 1334 787 ambo
1365 756 1504 800 Menag.
1549 759 1600 801 (et

1160 800 1296 835 —833.
1323 813 1445 835 omnes
1469 804 1598 837 Medic.

878 965 1066 1014 adducti,
1099 965 1185 1004 vela
1213 965 1265 1003 ad
1296 972 1459 1005 ventum
1489 969 1598 1006 exci-

877 1023 1067 1075 piendum
1089 1023 1341 1075 expandunt,
1373 1031 1420 1062 ut
1438 1033 1599 1078 utroque

874 1082 976 1131 pede
996 1094 1157 1118 currere
1177 1080 1378 1120 diceretur
1389 1082 1522 1132 navis3
1545 1084 1599 1121 sic

877 1143 916 1174 et
942 1137 1049 1189 apud
1066 1137 1249 1190 Apollon.
1278 1139 1324 1188 II,
1358 1142 1440 1181 932
1464 1140 1597 1178 velum

877 1195 918 1243 ἐς
958 1192 1090 1243 πόδας
1131 1191 1383 1247 οἷμφοτὲρους
1420 1196 1598 1236 intendi-

877 1257 968 1301 tur,
999 1253 1057 1290 sin
1090 1258 1254 1301 ventus,
1287 1253 1360 1291 etsi
1388 1255 1596 1305 secundus,

878 1309 1064 1360 obliquus
1090 1316 1222 1348 tamen
1245 1317 1357 1360 esset,
1389 1312 1454 1349 vel
1476 1313 1597 1351 modo

877 1381 898 1404 a
921 1367 1065 1405 dextra
1092 1367 1212 1406 modo
1231 1381 1252 1404 a
1280 1368 1440 1406 sinistra
1470 1370 1598 1421 spira-

875 1430 958 1474 ret,
988 1439 1066 1462 ano
1080 1425 1185 1475 pede
1211 1438 1279 1462 seu
1312 1426 1405 1463 fune
1426 1426 1596 1477 intento,

876 1481 1064 1533 angulum
1103 1482 1182 1520 veli
1219 1482 1447 1521 inferiorem
1478 1488 1597 1524 modo

876 1540 924 1577 ab
946 1538 1022 1576 hac
1040 1539 1160 1577 modo
1182 1539 1230 1576 ab
1250 1539 1316 1577 illa
1332 1547 1448 1591 parte
1467 1543 1598 1594 expli-

876 1603 978 1635 cant.
1009 1610 1047 1635 v.
1069 1597 1295 1645 Catu11.1V‚
1326 1600 1393 1639 21.
1423 1599 1521 1637 Plin.
1551 1601 1597 1647 11,

876 1655 930 1695 47
954 1669 982 1692 s.
1005 1655 1071 1695 48.
1097 1656 1246 1692 Fac-ere
1277 1661 1409 1692 autem
1432 1657 1594 1706 pedem,

877 1717 924 1748 ut
936 1711 1075 1762 facere
1097 1713 1201 1759 vela,
1224 1711 1421 1762 expedire,
1443 1727 1596 1764 parare.

876 1769 1043 1807 Fundus
1077 1769 1133 1806 rei
1171 1769 1213 1806 in
1245 1768 1418 1808 Homero
1456 1771 1598 1822 Odyss.

876 1842 913 1875 κ,
944 1826 999 1868 35
1028 1825 1117 1865 Αἰεὶ
1145 1823 1219 1879 γαρ
1246 1822 1350 1866 mida
1379 1843 1477 1877 νηος
1499 1825 1597 1868 ἐνω

878 1895 986 1935 μων·
1028 1896 1145 1933 quem
1183 1883 1231 1921 de
1263 1884 1360 1921 velis
1402 1886 1598 1936 accipien-

879 1941 975 1978 dum
995 1953 1075 1976 esse
1097 1941 1167 1978 vix
1191 1940 1358 1988 dubites,
1379 1955 1467 1979 cum
1488 1942 1598 1980 Aeoli

876 1997 1068 2036 beneficio
1087 1997 1263 2048 naviget3
1294 1997 1384 2036 vide
1407 1999 1458 2037 ibi
1486 2013 1522 2037 v.
1541 2000 1595 2041 25

878 2068 960 2106 sqq.
1014 2054 1102 2092 Hoc
1121 2054 1208 2092 loco
1230 2061 1392 2093 ventum
1415 2056 1596 2094 variante

877 2113 1031 2163 impetu
1043 2111 1200 2161 oblique
1221 2112 1412 2155 incidisse,
1437 2113 1502 2150 illa
1524 2114 1597 2151 de-

878 2170 1052 2217 clarant,
1084 2182 1184 2219 quae
1211 2169 1438 2207 declarandi
1461 2184 1594 2208 caussa

879 2227 1049 2265 adiecta:
1072 2228 1324 2277 pariterque,
1358 2241 1465 2265 nune
1494 2229 1595 2265 sini-

877 2294 974 2322 stros
990 2314 1000 2332 ,
1042 2298 1146 2321 nunc·
1174 2284 1328 2320 dextros
1358 2285 1527 2331 solvere,
1557 2290 1596 2322 et

879 2341 1143 2379 intenderunt
1165 2370 1174 2386 ‚
1239 2343 1350 2378 sinus
1396 2342 1595 2391 velorum,

880 2399 990 2450 quod
1021 2399 1117 2436 dum
1148 2398 1319 2447 faciunt,
1369 2399 1488 2436 etiam
1520 2413 1595 2436 an—

879 2464 1020 2495 tennas
1039 2454 1188 2492 inflecti
1215 2468 1371 2492 necesse
1394 2463 1474 2494 est:
1515 2471 1596 2494 una

878 2516 1008 2553 ardua
1048 2520 1225 2564 torquent
1268 2513 1424 2551 Cornua
1467 2514 1596 2551 detor-

879 2579 1089 2623 quemque.
1153 2569 1216 2606 Sic
1239 2571 1349 2607 venti
1378 2571 1464 2619 sui,
1500 2569 1540 2607 h.
1563 2583 1595 2608 e.

876 2627 1061 2676 secundi,
1092 2628 1228 2664 serunt
1254 2627 1434 2675 classen13
1471 2627 1596 2665 donec

878 2687 951 2725 sub
983 2691 1141 2723 noctem
1167 2690 1275 2721 recta
1306 2698 1326 2720 a
1356 2685 1478 2735 puppi
1500 2685 1595 2721 flare

877 2743 1095 2794 incipiunt,
1130 2755 1205 2780 see.
1225 2755 1265 2779 v.
1287 2742 1368 2783 844
1388 2742 1595 2792 Aequatae

879 2805 1035 2852 spirant
1065 2813 1202 2837 aurae.
1265 2799 1359 2839 833.
1390 2799 1445 2833 De
1476 2797 1594 2833 stali-

879 2873 975 2897 nuro
1002 2857 1077 2895 Iasi
1100 2857 1126 2894 f.
1141 2860 1351 2903 memorat,
1390 2853 1534 2904 quippe
1552 2852 1595 2890 iu

1256 2920 1321 2965 53
