1827 3436
403 248 817 307 AENEIDOS
855 249 996 296 LIB.
1033 246 1098 306 ΙΙ,
1138 247 1435 296 665-680
1578 249 1678 296 361

161 383 491 438 Insertabam
515 387 725 445 aptans,
763 389 964 440 meque
997 380 1138 421 extra
1163 378 1302 419 tecta
1324 368 1582 419 ferebam.

160 461 300 509 Ecce
324 461 506 503 autem
530 446 788 514 conplexa
807 443 978 511 pedes
998 443 1052 491 in
1076 441 1261 489 limine
1285 439 1517 488 coniunx

161 524 456 585 Haerebat,
486 532 824 586 parvumque
850 513 985 580 patri
1005 510 1266 561 tendebat
1286 509 1487 559 Iulum:

166 597 220 647 Si
244 595 513 662 periturus
536 589 672 652 abis,
711 595 764 636 et
786 602 885 634 nos
909 599 1037 649 rape
1063 583 1117 630 in
1140 580 1321 630 omnia
1342 588 1550 638 tecum3
1590 579 1693 628 675

167 668 259 716 Sin
291 665 524 729 aliquam
557 666 805 725 expertus
837 655 1025 704 sumtis
1065 668 1219 718 spem
1247 649 1404 716 ponis
1441 649 1496 697 in
1522 647 1695 710 armis,

163 740 314 787 Hauc
354 733 594 800 primum
642 736 817 778 tutare
861 725 1102 775 domum.
1178 721 1276 772 Cui
1310 734 1504 786 parvus
1536 716 1698 779 Iulus,

168 807 267 859 Cui
302 812 479 872 pater,
529 809 581 851 et
630 798 860 848 coniunx
908 792 1187 862 quondam
1234 799 1324 840 tua
1365 789 1503 839 dicta
1534 786 1698 836 relin-

959 868 1137 931 quor?

241 943 386 994 Talia
424 938 725 990 vociferans
756 936 962 1002 gemitu
988 942 1194 983 tectum
1229 946 1393 980 omne
1427 926 1699 995 replebat:

171 1019 354 1079 Quum
403 1011 641 1062 subitum
704 1007 958 1073 dictuque
1013 1004 1182 1053 oritur
1234 999 1482 1050 mirabile
1538 1012 1702 1046 mon-

963 1084 1147 1125 strum.
1598 1073 1700 1118 680

266 1225 337 1261 673
361 1233 577 1269 comprensa
592 1220 710 1267 pedes
729 1219 855 1252 Hamb.
877 1231 942 1264 pr.,
966 1229 1033 1262 per
1060 1215 1302 1261 graecismum.
1351 1213 1387 1244 in
1417 1211 1544 1244 limina
1566 1210 1703 1252 Hugen.

174 1271 245 1310 674
266 1285 335 1318 que
356 1272 457 1304 abest
477 1271 600 1303 Franc.
648 1267 716 1302 675
736 1267 845 1299 trahe
865 1268 904 1299 in
926 1279 956 1299 0.
988 1266 1093 1298 Voss.
1143 1274 1232 1309 cape
1260 1258 1407 1292 Dorvill.
1503 1258 1571 1292 676
1599 1257 1705 1289 iner-

176 1323 245 1354 mis
267 1319 374 1352 Goth.
392 1324 478 1350 tert.
575 1315 645 1350 678
670 1322 737 1346 tua
755 1313 938 1359 quondam
961 1311 1109 1344 Dorvill.
1159 1318 1226 1342 tua
1257 1318 1349 1339 cura
1379 1305 1488 1337 Goth.
1517 1316 1598 1345 sec„
1633 1313 1706 1335 non

176 1367 278 1401 male.
327 1365 534 1409 (relinquar
566 1368 619 1394 est
651 1361 749 1406 prior
774 1359 928 1392 Medicei
958 1359 1085 1397 lecti03
1127 1357 1198 1390 vid.
1226 1356 1269 1394 Q.
1289 1354 1334 1386 V.
1357 1353 1510 1393 XXXI,
1543 1351 1576 1385 4.
1607 1349 1704 1393 Wr.)

178 1416 246 1450 679
272 1421 407 1446 tectum
435 1411 502 1444 illa
532 1408 722 1452 Hamburg.
750 1420 817 1440 sec.
868 1407 1022 1453 replevit
1053 1405 1190 1449 aliquot
1220 1402 1312 1434 Pier.
1385 1399 1548 1445 replerat
1581 1398 1706 1441 fragm.

179 1461 295 1495 vatic.
392 1460 462 1493 680
497 1460 581 1489 Cum
610 1454 730 1488 subito
753 1454 882 1488 Medic.
913 1465 989 1486 cum
1016 1452 1134 1485 multis
1170 1449 1269 1489 aliis,
1305 1447 1409 1480 etiam
1429 1445 1612 1478 Pierianis.
1661 1447 1708 1477 At

179 1507 338 1542 subitam
359 1504 550 1550 poeticum.
598 1506 701 1536 Ortus
731 1513 830 1534 error
861 1513 903 1534 ex
932 1500 1107 1546 scriptura
1139 1495 1271 1531 subita.
1322 1492 1456 1538 (subito
1477 1492 1582 1524 etiam
1598 1490 1707 1524 Paris.

180 1558 214 1592 3.
234 1555 267 1590 7.
291 1556 345 1589 10.
369 1554 445 1593 ll.;
480 1551 639 1584 Subitam
668 1548 780 1582 Palat.
813 1555 848 1581 et
882 1552 999 1587 Serv.3
1033 1545 1206 1590 originem
1235 1541 1353 1576 mendi
1379 1540 1536 1573 indicare
1569 1538 1709 1571 videtur

180 1604 304 1645 fragm.
334 1601 432 1639 vat„
468 1598 504 1630 in
533 1608 602 1642 quo
633 1595 756 1629 sabim
784 1594 1024 1640 superscripta
1059 1607 1104 1626 m.
1156 1593 1232 1624 Hoc
1265 1596 1381 1622 autem
1411 1586 1534 1620 subita
1564 1597 1635 1618 non
1667 1597 1710 1618 ex

182 1649 303 1684 subita
316 1674 325 1690 ,
350 1653 389 1680 ut
410 1651 512 1692 putat
531 1643 710 1689 Heyniu83
734 1655 848 1688 neque
870 1642 961 1675 enim
979 1642 1016 1675 in
1045 1636 1298 1685 antiquissimis
1319 1635 1460 1682 quidem
1486 1633 1587 1666 libris
1607 1632 1710 1665 litera

182 1778 353 1817 tentiam
381 1756 544 1829 gravius
573 1774 722 1812 extulit
751 1772 915 1810 Homer.
975 1772 1090 1810 stinis
1117 1768 1283 1808 virtutis
1315 1763 1622 1817 experimentis,
1649 1763 1712 1801 sa-

183 1836 297 1875 Iliad.
335 1851 380 1887 χ,
431 1833 532 1877 304.
572 1833 668 1874 305.
712 1828 792 1884 Mi}
835 1827 916 1882 μάν
977 1831 1065 1870 etis.

185 1891 384 1936 ἄσπουδεί
415 1908 479 1944 γε,
520 1890 589 1931 καὶ
619 1886 790 1937 οἷκλειῶς
813 1885 918 1929 ἄπο-

186 1954 359 2004 λοίμην,
387 1946 503 1990 'And
528 1947 628 2001 μέγα
656 1947 773 2000 ῥέξας
792 1963 830 1987 τι
848 1945 918 1986 καὶ

188 2008 442 2063 ἐσσομένοισι
458 2005 682 2048 πυθέσθαι.

249 2127 329 2170 671
353 2136 410 2174 sq.
450 2123 552 2161 Ante
581 2121 718 2160 oculos
746 2119 864 2157 fuisse
881 2117 922 2155 h.

191 2183 218 2220 l.
239 2181 486 2229 Homerum,
519 2185 717 2218 notarunt
745 2177 823 2215 iani
847 2175 925 2214 viri

195 2239 323 2278 docti:
342 2252 380 2277 v.
394 2238 505 2276 Iliad.
529 2239 557 2286 ζ,
582 2235 664 2278 394
688 2243 762 2273 ete.
789 2240 828 2271 et
842 2236 924 2275 399

195 2311 294 2348 sqq.,
313 2297 355 2334 in
376 2290 550 2334 discessu
570 2294 755 2332 Hectoris
778 2293 826 2330 ab
842 2292 927 2329 An—

197 2354 434 2404 dromache,
466 2354 527 2392 uti
549 2359 686 2390 noster
708 2351 793 2389 Val.
811 2351 928 2388 Flac-

198 2427 244 2451 co
274 2413 317 2451 in
339 2412 493 2451 Aesone
521 2417 561 2448 et
583 2408 786 2448 Alcimede
807 2409 875 2446 lib.
899 2407 928 2455 I,

196 2474 281 2513 762
302 2485 358 2522 sq.
385 2470 475 2509 suit.
537 2472 632 2511 672.
666 2482 834 2505 manum
865 2469 929 2503 ι’]ι-

198 2529 398 2567 sertabam
424 2530 574 2579 clipeO,
605 2527 694 2564 loro
721 2525 836 2577 clipei
866 2523 931 2562 vel

199 2600 336 2625 ansae:
376 2609 433 2615 -
485 2599 572 2637 sup.
608 2587 690 2626 393
732 2584 930 2635 clipeique

200 2646 357 2695 insigne
379 2644 564 2682 decorum.
583 2643 774 2680 induitur.
835 2639 931 2682 674.

202 2703 384 2740 tendebat
406 2702 577 2749 doctius,
608 2714 729 2751 quam
747 2697 931 2737 oslencle-

202 2758 285 2808 bat,
320 2758 470 2811 (malim
491 2759 654 2810 proprie
672 2758 838 2796 dictum.
864 2757 934 2794 Ge.

204 2815 270 2864 IV,
295 2815 389 2858 534.
417 2816 567 2869 chlz.)
600 2823 638 2854 et
653 2818 779 2866 patri,
800 2828 934 2866 quam,

205 2873 321 2911 mihi.
338 2873 538 2925 Apollonii
551 2875 578 2921 I,
594 2874 677 2916 558
691 2874 798 2927 φίλῳ
812 2872 938 2914 δειδί-

207 2943 320 2971 σκετο
344 2930 466 2984 πατρὶ
485 2932 744 2983 comparabat
760 2930 938 2969 Brunck.

207 2990 304 3031 676.
336 2997 516 3039 expertus
546 2989 750 3027 additum:
782 3002 832 3026 ex
852 2987 940 3039 pri-

1036 1918 1133 1958 678.
1183 1914 1340 1952 Coniux
1389 1908 1595 1962 qnondam
1642 1915 1714 1944 tua

978 1975 1111 2023 dicta,
1155 1972 1197 2011 h.
1227 1985 1260 2010 e.
1292 1981 1393 2021 quae
1433 1980 1555 2004 eram.
1625 1965 1715 2002 Non

981 2031 1266 2084 argutandum.
1326 2033 1374 2065 ut
1415 2031 1560 2063 notum
1591 2023 1716 2061 illud:

982 2090 1051 2132 καὶ
1071 2088 1150 2141 σήν
1170 2089 1395 2138 κεκλῆσθαι
1417 2081 1588 2129 ἄκοιτιν,
1618 2081 1660 2119 h.
1684 2094 1716 2118 e.

984 2161 1077 2187 esse.
1111 2146 1334 2200 (quondam
1354 2141 1497 2179 acerbo
1526 2153 1618 2177 cum
1642 2139 1718 2176 do-

983 2208 1082 2254 lore,
1114 2204 1226 2255 quasi
1250 2203 1329 2241 iam
1350 2198 1511 2237 desierit
1532 2210 1613 2234 esse
1637 2197 1719 2234 eius

987 2264 1166 2312 coniux,
1229 2267 1270 2298 ct
1312 2257 1424 2309 quasi
1460 2256 1525 2294 ille
1562 2254 1721 2306 pristini

988 2321 1133 2360 amoris
1165 2318 1315 2358 oblitus
1345 2317 1416 2364 sit,
1457 2313 1631 2351 conferri
1659 2312 1722 2350 his

989 2385 1180 2432 possunt,
1213 2388 1314 2427 quae
1344 2375 1539 2425 leguntur
1570 2385 1632 2423 ap.
1651 2371 1722 2409 Ti-

988 2437 1086 2476 bull.
1108 2436 1171 2484 ΙΙΙ,
1208 2439 1244 2483 1,
1276 2436 1365 2474 23.;
1402 2431 1538 2481 „Haec
1558 2430 1633 2467 tibi
1660 2429 1724 2467 vir

990 2494 1264 2547 quondam,
1301 2504 1412 2529 nunc
1434 2490 1571 2538 frater,
1615 2493 1722 2526 casta

991 2555 1161 2601 Neaera,
1193 2549 1359 2589 Mittitf‘
1396 2545 1515 2600 JVr.)
1576 2548 1643 2583 cui
1661 2560 1724 2583 re—

990 2614 1176 2663 linquor,·
1211 2621 1303 2646 cum
1324 2605 1489 2645 notione
1513 2604 1726 2643 adiuncta:

991 2670 1057 2709 cuj
1086 2668 1295 2719 relinquor
1323 2663 1508 2703 tuenda?
1559 2663 1629 2700 inf.
1662 2660 1726 2709 IV,

993 2731 1077 2770 323
1106 2729 1175 2764 cui
1202 2740 1264 2763 me
1301 2721 1582 2761 moribundam
1611 2721 1727 2757 dese-

993 2789 1068 2833 ris,
1108 2783 1284 2835 hospes?
1334 2779 1433 2834 (vid.
1455 2778 1505 2827 Q.
1529 2778 1574 2817 V.
1608 2778 1649 2815 in
1682 2776 1727 2814 V.

993 2845 1036 2882 L.
1055 2842 1165 2880 laud.
1192 2838 1304 2890 IVr.)

1056 2924 1318 2971 679—684.
1369 2924 1503 2962 Mutat
1537 2920 1730 2960 Anchises

1000 2987 1208 3026 consilium
1234 2983 1365 3022 omine
1394 2982 1542 3020 oblato.
1593 2979 1730 3016 Flam—
