1811 3388
488 252 615 299 AD
687 246 1124 295 LIBRUM
1195 244 1284 292 ΙΙΙ
1546 242 1646 292 587

141 401 241 426 mor.
262 390 342 425 vet.
361 383 473 421 Tom.
492 380 519 419 Ι.
546 379 587 418 P.
616 379 643 418 I.
676 393 714 431 p.
759 374 867 430 147.)
894 381 1029 414 tamen
1060 373 1107 412 de
1141 387 1186 412 eo
1218 378 1337 425 poeta
1363 370 1537 423 cogitare
1567 383 1651 408 non

141 445 295 498 potuit,
339 440 527 493 quoniam
553 437 681 475 addit:
719 438 755 473 si
784 449 878 472 vera
903 442 958 471 est
978 433 1121 484 sama.
1185 432 1238 469 De
1264 430 1396 468 fabula
1425 435 1561 468 vetere
1593 427 1653 479 agi

141 504 276 553 itaque
292 511 447 538 necesse
470 503 540 535 est.
601 494 849 547 Erythraeus
878 492 919 529 in
948 491 1081 529 Indice
1106 491 1224 541 Virg„
1256 488 1392 527 lunius
1418 487 1432 525 I
1459 485 1653 525 Animad-

142 573 268 600 verss.
300 562 339 607 9,
373 563 434 605 et,
467 555 535 606 qui
556 554 603 592 iis
634 551 824 605 praeivit,
866 549 1099 588 Parrhasius
1128 548 1170 585 in
1206 548 1324 585 docto
1357 546 1577 583 comment.
1605 542 1656 581 ad

145 617 348 656 Claudian.
367 629 417 653 ex
434 613 649 652 Aristotele
673 611 721 649 de
738 609 876 647 mii-ab.
896 607 1075 645 Auscult.
1096 607 1227 644 locum
1253 604 1435 652 afferunt,
1458 616 1535 653 quo
1558 616 1656 654 pro-

144 677 261 724 bent,
294 674 342 712 ab
360 673 533 711 Hercule
555 668 769 721 aliquando
798 675 956 718 captum
980 665 1044 703 vel
1068 665 1260 702 insessum
1281 663 1519 710 Tarentum,
1560 659 1658 711 quin

145 740 303 787 poetam
325 733 469 770 verba:
501 729 672 781 sisama
693 735 749 764 esec
775 740 867 763 rem
882 755 891 773 ,
922 723 1000 761 hoc
1020 729 1184 774 propter
1210 722 1338 773 ipsum
1361 719 1571 766 adiecisse,
1612 722 1660 754 ut

152 791 377 832 Aristotelis
399 789 478 828 fide
498 802 580 826 non
603 786 719 839 plane
747 797 787 822 se
807 789 912 820 stare
933 780 1178 830 ostenderet,
1209 779 1250 816 id
1274 778 1383 829 quod
1402 778 1518 829 plane
1547 776 1659 813 inso-

147 851 232 888 lens
269 849 444 888 videtur.
504 846 640 895 Neque
675 845 719 882 in
755 840 995 880 Aristoteleo
1028 839 1116 876 loco
1163 842 1217 886 (v.
1252 838 1296 874 T.
1325 836 1360 873 H
1389 834 1449 873 ed.
1489 834 1545 872 du
1572 833 1660 871 Val.

148 923 188 961 p.
220 906 320 960 729)
359 907 487 944 ullum
526 917 687 951 eorum,
729 913 830 951 quae
859 898 953 936 inde
983 898 1158 944 ducunt,
1196 901 1254 932 est
1283 893 1501 943 vestigium.
1559 891 1662 929 Male

150 966 271 1004 etiam
295 966 426 1003 locum
453 964 794 1013 interpretantur,
835 957 883 994 de
903 970 981 1006 quo
1013 955 1129 992 docte
1152 953 1228 1004 egit
1247 951 1425 990 Mazoch.
1454 950 1511 987 acl
1539 947 1661 987 Tabb.

151 1024 320 1063 Her-acl.
349 1037 386 1074 p.
406 1025 460 1063 72
482 1035 565 1071 sqq.
623 1020 684 1057 Ex
702 1019 869 1055 Pausan.
895 1015 948 1062 X,
982 1016 1045 1060 10,
1078 1011 1157 1063 qui,
1190 1024 1288 1061 quae
1316 1010 1380 1047 alii
1409 1008 1456 1046 de
1487 1006 1662 1058 Myscelo

153 1081 431 1128 tradiderant,
464 1079 514 1116 ad
547 1075 815 1116 Phalanthum
852 1072 1065 1119 transfert,
1107 1074 1291 1121 apparet,
1329 1065 1580 1105 narrationes
1615 1063 1664 1101 de

154 1139 319 1178 Tarenti
349 1145 389 1176 et
418 1137 602 1176 Crotonis
630 1132 845 1185 originibus
874 1131 991 1168 fuisse
1022 1129 1128 1166 inter
1157 1140 1196 1164 se
1230 1130 1478 1177 permutatas
1508 1137 1529 1160 a
1557 1136 1665 1160 non-

160 1198 292 1237 nullis,
352 1197 432 1233 Fac
465 1194 671 1246 Virgilium
699 1193 741 1229 in
768 1190 888 1228 talem
914 1188 1149 1238 scriptorem
1175 1184 1377 1233 incidisse,
1416 1182 1474 1219 ita
1501 1179 1667 1218 Herculi

160 1255 293 1293 debita
328 1255 437 1305 origo
473 1251 656 1291 Crotonis
693 1248 875 1287 traducta
921 1245 972 1283 ad
1003 1245 1234 1282 Tarentum.
1308 1243 1410 1279 Sane
1440 1245 1528 1277 tota
1566 1237 1667 1275 haec

158 1313 293 1352 Italiae
319 1326 410 1360 ora,
442 1317 488 1349 ut
509 1309 653 1362 passim
685 1308 781 1345 aliae
816 1304 947 1342 [taliae
967 1308 1119 1355 partes,
1160 1299 1339 1339 fabulosa
1365 1297 1548 1336 Herculis
1577 1310 1668 1333 mo—

159 1376 352 1409 numenta
373 1369 619 1408 ostendebat.
658 1365 753 1414 vid„
795 1368 951 1414 praeter
971 1363 1080 1398 Serv.
1104 1359 1156 1397 ad
1176 1372 1213 1396 v.
1235 1359 1330 1406 552,
1362 1355 1583 1394 Diodorum
1602 1353 1668 1402 IV,

160 1432 227 1470 20.
250 1431 300 1470 21
325 1441 408 1478 sqq.
441 1427 568 1466 Strab.
590 1425 655 1472 VI,
679 1437 717 1475 p.
741 1424 822 1464 281
845 1421 885 1458 C.
916 1418 1034 1457 Ovid.
1056 1417 1148 1455 Met.
1169 1417 1256 1464 XV,
1277 1418 1301 1456 9
1324 1429 1406 1465 sqq.
1438 1415 1488 1454 cf.
1510 1412 1669 1463 Dionys.

160 1487 286 1525 Halic.
308 1485 336 1533 I,
368 1488 420 1526 39
433 1483 565 1525 —4-4.
626 1484 675 1520 Et
698 1486 784 1519 erat
810 1479 851 1516 in
871 1483 1048 1515 extrema
1066 1475 1177 1513 Italia
1195 1473 1378 1511 Herculis
1395 1472 1551 1518 Portus,
1571 1483 1671 1521 pro-

162 1544 407 1584 montorium
439 1542 704 1588 Herculeum,
742 1543 830 1575 erat
858 1535 975 1573 etiam
999 1533 1191 1572 Heraclea
1213 1531 1329 1579 urbs,
1370 1530 1418 1567 de
1439 1542 1516 1579 qua
1536 1527 1672 1565 Mazo-

165 1602 276 1641 chius
303 1601 459 1653 copiose
483 1601 572 1652 egit,
604 1609 845 1648 quamquam
877 1607 920 1631 ea
942 1593 988 1631 ab
1007 1592 1120 1630 initio
1141 1590 1372 1643 Ἡρακλεῖον
1398 1587 1502 1624 dicta
1525 1583 1672 1635 (Schol.

163 1658 362 1712 Lycopllr:
396 1658 447 1696 ad
475 1672 514 1696 v.
543 1655 643 1708 978)
674 1654 823 1704 templo
851 1651 986 1703 potins
1016 1648 1221 1697 Hei-culis,
1261 1646 1371 1698 quod
1390 1645 1443 1682 ibi
1466 1644 1561 1691 suit,
1597 1656 1674 1679 no-

165 1732 257 1758 men
282 1717 462 1756 debuisse
483 1715 658 1754 videtur.
718 1712 842 1763 Igitur
862 1714 994 1747 manet
1013 1707 1103 1756 hoc,
1135 1706 1338 1755 antiquam
1358 1703 1527 1753 aliqaum
1556 1700 1675 1738 sabu—

166 1777 258 1824 lam,
290 1788 390 1826 quae
425 1788 534 1812 nunc
562 1778 657 1811 nota
690 1784 771 1808 non
803 1775 882 1817 est,
916 1767 963 1805 de
989 1765 1153 1804 Tarenti
1184 1762 1398 1816 originibus
1418 1758 1583 1799 Herculi
1602 1756 1675 1795 ad-

168 1835 325 1887 scriptis
357 1838 499 1886 poetae
528 1831 568 1869 h.
594 1831 618 1869 l.
650 1829 693 1867 in
726 1827 857 1866 animo
887 1825 1016 1864 fuisse.

551 2172 1111 2233 EXCURSUS
1175 2169 1307 2225 XV

713 2289 817 2331 De
874 2286 1151 2329 Aetna.

298 2399 363 2447 ΙΙΙ,
394 2397 472 2440 571
490 2395 639 2438 -577
672 2395 753 2431 Sed
779 2392 974 2441 hornficis
1004 2393 1118 2428 iaxta
1154 2395 1264 2427 tonat
1294 2386 1425 2424 Aetna
1455 2385 1581 2423 ruinis
1612 2387 1686 2420 etc.

183 2457 229 2495 In
250 2455 359 2494 hunc
382 2455 430 2493 de
449 2455 574 2492 Aetna
596 2454 728 2491 locum
758 2455 1032 2502 comparatum
1054 2461 1145 2485 cum
1167 2447 1254 2484 loco
1277 2443 1486 2482 Pindarico
1509 2439 1641 2492 (Pyth.
1659 2439 1688 2488 Ι,

184 2515 227 2553 in
248 2529 308 2566 pr.
341 2512 499 2567 Epodo)
531 2512 607 2550 iam
640 2509 748 2561 apud
782 2509 881 2546 Gell.
906 2507 1027 2555 XVII,
1061 2509 1113 2548 10
1145 2516 1306 2556 gravem
1337 2513 1543 2539 censuram
1571 2511 1690 2535 exer-—

188 2573 271 2611 cuit
294 2571 520 2611 Favorinus
542 2567 823 2621 pl1ilosop11US,
867 2565 937 2603 sed
962 2571 1007 2603 ut
1028 2560 1310 2616 philosophum
1329 2559 1448 2610 magis
1470 2570 1588 2607 quam
1611 2554 1691 2592 cri-

186 2631 312 2669 ticum
334 2629 489 2682 poetica
517 2627 708 2681 elegantia
735 2624 934 2663 imbutum
966 2635 1162 2674 agnoscas
1203 2619 1302 2656 Nam
1322 2629 1450 2667 neque
1475 2614 1693 2652 Pindarum

189 2688 433 2739 exprimere,
465 2684 744 2724 multominus
774 2682 825 2720 ad
852 2681 1019 2720 verbum
1040 2678 1279 2725 transferre,
1309 2675 1439 2714 voluit
1468 2678 1537 2709 aut
1557 2670 1695 2709 debuit

189 2745 397 2796 Virgilius,
429 2757 558 2795 neque
581 2743 706 2794 lyrico
739 2747 779 2779 et
798 2741 908 2792 epieo
939 2744 1076 2791 poetae
1106 2737 1213 2774 idem
1240 2747 1378 2772 rerum
1399 2730 1694 2777 verborumque

192 2802 359 2841 dilectus
387 2815 468 2840 esse
495 2807 641 2854 potest.
700 2800 945 2837 Refutarunt
973 2795 1144 2834 Gellium
1174 2807 1195 2830 a
1217 2790 1419 2830 Macrobio
1453 2787 1694 2837 exscriptum

192 2859 226 2898 V
257 2861 337 2898 Sat.
365 2863 416 2902 17
442 2860 557 2897 multi
585 2858 642 2910 (v.
673 2857 724 2894 ad
753 2856 850 2894 Gell.
881 2861 921 2893 et
948 2854 999 2892 ad
1030 2853 1072 2891 h.
1107 2853 1135 2892 l.
1167 2848 1350 2901 Virgilii),
1381 2847 1485 2884 inter
1503 2857 1601 2894 quos
1623 2841 1695 2878 Ios.

194 2917 363 2968 Scaliger
389 2917 497 2954 Poet.
532 2917 588 2963 V,
620 2914 646 2956 4
678 2914 859 2966 inprimis
890 2919 931 2950 et
973 2910 1120 2959 Cerda,
1162 2922 1259 2959 quos
1291 2905 1408 2954 vide,
1457 2901 1526 2940 sed
1557 2896 1697 2949 cupide

196 2974 334 3025 magis,
377 2986 491 3024 saepe
521 2973 694 3011 inaniter
725 2978 765 3009 et
791 2970 953 3022 frigide,
993 2981 1111 3020 quam
1143 2966 1194 3003 ad
1225 2964 1357 3016 epicae
1385 2971 1546 3013 poeseos
1576 2960 1697 2993 natu-
