1779 3420
147 243 249 294 384
559 231 1263 284 EXCURSUSI

149 383 227 423 que
256 374 469 422 poetarum
500 371 727 405 commenta
757 377 804 402 ac
834 362 944 403 lusus
974 361 1159 400 sollerter
1190 360 1238 400 ab
1257 359 1335 398 illis
1354 358 1582 397 discernere
1601 357 1673 396 de—

148 429 306 477 berent,
328 427 467 465 omnia
483 425 592 463 inter
609 437 649 461 se
670 424 922 470 miscuerunt,
949 426 1158 471 totamque
1179 418 1279 458 adeo
1303 423 1489 457 veterum
1507 415 1676 468 mytho-

150 500 245 527 rum
274 484 475 524 rationem
506 483 749 530 turbarunt,
781 486 830 519 ut
859 480 901 518 in
933 478 1133 530 plerisque
1164 476 1324 515 difficile
1355 478 1406 513 sit
1439 475 1676 527 perspicere,

153 544 253 596 quid
285 557 331 581 ac
365 547 562 593 quantum
594 539 744 579 veteris
773 538 841 577 vel
870 535 1150 589 philosophiae
1187 535 1252 573 vel
1282 534 1485 585 religionis
1515 532 1581 572 vel
1610 531 1677 570 hi-

154 602 302 642 storiae
340 600 405 639 vel
445 598 564 652 prisci
603 596 797 636 sermonis
835 595 883 633 iis
923 595 1082 632 subesse
1120 592 1369 631 credendum
1412 592 1477 630 sit.
1555 591 1680 629 Cuius

156 659 409 712 corruptelae
443 663 629 695 auctores
669 652 849 693 habendi
891 651 1074 704 inprimis
1113 651 1233 689 iidem
1275 657 1372 688 sunt
1403 649 1679 697 Grammatici,

157 719 226 771 qui
257 715 564 756 commentarios
594 714 637 752 in
667 719 823 751 veteres
853 717 992 762 poetas
1023 709 1283 761 scripserunt.
1342 708 1446 746 Dum
1489 707 1595 745 enim
1625 707 1681 744 illi

158 777 210 816 ad
240 774 523 814 illustrandam
554 772 728 823 aliquam
750 769 948 816 fabulam,
981 767 1139 816 omnia,
1171 779 1274 817 quae
1304 779 1473 816 usquam
1490 765 1682 816 legerant,

158 834 271 874 nullo
303 832 452 872 iudicio
473 830 739 881 collegerunt,
772 833 811 865 et
841 840 892 864 ex
922 839 1004 864 uno
1036 826 1123 863 loco
1154 825 1195 862 in
1228 831 1392 862 centum
1421 824 1531 872 alios,
1561 822 1683 860 modo

161 892 312 932 additis
348 889 551 928 nonnullis
581 887 704 926 modo
734 885 891 933 recisis,
920 883 1243 932 transtulerunt,
1274 881 1443 934 perditis
1475 895 1585 919 nunc
1610 895 1684 918 an-

162 950 285 1003 tiquis
317 946 602 1000 scriptoribus,
633 945 744 983 unde
773 944 1015 991 hauserant,
1046 942 1121 993 ipsi
1149 941 1197 978 ab
1229 954 1275 978 eo
1298 940 1392 978 inde
1421 946 1603 991 tempore
1622 940 1685 977 sa-

161 1010 350 1050 bularum
382 1012 588 1053 auctores,
618 1002 774 1041 indocti
805 1001 959 1053 pariter
987 1006 1027 1037 et
1057 999 1271 1048 levissimi,
1312 998 1410 1036 facti
1443 1004 1538 1036 sunt
1553 1000 1598 1049 1ἵ).

279 1065 410 1104 Etiam
447 1062 817 1113 Philosophorum,
863 1058 1148 1110 »S'oplzc'slarum
1187 1072 1234 1095 ac
1272 1057 1520 1105 Rlzelorum,
1566 1068 1688 1107 opera

165 1125 299 1176 aliqua
339 1123 416 1161 suit
457 1121 498 1158 in
538 1117 846 1171 corrumpendis
884 1116 1034 1169 mythis
1075 1122 1114 1154 et
1152 1115 1332 1154 historiis
1383 1114 1690 1164 antiquissimis,

166 1185 327 1222 illorum
357 1179 519 1231 quidem
549 1178 591 1216 in
621 1176 846 1228 theogoniis
864 1175 1038 1212 maxime
1062 1175 1226 1225 aliisque
1256 1173 1427 1211 deorum
1454 1172 1599 1211 fabulis
1629 1171 1690 1209 al-

166 1240 335 1293 legorice
364 1236 680 1290 interpretandis
692 1234 769 1289 **)·,
810 1248 860 1272 ex
890 1247 969 1284 quo
1004 1233 1123 1271 semel
1152 1231 1419 1284 Pythagoras,
1451 1230 1691 1279 Heraclitus,

167 1306 207 1338 et
236 1295 508 1348 Xenophanes
539 1294 590 1332 ad
609 1292 920 1346 mythologiam,
951 1297 1156 1342 tamquam
1185 1290 1411 1341 theologiae
1432 1288 1596 1340 aliquod
1622 1302 1691 1340 sy—

168 1363 292 1397 stema
314 1354 514 1394 subtiliter
546 1352 781 1401 conditum,
814 1349 1092 1399 offendisse11t3
1121 1349 1264 1386 horum
1283 1354 1416 1386 autem
1448 1348 1490 1386 in
1522 1347 1693 1385 heroum

169 1416 291 1455 rebus
321 1419 361 1451 et
391 1412 566 1450 Troiano
596 1410 779 1463 inprimis
809 1409 928 1458 bello,
959 1408 1057 1446 dum
1089 1407 1428 1445 declamationum
1460 1410 1696 1457 argumenta

170 1474 265 1513 inde
297 1477 488 1524 caperent
518 1475 558 1508 et
587 1468 746 1507 laudem
779 1481 830 1505 ex
861 1481 906 1504 eo
940 1472 1150 1518 captarent
1180 1465 1275 1504 vani
1304 1464 1506 1511 homines,
1556 1463 1589 1501 si
1617 1462 1696 1500 ha-

171 1533 327 1580 berent,
358 1541 459 1580 quae
478 1534 621 1566 contra
651 1540 713 1565 res
744 1525 1037 1565 vetustissimae
1066 1524 1162 1562 fidei
1194 1523 1457 1575 probabiliter
1480 1522 1557 1560 dici
1578 1520 1697 1560 vide—

172 1596 329 1630 rentur.
399 1586 604 1625 Habemus
643 1585 743 1623 adeo
783 1585 933 1622 Dionis
974 1583 1115 1634 Chrys.
1157 1581 1451 1620 oratiunculam
1498 1580 1548 1618 de
1579 1578 1698 1617 Troia

174 1659 382 1698 nunquam
424 1650 562 1696 capta,
614 1657 693 1694 qua
733 1642 866 1680 mirer.
927 1641 1143 1679 nonnullos
1186 1640 1237 1678 ad
1278 1639 1514 1678 elevandam
1551 1636 1700 1675 veteris

175 1705 366 1746 historiae
396 1702 538 1750 fidem,
569 1701 752 1753 inprimis
782 1700 823 1738 in
854 1699 973 1737 rebus
1006 1698 1208 1748 Troianis,
1240 1698 1313 1736 uti.
1374 1698 1436 1736 Ex
1467 1695 1607 1734 eodem
1629 1708 1699 1746 ge-

178 1777 275 1803 nere
309 1768 404 1800 sunt
436 1760 680 1799 Philostrati
708 1757 892 1797 Heroica.

295 1819 393 1858 Ausi
423 1818 542 1856 etiarn
570 1817 647 1868 ipsi
677 1817 883 1865 historici,
928 1829 952 1866 q
978 1814 996 1852 j
1031 1820 1214 1853 veterum
1253 1813 1402 1851 scilicet
1439 1812 1703 1851 historiarum

180 1880 302 1919 fidem
332 1877 413 1915 suis
449 1875 700 1927 temporibus
731 1881 771 1912 et
798 1874 917 1912 solito
949 1886 1086 1912 rerum
1115 1872 1383 1923 gerendarum
1402 1870 1506 1909 mori
1537 1884 1584 1907 ac
1602 1883 1703 1907 con—

182 1935 388 1976 suetudini
420 1933 724 1972 accommodare
763 1931 973 1979 volebant,
1021 1945 1085 1969 res
1124 1920 1317 1969 Troianas
1353 1930 1393 1967 in
1430 1927 1705 1982 πραγματείας

182 1998 352 2035 formam
382 1993 583 2044 redigere,
627 1997 699 2029 aut
729 1990 982 2029 diversarum
1023 1989 1296 2028 narrationum
1327 1994 1493 2026 naturas
1526 2000 1571 2024 eo
1606 1999 1705 2024 con-

189 2054 279 2092 silio
310 2051 495 2099 miscere,
526 2056 575 2088 ut
602 2049 730 2087 maior
759 2048 1021 2101 probabilitas
1051 2060 1181 2086 novae
1213 2046 1455 2085 narrationis
1485 2044 1705 2092 exsisteret,

184 2126 224 2151 v.
261 2125 293 2149 e.
324 2115 372 2148 ut
402 2108 572 2147 Romani
602 2106 742 2160 populi
774 2106 991 2158 originibus
1022 2120 1044 2143 a
1062 2105 1245 2144 Troianis
1277 2105 1407 2143 ductis
1438 2103 1707 2142 consulerent.

186 2170 417 2209 Demetrias
454 2172 589 2204 autem
619 2165 825 2217 Scepsius,
877 2162 903 2206 ὅ
936 2161 1003 2205 τὸν
1039 2161 1222 2217 Τρωϊκόν
1260 2158 1484 2214 διάκοσμον
1515 2154 1707 2213 ἐξηγησά-

188 2242 320 2281 μενος,
353 2232 401 2264 ut
429 2224 574 2262 Strabo
605 2223 713 2272 XIII,
745 2237 784 2275 p.
820 2224 926 2271 609,
967 2222 1262 2261 Grammaticus
1285 2220 1435 2259 Crateti
1467 2225 1506 2257 et
1528 2218 1710 2257 Aristar-

188 2285 264 2324 cho
306 2283 500 2334 aequalis,
542 2283 585 2320 in
626 2281 879 2333 Scepsiorum
916 2281 1082 2331 gratiani
1121 2281 1248 2318 multa
1287 2279 1330 2317 in
1368 2278 1489 2316 rebus
1528 2276 1711 2315 Troianis

190 2344 307 2380 aliter
338 2355 385 2379 ac
415 2340 538 2378 ceteri
567 2340 807 2378 tradiderat.
837 2352 877 2377 v.
899 2339 1045 2376 Strabo
1077 2339 1102 2377 l.
1134 2352 1167 2376 c.
1206 2338 1370 2376 Librum
1393 2336 1486 2375 XVI
1512 2341 1553 2373 et
1576 2332 1711 2373 XXIV

190 2399 347 2439 laudari
380 2399 518 2437 videas
550 2412 612 2449 ap.
648 2397 794 2436 Athen.
825 2396 891 2445 IV,
926 2411 964 2448 p.
1000 2399 1078 2438 173
1103 2396 1148 2437 F.
1184 2397 1263 2438 175
1283 2395 1328 2433 A.

310 2457 411 2493 Cum
442 2456 522 2493 iam
553 2456 719 2493 Graecia
751 2469 772 2492 a
795 2454 986 2492 Romanis
1016 2455 1056 2491 in
1088 2454 1323 2492 servitutem
1348 2451 1511 2491 redacta
1533 2462 1623 2486 cum
1645 2460 1713 2484 ce-

192 2514 292 2553 teris
322 2513 517 2552 libertatis
546 2513 661 2551 bonis
692 2513 812 2551 etiam
842 2518 1053 2549 accuratae
1085 2511 1292 2549 doctrinae
1322 2509 1519 2555 habitum,
1549 2505 1715 2544 tandem

194 2573 314 2611 etiam
346 2584 528 2618 sensum,
560 2571 772 2618 amisisset,
814 2569 1033 2621 deperditis
1063 2569 1140 2607 iam
1174 2576 1258 2607 tum
1291 2574 1362 2605 aut
1393 2563 1716 2604 delitescentibus

195 2630 395 2683 plerisque
426 2641 476 2666 ex
509 2628 722 2679 praeclaris
752 2628 828 2665 illis
858 2627 1153 2677 antiquioribus
1193 2626 1319 2678 poetis
1358 2639 1402 2661 ac
1440 2622 1716 2674 scriptoribuS,

196 2700 286 2726 ecce
316 2685 389 2724 tibi
426 2692 706 2737 provenerunt
737 2685 852 2722 multi
884 2699 966 2722 non
998 2690 1161 2735 poetae,
1205 2683 1274 2721 sed
1308 2682 1615 2729 versificatores,
1649 2678 1717 2729 qui

197 2759 249 2784 ex
279 2744 507 2786 nonnullis,
539 2743 608 2793 qui
639 2749 900 2794 supererant,
938 2743 1063 2793 poetis
1096 2741 1252 2792 cyclicis
1283 2739 1456 2790 antiquis
1488 2752 1595 2776 nova
1625 2750 1717 2774 car-

198 2803 309 2842 mina
338 2800 660 2849 conscriberent,
693 2806 764 2838 aut
794 2800 912 2838 ctiam
944 2813 994 2837 ex
1023 2799 1372 2850 grammaticorum
1403 2797 1468 2836 vel
1502 2794 1719 2834 historico-

293 2951 321 2991 Ἴ
347 2948 430 2983 Vid.
457 2947 579 2981 Notas
605 2946 653 2979 ad
677 2947 848 2993 Apollod.
875 2960 908 2992 p.
933 2948 1003 2983 929
1030 2959 1078 2991 sq.

294 2997 337 3043 ”)
363 2995 453 3031 lbid.
479 3007 516 3041 p.
540 2994 611 3031 932
636 3006 688 3038 sq.
