1811 3388
345 238 759 291 AENEIDOS
798 238 942 286 LIB.
979 238 1066 298 lV,
1106 241 1397 289 488—498
1532 243 1631 290 675

116 368 283 418 Dulce
310 372 488 430 caput,
526 363 748 427 magicas
768 363 982 411 invitam
1011 361 1278 425 adcingier
1297 362 1431 414 artis,

117 442 199 486 Tu
223 444 421 484 secreta
445 450 628 499 pyram
651 441 791 481 tecto
816 433 1069 481 interiore
1093 431 1189 479 sub
1211 449 1359 480 auras

113 507 291 568 Erige,
331 512 382 552 et
407 520 550 552 arma
572 503 692 564 viri,
731 501 964 550 thalamo
990 518 1124 568 quae
1151 499 1249 550 fixa
1273 501 1489 567 reliquit
1527 507 1628 556 495

112 575 316 640 InpiUS‚
351 574 665 639 exuviasque
698 573 897 632 on111iS‚
935 571 1244 637 lectumque
1266 572 1512 636 iugalem,

118 647 236 705 Quo
266 643 426 708 perii,
467 643 902 707 su11›erinponant.
973 640 1206 690 Abolere
1228 641 1446 690 nefandi

117 716 316 763 Cuncta
335 713 428 760 viri
449 720 802 760 monumenta
823 712 963 760 iuvat
983 719 1350 778 monstratque
1365 711 1624 762 sacerdos.

185 811 297 857 497.
330 818 718 853 SUPERINPONAS
859 808 972 856 498.
1011 819 1167 852 IUBET

876 964 946 1000 494
975 968 1078 998 Tunc
1094 983 1141 990 —-·
1160 965 1294 998 locavit
1317 964 1467 998 Carisius
1492 965 1624 999 laudat.

120 1016 195 1055 Τιι,
220 1016 401 1046 Germana
423 1012 567 1044 Dorvill.
661 1012 729 1046 455
753 1013 792 1044 in
813 1012 975 1045 thalamo
996 1012 1093 1045 Leid.
1188 1013 1256 1045 456
1281 1024 1350 1056 que
1369 1012 1471 1044 abest
1489 1013 1532 1045 ab
1554 1013 1624 1046 ali-

115 1067 201 1106 quot
220 1060 309 1093 Pier.
333 1067 366 1091 et
387 1058 474 1091 binis
502 1060 614 1091 Burm.
663 1060 873 1103 exuviisque
894 1062 1012 1103 Sprot.
1109 1058 1178 1092 497
1204 1060 1478 1103 superimpones
1499 1060 1622 1095 Franc.

116 1108 416 1153 superimponunt
441 1107 576 1148 Frugm.
610 1105 724 1138 Vatic.
753 1105 880 1139 Medic.
917 1118 936 1138 a
961 1118 1004 1138 m.
1028 1117 1079 1150 pr.
1110 1117 1185 1138 cum
1207 1104 1283 1136 aliis
1304 1104 1394 1138 Pier.
1444 1108 1624 1151 superim-

110 1166 208 1200 pone
223 1154 282 1186 alii
305 1152 392 1184 l'ier.
419 1152 694 1195 (Restituendum
713 1154 1024 1198 supet-inponanc3
1060 1153 1152 1196 quod
1185 1163 1286 1196 quarn
1313 1151 1416 1184 facile
1441 1152 1476 1184 in
1499 1152 1622 1196 singu-

114 1202 222 1233 larem
258 1211 434 1232 numerum
471 1198 594 1231 mutari
632 1198 804 1242 potnerit,
845 1199 1063 1231 manifestum
1103 1205 1166 1231 est.
1217 1199 1260 1229 Et
1288 1197 1365 1230 vide
1393 1199 1497 1231 modo
1528 1199 1623 1233 varia

116 1253 350 1280 correctorum
378 1245 585 1283 tentamina,
620 1244 696 1277 aliis
722 1246 1010 1290 superimponas,
1048 1244 1124 1278 aliis
1155 1245 1421 1290 superfflpone,
1445 1245 1525 1278 aliis
1556 1258 1622 1279 su—

111 1295 335 1339 perimpones
353 1292 656 1325 substituentibus.
682 1291 822 1324 Scilicet
844 1304 912 1324 uon
930 1298 1096 1336 poterant
1115 1291 1202 1324 haec
1223 1291 1336 1323 omnia
1355 1292 1398 1324 ab
1419 1295 1515 1325 Anna
1534 1292 1622 1335 fieri,

117 1339 177 1372 sed
195 1352 257 1383 per
277 1343 406 1371 Annum
426 1338 581 1370 facienda
605 1338 715 1370 curari
741 1338 810 1370 vult
829 1338 937 1377 Dido;
964 1350 1069 1383 quare
1087 1349 1155 1370 non
1178 1337 1449 1381 vituperabimus
1469 1345 1622 1383 poetam,

116 1387 210 1430 quod
238 1386 326 1418 infra
355 1397 402 1418 VS.
427 1387 504 1418 503.
527 1385 679 1417 eiusdem
699 1384 750 1416 rei
772 1385 902 1417 curatio
923 1386 990 1430 ipsi
1023 1385 1150 1417 Didoni
1182 1384 1358 1417 tribuitur.
1405 1386 1481 1418 Nec
1503 1386 1622 1419 obstat

117 1444 182 1464 vox
211 1441 350 1464 secreta
382 1443 429 1463 vs,
460 1433 553 1471 494,
578 1443 646 1463 non
673 1431 717 1463 ad
746 1442 951 1475 personam,
986 1432 1048 1464 sed
1077 1431 1120 1463 ad
1149 1431 1262 1463 locum
1294 1432 1499 1471 resei'eud33
1543 1444 1620 1465 nam

115 1486 209 1511 tecto
227 1478 393 1511 interiore
412 1489 530 1521 pyram
550 1478 636 1510 lianc
653 1477 782 1510 exstrui
803 1478 910 1514 iubet.
934 1480 1027 1521 lVr.)
1054 1477 1219 1522 nesunda
1237 1477 1292 1510 ed.
1310 1479 1398 1510 Ven.
1455 1481 1524 1514 493
1543 1492 1621 1512 mo-

116 1534 239 1558 menta
272 1527 359 1556 Veu.
408 1526 625 1556 munimenta
663 1524 834 1568 plerique.
889 1526 992 1557 ίαναι
1029 1536 1172 1568 magnus
1209 1524 1311 1556 codd.
1338 1536 1497 1557 numerus
1528 1525 1621 1570 apud

115 1572 205 1604 Pier.
227 1578 261 1604 et
281 1571 411 1609 Heius„
437 1570 559 1614 quibus
580 1571 671 1603 adde
698 1572 820 1614 fragm.
846 1571 980 1611 Vatic.;
1006 1571 1123 1616 itaque
1142 1572 1353 1603 Burmannus
1372 1571 1516 1616 recepit.
1540 1572 1621 1613 Alii,

116 1630 178 1650 uec
201 1620 309 1650 minus
330 1616 448 1658 multi,
473 1615 590 1658 iubet,
617 1630 704 1662 quae
726 1617 925 1662 Aproniana
946 1617 1052 1650 lectio
1085 1629 1160 1650 esse
1190 1617 1350 1657 videtur,
1376 1629 1452 1650 nam
1478 1617 1513 1650 in
1540 1620 1622 1651 Me-

115 1665 216 1698 diceo
244 1665 278 1696 in
311 1664 415 1696 litura
443 1665 608 1707 scriptum
639 1664 775 1702 videus5
809 1676 1012 1708 quamquam
1042 1677 1082 1697 ex
1109 1663 1392 1709 pronuntiatione
1418 1663 1521 1697 iubat
1543 1672 1620 1698 orta

116 1723 192 1744 esse
212 1711 321 1743 videri
342 1717 470 1754 potest.
519 1710 730 1753 Dignitatem
760 1717 875 1743 tamen
906 1711 1072 1743 maiorem
1098 1711 1206 1743 habet
1234 1710 1333 1743 iubet
1358 1719 1620 1756 monstratque.

117 1760 308 1802 Utrumque
329 1758 372 1789 de
399 1756 464 1788 diis
495 1762 529 1788 et
557 1757 693 1789 vatibus
720 1757 889 1791 sollenne.
938 1760 1057 1802 Itaque
1090 1757 1250 1802 equidem
1279 1769 1354 1790 cum
1381 1757 1496 1790 Pierio
1522 1758 1621 1791 iubet

114 1806 266 1837 retinere
298 1803 432 1841 mulium
457 1802 485 1835 si
515 1811 619 1845 poeta
646 1803 784 1848 quidem
813 1804 862 1837 ita
892 1804 1074 1848 scripsisse
1106 1804 1216 1837 videri
1236 1811 1373 1846 potest,
1410 1810 1448 1836 ut
1466 1804 1620 1837 scribere

115 1851 247 1885 debuit.
294 1852 368 1884 Nec
401 1850 604 1882 Bruuckium
633 1849 668 1882 id
696 1851 813 1883 facere
833 1851 1015 1884 audentem
1046 1851 1112 1884 hac
1141 1850 1296 1883 editione
1320 1850 1482 1883 deserere
1514 1851 1619 1885 volui.

117 1899 169 1942 (In
189 1898 351 1931 Medic-eo
370 1897 474 1941 apud.
491 1898 600 1941 Fogg.
619 1897 746 1942 legitur
767 1896 886 1940 iubet,
910 1898 973 1931 sed
1000 1906 1147 1943 quatuor
1166 1904 1292 1943 puncta
1314 1909 1417 1942 supra
1442 1897 1580 1930 literam
1600 1897 1620 1930 b

214 967 283 1001 493
307 967 497 1011 accingere
529 965 619 998 alter
647 965 772 998 I‘Iamb.

116 2027 298 2075 XXVIII,
320 2030 358 2075 2,
386 2040 415 2064 s.
440 2026 466 2069 4
489 2040 615 2077 poena
637 2027 836 2078 parricidii
893 2026 924 2064 si
953 2039 998 2063 ea
1030 2026 1243 2077 attigisset,
1285 2039 1329 2064 ea
1363 2027 1619 2066 excusatione

120 2085 322 2135 proposita
372 2087 427 2130 (v.
462 2085 548 2133 LL.,
599 2085 680 2122 tab.
722 2085 836 2134 VIII).
894 2097 1062 2121 usurum
1081 2084 1198 2121 fuisse
1222 2084 1383 2121 credere
1406 2084 1513 2126 licet.

116 2142 244 2179 Fuere
275 2146 409 2192 postea
438 2141 687 2190 quaestiones
713 2154 836 2178 vene-
950 2141 1203 2183 494—498.
1242 2150 1413 2187 seerela,
1453 2147 1615 2180 secreto.

120 2198 198 2236 ficii
214 2199 348 2248 elege:
375 2198 650 2236 reserebantur
673 2197 723 2235 ad
738 2197 835 2236 illud
892 2197 980 2234 IIoe
1004 2197 1079 2235 iam
1099 2203 1240 2235 notum
1261 2210 1341 2235 esse
1361 2198 1490 2236 debet.
1520 2207 1617 2236 lecto

117 2268 275 2306 quoque
298 2255 604 2292 incantationes:
634 2255 700 2292 sed
722 2257 835 2292 mala
895 2257 1092 2304 inlerc‘ore,
1141 2256 1344 2293 Romanus
1379 2255 1616 2306 impluvium

117 2315 490 2351 tantu=11cczrmma.·
515 2312 839 2362 quandoquidem
898 2311 1066 2359 diceret5
1107 2311 1178 2348 sub
1215 2326 1361 2359 accras,
1405 2312 1479 2349 sub
1507 2313 1613 2351 divo.

118 2377 157 2408 et
176 2370 278 2407 bona
296 2369 433 2407 haberi
451 2370 728 2407 credebantur.
768 2370 838 2407 In-

118 2434 181 2466 ter
209 2428 410 2480 principes
444 2427 506 2464 alii
528 2428 637 2464 sucre
657 2427 838 2475 leniores,

118 2484 182 2523 alii
205 2486 431 2524 severiores.
492 2484 620 2522 Media
639 2484 754 2522 etiam
779 2490 839 2522 est

119 2543 348 2581 constitutio
371 2542 617 2580 Constantini
642 2542 687 2580 M.
705 2542 752 2579 de
768 2556 837 2580 ar-

117 2600 222 2638 tibus
261 2600 437 2651 magicis:
498 2600 566 2637 sed
609 2600 836 2650 gravissima

118 2657 215 2708 Imp.
242 2658 456 2695 Constantii
475 2671 506 2695 a.
530 2658 569 2694 C.
592 2660 674 2699 357
694 2663 733 2694 et
758 2658 836 2695 Va·-

119 2714 334 2753 lentiniani.
364 2729 402 2755 v.
422 2714 680 2752 Cod.'[he0d.
701 2715 761 2752 tit.
787 2714 835 2752 de

119 2771 318 2809 Malesseiis
340 2779 379 2810 et
396 2772 449 2809 ibi
466 2771 649 2810 Gotliosr.
670 2771 751 2823 (lib.
765 2773 834 2820 lx,

120 2833 148 2865 t.
180 2831 241 2875 16,
274 2831 310 2868 3.
345 2829 369 2870 5
401 2836 441 2866 et
474 2830 557 2882 11).
616 2828 834 2867 ADidonis

119 2890 298 2935 tempore
328 2898 374 2922 ac
402 2899 510 2923 more
551 2885 627 2923 ista
663 2899 759 2923 cura
789 2899 835 2923 ac

121 2942 252 2979 cautio
294 2941 430 2980 atiena.
489 2942 569 2980 Nec
603 2942 833 2990 Homerum,

896 2369 998 2406 cons.
1027 2370 1162 2407 Burni.
1205 2367 1342 2422 (Recte
1367 2382 1462 2408 vero
1485 2370 1617 2408 Wun-

897 2426 1014 2464 dest:
1037 2427 1197 2475 „Malim
1215 2427 1470 2478 interpretari
1488 2429 1530 2464 ιἰι
1549 2428 1616 2465 al-

896 2492 1003 2532 tum,
1039 2487 1080 2521 in
1108 2484 1289 2522 sublime.
1352 2484 1461 2522 Haec
1480 2491 1538 2522 est
1559 2484 1616 2523 vis

895 2541 1110 2580 verborum
1140 2541 1210 2579 sub
1237 2557 1360 2579 auras
1382 2556 1472 2580 cum
1493 2542 1615 2580 verbo

895 2605 1025 2637 motus
1049 2600 1279 2637 iunctorum
1302 2599 1396 2639 Aen.
1426 2599 1489 2649 III,
1520 2601 1614 2640 422.

895 2656 1004 2702 VIII,
1036 2657 1102 2698 24.
1155 2656 1217 2703 III,
1249 2658 1343 2698 579.
1395 2657 1485 2704 VII,
1519 2658 1613 2697 768.

893 2713 939 2762 Il,
973 2715 1092 2756 158.“
1127 2712 1243 2766 JVr.)
1281 2714 1615 2751 Penetraliahaee

893 2770 1034 2809 domus
1057 2771 1216 2808 Didonis
1236 2770 1277 2808 in
1298 2770 1491 2822 templum
1509 2770 1613 2809 Elis-

894 2840 959 2864 sae
978 2829 1151 2866 mutavit
1163 2827 1278 2865 Silius
1301 2828 1329 2875 1,
1348 2831 1398 2870 81
1418 2841 1512 2878 sqq,
1544 2826 1611 2865 ubi

891 2885 1008 2935 plura
1026 2898 1075 2923 ex
1093 2884 1132 2923 h.
1155 2885 1180 2923 l.
1211 2884 1458 2922 adumbrata.
1517 2883 1610 2925 495.

891 2955 1007 2979 arma
1027 2943 1164 2979 relicta
1193 2941 1297 2978 idem
1321 2942 1538 2979 Burmann.
1564 2939 1610 2977 de

1219 3009 1337 3053 43*
