1811 3388
397 200 808 252 AENEIDOS
853 202 994 251 LIB.
1025 203 1086 263 V,
1127 208 1416 254 612—624
1573 213 1670 258 805

163 328 261 378 Cui
283 342 451 391 genus
474 335 526 375 et
546 324 821 391 quondam
850 342 1054 375 nornen
1079 327 1295 393 natique
1319 325 1565 391 fuissent;

159 401 232 447 Ac
255 398 326 445 sic
349 395 717 445 Dardanidum
736 395 972 444 mediam
993 412 1046 445 se
1073 396 1328 444 matribus
1350 396 1532 448 infert:

160 467 209 515 O
235 466 486 524 miserae,
527 482 655 531 quas
676 481 786 513 non
809 482 1022 528 manus,
1057 466 1250 532 inquit,
1279 466 1500 516 Achaica
1524 467 1668 517 bello

159 535 397 584 Traxerit
421 534 484 584 ad
509 534 677 584 letum
706 536 904 601 patriae
927 535 1023 584 sub
1048 535 1360 586 moenibus!
1400 553 1432 585 o
1459 552 1587 602 gens

158 699 344 742 „Dorycli‚
370 696 526 738 Thracii,
551 697 593 729 ab
616 699 744 730 ismaro
766 705 881 731 monte
900 698 1086 731 Thraciae.
1137 697 1223 730 Mihi
1248 709 1317 730 non
1340 697 1476 742 placet3
1506 711 1583 731 nam
1603 711 1667 731 nn·-

155 743 268 788 „tiqui
286 745 424 777 codices
448 745 563 776 ,Marii
583 743 733 784 habent3
761 752 797 777 et
819 745 903 777 haec
927 747 1035 777 Beroe
1056 745 1088 777 in
1118 744 1234 778 Sicilia
1262 745 1435 777 manebat.
1485 747 1520 777 In
1554 746 1668 777 Buco-

155 791 256 833 ,‚licis
275 791 493 834 Apronianus
513 791 577 822 ait:
609 793 728 824 Maros
748 804 848 824 mons
866 792 1058 832 Thraciae,
1086 791 1144 823 ubi
1161 793 1258 823 Maro
1282 792 1394 823 viuum
1414 792 1513 824 dedit
1536 792 1667 836 Ulyssi,

156 844 216 879 „et
237 839 369 870 Probus
395 837 430 869 in
450 838 737 871 commentariolo
767 838 1019 882 Georgicorum
1046 838 1130 871 facit
1155 838 1402 870 mentioue1n.“
1451 838 1560 871 Vides
1585 850 1667 872 veru

154 883 251 916 salsis
278 884 384 916 mixta
407 896 493 916 esse.
549 886 702 917 Tmaros
722 885 757 917 in
781 885 905 917 linibus
927 885 1097 917 Dodonae
1117 884 1213 928 Epiri
1234 896 1331 917 mons
1359 891 1452 917 erat:
1481 881 1666 927 Τόμαρος.

159 927 320 974 Τμοῖρος.
362 931 453 963 cons.
485 931 607 974 steph.
641 933 721 976 Byz.
771 934 906 964 Interea
934 932 1037 965 velim
1071 932 1250 963 Heinsium
1278 932 1459 973 docuisse,
1490 932 1665 975 quomodo

153 977 246 1009 inter
270 979 452 1010 Troianas
472 977 633 1010 mulieres
655 990 730 1010 esse
751 978 908 1024 potuerit
930 990 1015 1011 uxor
1035 979 1188 1020 Dorycli
1211 979 1357 1017 Tmarii,
1383 990 1402 1010 a
1423 986 1544 1010 monte
1562 980 1668 1024 Epiri

154 1023 338 1068 appellati.
388 1027 433 1057 At
451 1026 599 1057 Ismarii
616 1024 762 1058 alicuius
790 1039 808 1057 e
831 1026 988 1058 Thracia
1020 1024 1176 1066 oriundi,
1211 1036 1285 1056 curn
1305 1024 1412 1057 multa
1435 1024 1611 1057 Thracum
1632 1031 1665 1057 et

153 1070 388 1103 Troianorum
421 1078 657 1104 memorentur
694 1072 800 1104 fuisse
826 1071 1053 1113 commercia,
1095 1082 1181 1104 uxor
1208 1070 1378 1103 interesse
1407 1070 1509 1103 facile
1539 1071 1663 1115 potuit.

153 1117 329 1150 Hactenus
353 1117 472 1161 utique
497 1118 642 1150 alterum
671 1118 739 1151 hoc
770 1119 862 1150 haud
892 1118 996 1151 dubie
1028 1118 1153 1151 verius.
1200 1120 1287 1150 Sunt
1309 1118 1413 1158 forte,
1438 1129 1526 1161 quae
1553 1124 1587 1149 et
1609 1117 1662 1150 hia

153 1176 315 1207 reponas.
363 1167 515 1196 Aeneam
549 1164 654 1197 etiam
687 1165 865 1198 Dodonam
888 1165 1038 1206 adiisse,
1076 1177 1093 1196 a
1113 1164 1287 1197 nonnullis
1307 1164 1371 1196 fuit
1389 1165 1565 1196 traditum.
1594 1164 1662 1196 vid.

153 1211 294 1243 Excurs.
314 1212 357 1243 de
381 1214 520 1243 Aeneae
542 1212 697 1251 Errorr.;
725 1213 774 1255 (et
802 1213 887 1244 Not.
912 1212 955 1244 ad
977 1213 1032 1245 ΙΙΙ.
1058 1212 1140 1247 466.
1169 1213 1265 1253 Wr.)
1303 1217 1338 1242 et
1361 1211 1436 1255 ipse
1464 1218 1569 1255 poeta
1594 1222 1662 1243 no-

153 1264 245 1297 ster,
273 1258 329 1301 qui
352 1258 587 1290 escensionem
619 1259 661 1290 ad
687 1259 887 1290 Buthrotum
918 1258 1043 1291 factam
1072 1270 1147 1302 sup.
1169 1259 1235 1298 ΙΙΙ,
1260 1258 1328 1292 293
1348 1270 1422 1302 sqq.
1447 1264 1660 1299 narraverat,

153 1304 215 1336 nub
238 1304 425 1336 discessum
449 1304 491 1336 ab
518 1303 613 1348 Epiri
633 1304 755 1337 littore
774 1317 826 1337 vv.
845 1306 924 1338 470.
944 1307 1009 1339 471
1031 1305 1124 1336 inter
1146 1304 1271 1336 Heleni
1290 1316 1431 1336 munera
1453 1304 1660 1348 hospitalia:

151 1350 267 1384 Addit
285 1363 414 1395 equos,
441 1350 616 1395 additque
638 1352 757 1384 (luces.
808 1353 1011 1396 Remigium
1041 1351 1204 1397 supplet,
1231 1352 1348 1383 socios
1369 1351 1480 1383 simul
1509 1353 1661 1382 instruit

152 1398 280 1436 armis;
308 1397 401 1441 quod
418 1396 508 1429 infra
530 1409 559 1428 v.
585 1398 652 1433 646
672 1398 791 1430 eadem
812 1400 920 1430 Beroe
949 1398 1131 1430 Rhoeteia
1157 1397 1352 1441 appellata,
1377 1397 1426 1429 nil
1446 1409 1659 1442 repugnare;

152 1456 228 1476 esse
249 1443 353 1476 docte
372 1444 500 1476 dictum
529 1455 593 1488 pro
627 1447 799 1478 Troiana.
848 1445 962 1477 Locus
989 1451 1104 1476 tamen
1135 1444 1189 1476 vel
1209 1443 1258 1476 sic
1290 1444 1379 1476 inter
1410 1455 1469 1476 eos
1501 1445 1659 1475 referen-

151 1491 236 1531 dus,
261 1490 296 1522 in
318 1490 442 1533 quibus
463 1490 555 1522 ratio
579 1491 717 1532 critica,
743 1497 913 1535 quatenus
936 1492 968 1523 in
994 1490 1164 1522 librorum
1186 1502 1247 1522 usu
1268 1497 1446 1531 versatur,
1480 1490 1582 1522 aliam
1602 1490 1658 1522 le·—

150 1537 321 1577 cfionem,
347 1537 448 1569 aliam
467 1549 580 1569 rerum
612 1538 702 1570 ratio
725 1545 760 1569 et
779 1538 897 1570 iudicii
919 1537 1093 1570 subtilitas
1122 1537 1292 1569 defendit.
1341 1536 1517 1569 Ismarium
1542 1537 1659 1569 homi-

148 1595 227 1616 nem
247 1584 350 1615 etiam
378 1584 526 1627 requirit
563 1585 689 1616 Beroes
717 1586 928 1626 auctoritas,
960 1596 1060 1628 quam
1088 1583 1197 1616 Troia
1226 1584 1386 1628 prosecta
1417 1591 1572 1615 matrona
1592 1583 1658 1615 ha-

149 1630 233 1662 bere
260 1630 394 1673 potuit,
429 1641 499 1662 non
527 1642 586 1672 ea,
613 1643 699 1674 quae
729 1631 763 1662 in
793 1631 918 1664 itinere
948 1631 1015 1662 fuit
1046 1630 1182 1663 allecta.
1229 1631 1378 1662 Ismarii
1401 1630 1503 1662 etiam
1534 1630 1659 1662 defen-

149 1676 234 1708 dere
262 1676 365 1709 video
402 1688 561 1720 sagacem
591 1677 700 1709 virum
730 1680 873 1710 Ouwens
903 1678 1009 1710 Noct.
1035 1678 1123 1720 Hag.
1160 1688 1195 1720 p.
1226 1677 1304 1710 624.
1332 1676 1503 1721 Doryclus
1531 1677 1658 1709 nothus

147 1723 275 1756 Priami
298 1722 387 1755 filius
414 1730 627 1756 memoratur
654 1724 808 1756 Homero
837 1724 934 1756 Iliad.
955 1725 984 1765 λ,
1012 1723 1092 1757 489.
1142 1722 1191 1766 (ld
1217 1729 1331 1755 tamen
1353 1729 1482 1764 manet,
1512 1725 1658 1765 Tmarii,

147 1770 259 1802 rarius
290 1770 417 1802 lectum
446 1770 627 1814 minusque
657 1782 783 1803 nomen
817 1778 852 1803 et
878 1769 1042 1802 Romanis
1070 1768 1268 1802 hominibus
1294 1769 1469 1802 difficilius
1497 1769 1542 1801 ad
1569 1781 1657 1813 pro-

149 1816 398 1856 nuntiandum,
424 1816 561 1849 facilius
591 1817 751 1860 potuisse
771 1817 918 1850 transire
944 1818 978 1849 in
1006 1818 1170 1858 Ismarii,
1205 1828 1305 1860 quam
1329 1816 1398 1849 hoc
1428 1816 1463 1848 in
1488 1816 1594 1855 illud5
1622 1823 1657 1849 et

146 1862 259 1907 quivis
278 1864 394 1896 Marii
412 1862 512 1896 citius
530 1863 565 1895 in
586 1865 744 1905 Ismarii,
769 1876 870 1908 quam
890 1863 925 1895 in
949 1865 1088 1896 Tmarii
1105 1863 1296 1896 mutaverit.
1314 1864 1408 1907 lVr.)
1474 1864 1540 1898 621
1566 1865 1659 1905 Quoi

147 1911 255 1942 etiam
285 1910 466 1955 quondam
496 1911 579 1942 nati
607 1923 808 1949 nomenque
829 1909 864 1956 s
896 1910 951 1943 ed.
982 1912 1085 1951 Veni,
1118 1909 1221 1942 male.
1325 1911 1394 1944 622
1427 1910 1656 2000 Βῇνάαηῗαω

1432 1968 1451 1987 o
1483 1964 1537 1987 erc
1564 1968 1582 1988 a
1601 1962 1655 1988 ter

145 1955 281 2000 aliquot
310 1956 398 1988 Pier.
427 1968 502 1989 cum
523 1956 632 1989 Vv'all.
665 1963 699 1988 et
729 1957 835 1991 Goth.
864 1963 949 1989 tert.
998 1955 1164 1989 manibus
1193 1954 1303 1988 Goth.
1328 1968 1381 2000 pr.

146 2003 280 2043 Hamb.‚
306 2009 342 2034 at
361 2015 391 2034 v,
412 2004 525 2034 Burm.
621 2004 689 2037 633
705 2004 847 2036 Achaia
866 2010 938 2035 tres
959 2003 1075 2035 Heins.
1112 2002 1154 2034 cs.
1178 2003 1221 2034 ad
1249 2004 1290 2042 11,
1314 2003 1394 2036 462.
1421 2003 1469 2046 (et
1492 2001 1521 2033 si
1545 2001 1653 2034 maior

146 2055 239 2081 esset
260 2061 278 2081 a
300 2048 476 2081 codicibus
501 2049 702 2088 auctoritas,
726 2049 783 2082 hie
802 2061 939 2093 quoque
960 2049 1008 2082 ita
1036 2048 1262 2094 scripsissem.
1300 2047 1397 2091 lVr.)
1465 2048 1534 2083 624
1558 2050 1652 2081 Tra-

145 2104 251 2127 κει-αι
275 2097 392 2139 Sprot.
447 2097 577 2128 Troiae
602 2095 667 2128 sab
693 2096 799 2129 Goth.
827 2108 895 2128 sec.

134 2225 265 2274 fluxit
297 2223 355 2260 acl
383 2225 482 2260 imos
504 2225 556 2261 Et
591 2238 683 2261 vera
716 2226 868 2261 incessu

135 2283 274 2331 patuit
293 2282 394 2319 elea:
426 2287 471 2318 ut
490 2281 588 2318 adeo
608 2281 737 2329 etiam,
763 2287 867 2318 tam-

141 2351 260 2388 quam
282 2351 332 2375 ex
355 2338 504 2376 deabus
528 2352 617 2388 una,
649 2352 761 2376 suam
780 2339 867 2390 pal-

140 2394 219 2433 lam
244 2394 422 2433 haberet.
483 2396 621 2443 Irisfit
643 2397 784 2443 Beroe,
821 2402 868 2433 ut

138 2452 307 2491 Laodice
330 2453 437 2504 apud
455 2452 617 2491 Homer.
648 2452 718 2501 fit,
752 2453 864 2492 Iliad.

139 2527 174 2563 y,
209 2513 300 2553 121.
346 2511 421 2548 Cui
451 2511 533 2548 sive
565 2510 615 2548 ad
647 2511 863 2561 Doryclum

138 2569 220 2606 sive
253 2568 304 2605 ad
335 2568 487 2605 Beroen
519 2569 689 2616 reseras,
720 2582 862 2619 parum

136 2624 316 2665 interest.
348 2625 436 2663 Hoc
459 2626 627 2663 alterum
646 2626 750 2663 forte
776 2639 862 2662 me-

138 2680 234 2729 lius,
283 2683 476 2732 siquidem
514 2683 554 2720 in
584 2684 751 2721 feminae
785 2697 861 2721 au-

137 2739 322 2776 ctoritate
353 2753 461 2778 nuuc
488 2754 550 2777 res
582 2740 723 2791 posita.
784 2741 861 2779 Vix

136 2801 267 2832 tumen
295 2797 460 2833 feminae
482 2812 623 2834 nomen
642 2797 762 2835 tribui
785 2812 859 2849 po-

133 2852 223 2889 tuit.
283 2853 460 2891 Praestat
479 2867 569 2904 ergo
591 2854 643 2890 ad
672 2854 861 2892 maritum

132 2909 291 2946 reserre.
349 2923 501 2959 genas,
546 2911 730 2948 nobilitas
762 2910 803 2948 h.
835 2912 859 2948 l.

926 2239 965 2263 v.
990 2225 1137 2273 Burni„
1170 2236 1287 2274 quem
1308 2223 1524 2275 indigneris
1553 2236 1650 2274 ope-

924 2296 1012 2320 ram
1058 2288 1098 2319 et
1137 2280 1317 2319 chartam
1361 2282 1401 2318 in
1438 2279 1649 2318 Harduino

924 2339 1140 2377 refellendo
1179 2338 1359 2390 perdere.
1420 2339 1560 2388 Georg.
1603 2338 1648 2386 ll,

923 2397 1019 2438 240.
1045 2397 1166 2434 Salsa
1189 2397 1303 2433 tellas
1320 2411 1457 2433 —nec
1480 2395 1648 2433 Baccho

921 2468 1052 2505 geme-s·
1069 2462 1210 2491 servat.
1258 2453 1440 2503 fuissent
1473 2467 1547 2504 pro
1575 2453 1650 2490 Cui

911 2512 1097 2563 juerant.
1156 2509 1295 2563 (Recte
1331 2524 1426 2548 vero
1462 2509 1646 2548 Iahnius:

922 2568 1260 2617 „Coniunctivum
1286 2569 1418 2619 posuit
1439 2574 1568 2620 poeta,
1600 2575 1646 2605 ut

922 2639 1081 2663 causam
1111 2625 1326 2673 indicaret,
1369 2640 1441 2663 cur
1473 2626 1546 2663 dea
1569 2626 1645 2662 Be-

920 2697 1010 2721 roes
1026 2684 1196 2721 formam
1222 2683 1295 2721 sibi
1317 2683 1514 2734 elege1·it.“
1530 2682 1642 2733 er.)

988 2740 1242 2782 623—640.
1290 2745 1427 2778 Artem
1466 2752 1641 2791 agnosce,

920 2798 1030 2848 quod
1059 2798 1314 2836 miseratione
1343 2798 1482 2835 animis
1517 2809 1555 2833 se
1576 2796 1640 2832 iu-

919 2855 1071 2903 sinuat,
1110 2861 1322 2905 antequam
1354 2854 1403 2891 ad
1435 2853 1640 2891 consilium

917 2925 1034 2949 suum
1048 2912 1330 2963 proferendum
1350 2910 1563 2951 descendit.
1597 2909 1640 2946 ln
