1779 3420
159 226 262 273 962
493 221 547 270 Ρ.
586 219 947 271 VIRGILII
989 219 1365 272 MARONIS

160 346 435 397 Horrescit
454 345 569 394 visu
592 345 768 395 subito
795 362 1108 412 caussasque
1138 347 1363 413 requirit
1587 355 1690 401 710

159 418 361 468 Inscius
381 419 615 477 AeneaS‚
656 432 793 482 quae
817 417 919 464 sint
946 433 1005 465 ea
1030 415 1252 465 flumina
1280 434 1463 482 porro,

164 489 337 551 Quive
359 487 456 536 viri
487 495 635 534 tanto
668 485 970 551 conplerint
991 487 1201 550 agmine
1220 488 1371 553 ripas.

162 562 305 608 Tum
325 567 478 624 pater
496 555 779 605 Anchises:
815 556 1063 614 Animae,
1103 556 1295 622 quibus
1320 558 1482 607 altera
1508 556 1619 607 sato

163 630 404 694 Corpora
432 626 723 687 debentur,
760 625 979 674 Lethaei
1003 624 1070 673 ad
1090 624 1324 675 fluminis
1344 628 1549 676 undam

164 700 395 747 Securos
417 696 598 745 latices
620 704 672 743 et
693 695 852 758 longa
876 694 1072 744 oblivia
1100 704 1302 761 potant.
1586 703 1688 750 715

160 770 264 817 Has
303 766 560 834 equidem
591 781 902 815 memorare
934 765 1030 814 tibi
1065 774 1225 833 atque
1271 766 1561 818 ostendere
1599 784 1689 817 co—

947 853 1080 899 ram,

158 905 485 972 Iampridem
510 904 648 954 hanc
664 903 880 971 prolem
899 908 1054 971 cupio
1080 922 1397 955 enumerare
1411 923 1688 957 meorum:

162 979 282 1039 Quo
305 978 470 1040 magis
491 975 638 1025 Italia
661 992 879 1025 mecum
910 975 1108 1025 laetere
1136 985 1362 1042 reperta.

251 1105 322 1140 710
348 1106 451 1138 visus
476 1105 568 1138 alter
593 1106 784 1149 Hamburg.
835 1104 954 1139 subito
979 1106 1060 1138 visu
1086 1104 1235 1138 Dorvill.
1331 1107 1397 1140 711
1434 1115 1521 1139 sunt
1556 1106 1688 1151 aliquot

157 1154 290 1191 Burm.‚
316 1152 379 1185 sed
402 1153 633 1187 recentiores.
729 1154 799 1187 712
825 1153 965 1195 Quidve
991 1152 1125 1197 aliquot
1149 1151 1318 1191 Pieriam,
1352 1152 1412 1185 alii
1448 1155 1580 1198 quique
1605 1155 1687 1190 viri,

158 1206 196 1232 ut
222 1206 258 1232 et
282 1200 318 1231 in
352 1200 477 1234 Hamb.
508 1213 562 1244 pr.
600 1207 634 1232 et
666 1199 815 1233 Dorvill.
847 1199 988 1233 lectum.
1023 1200 1106 1244 (vid.
1143 1201 1186 1240 Q.
1222 1201 1265 1232 V.
1300 1201 1476 1240 XXXVI,
1513 1201 1546 1234 5.
1588 1202 1686 1243 lVr.)

156 1247 372 1292 complerint
395 1246 529 1280 Pierius
556 1246 590 1280 in
619 1247 715 1279 nullo
745 1258 808 1280 suo
835 1247 1038 1289 invenerat,
1063 1247 1126 1279 sed
1151 1246 1400 1293 complerunt,
1436 1246 1491 1279 vel
1527 1248 1688 1292 comple-

157 1302 252 1326 rent.
300 1293 431 1326 Eadem
456 1294 607 1328 varietas
633 1294 725 1339 apud
751 1296 865 1326 Burm.
915 1295 984 1327 Sed
1019 1294 1235 1340 complerint
1260 1294 1384 1337 fragm.
1410 1293 1523 1328 Vatic.
1560 1294 1686 1328 Medio.

156 1339 227 1376 714
250 1341 451 1386 Letbeique
480 1341 613 1374 Zulich.
640 1354 670 1374 v.
698 1341 742 1374 ad
767 1343 847 1377 705.
899 1342 1045 1384 (Lethei
1069 1341 1175 1373 etiam
1201 1340 1260 1374 hic
1293 1341 1440 1381 Medic.;
1472 1341 1628 1374 Lethaei
1650 1341 1686 1374 in

155 1388 279 1430 fragm.
297 1387 412 1421 Vatic.
438 1401 457 1421 a
482 1389 642 1421 Bottario
662 1401 875 1433 expressum.
904 1388 999 1428 JVr.)
1072 1389 1141 1423 715
1156 1396 1312 1433 portant
1331 1389 1431 1421 Rom.
1504 1390 1572 1422 717
1594 1401 1687 1433 pro-

156 1435 226 1468 lem
250 1435 346 1467 hanc·
372 1447 440 1468 sec.
467 1436 637 1468 Rottend.
666 1443 698 1468 et
729 1436 802 1469 Erf.
851 1437 957 1480 cupio
987 1436 1130 1482 prolem
1155 1436 1252 1468 lzanc
1276 1435 1384 1468 Goth.
1421 1442 1501 1468 tert.
1552 1448 1686 1468 memo—

156 1495 242 1515 rare
266 1481 376 1526 prior.
425 1495 620 1515 numerare
645 1484 782 1527 Menag.
809 1495 862 1527 pr.
913 1491 1062 1515 tuorum
1094 1484 1183 1515 Ven.
1218 1489 1253 1514 et
1281 1494 1346 1526 pro
1381 1484 1465 1516 Var.
1499 1482 1596 1515 Lect.
1634 1495 1686 1526 pr.

156 1529 327 1562 Rottend.
378 1529 540 1562 Ceterum
563 1530 744 1563 iuncturae
771 1529 944 1574 asperitas
969 1530 1087 1574 aliqua
1110 1529 1146 1562 in
1167 1542 1198 1562 v.
1224 1529 1304 1565 716.
1329 1530 1398 1564 717
1432 1530 1546 1562 inesse
1584 1529 1686 1561 vide-

155 1584 221 1609 tur.
270 1578 359 1608 Puto
385 1588 405 1609 a
434 1585 540 1620 poeta
565 1577 735 1621 scriptum
760 1577 887 1610 fuisse:
920 1579 1055 1610 IIas—
1072 1577 1265 1609 ostendere
1295 1589 1417 1610 coram
1455 1577 1685 1620 Iampridem,

155 1635 195 1656 ac
220 1624 361 1669 prolem
396 1625 502 1669 cupio
537 1637 754 1657 enumerare
787 1633 945 1658 tuorum.
980 1627 1159 1668 (quorsum
1193 1630 1309 1656 autem
1344 1625 1518 1656 tuorum?
1549 1624 1685 1668 impru—

155 1670 243 1703 dens
268 1670 433 1703 videlicet
458 1671 509 1704 ita
537 1671 678 1716 scripsit
704 1672 872 1715 Heynius.
898 1672 1042 1706 Wakef.
1069 1683 1087 1703 e
1113 1670 1313 1704 coniectura
1338 1682 1460 1715 parum
1484 1670 1581 1704 felici
1605 1670 1685 1703 edi-

155 1716 230 1749 dit:
258 1719 336 1749 Iam
357 1718 504 1763 pridem
541 1718 637 1751 hanc
665 1719 808 1764 prolem
840 1720 967 1765 cupio,
1004 1726 1048 1751 et
1080 1730 1359 1758 numerare,
1394 1731 1565 1751 meorum.
1615 1717 1684 1750 Sed

155 1763 243 1796 nihil
269 1763 327 1796 hic
354 1776 450 1804 esse,
475 1765 520 1797 ad
545 1765 640 1808 quod
666 1765 902 1806 offendamus,
939 1776 1131 1809 cognosces
1160 1777 1178 1797 e
1205 1766 1248 1797 V.
1284 1766 1324 1798 L.
1360 1765 1403 1798 ad
1441 1766 1504 1798 Ge.
1540 1767 1566 1805 1,
1601 1764 1682 1799 248.

159 1810 255 1853 lVr.)

351 1812 421 1845 718
448 1824 583 1843 mecum
609 1823 749 1851 omnes3
777 1813 860 1844 olim
885 1819 1003 1845 tamen
1031 1812 1207 1854 vulgatum
1234 1819 1309 1843 erat
1344 1812 1514 1851 tandem3
1553 1815 1602 1855 (et
1634 1811 1683 1843 ita

156 1863 270 1889 exstat
295 1856 332 1889 in
356 1858 466 1891 Palat.
498 1859 594 1901 JVr.)
623 1858 756 1891 Zulieh.
793 1872 859 1891 nee
894 1871 968 1891 non
1006 1858 1159 1891 laetare.
1208 1860 1298 1890 Sane
1331 1859 1473 1891 laetare
1505 1860 1682 1902 potiorem

154 1904 324 1937 librorum
349 1904 458 1937 habet
483 1905 752 1947 auctoritatem,
786 1905 938 1939 Medieei
963 1917 1101 1950 quoque
1126 1917 1146 1937 a
1172 1917 1224 1949 pr.
1250 1917 1295 1937 m.
1322 1917 1397 1938 curn
1424 1905 1502 1938 aliis
1528 1906 1619 1938 Pier.
1648 1911 1682 1937 et

154 2023 226 2072 tio,
250 2036 301 2061 ex
314 2022 528 2074 Apollonio
546 2023 772 2063 ductaloco
797 2038 889 2062 cum

154 2081 233 2120 hoc
269 2081 432 2120 0111111110
462 2082 734 2134 comparando
769 2082 836 2120 lib.
858 2083 887 2131 I,

156 2142 239 2181 879
260 2153 358 2190 sqq,
388 2139 461 2178 etsi
481 2147 521 2178 et
544 2141 612 2178 illo
645 2141 887 2179 adumbrato

155 2211 205 2235 ex
221 2197 384 2236 Homer.
398 2199 438 2236 11.
452 2199 489 2250 β,
507 2201 562 2240 87
581 2213 665 2250 sqq.
689 2200 747 2237 Cf.
761 2199 887 2250 sup.I‚

155 2255 239 2298 430
258 2270 314 2306 sq.
335 2256 484 2306 Ge.IV,
513 2258 593 2299 188
616 2271 701 2308 sqq.
724 2258 774 2299 51
802 2271 887 2308 sqq·

154 2316 290 2363 strepit
310 2329 510 2352 murmure
532 2329 702 2366 campas
728 2315 886 2353 doctius

155 2385 275 2421 quam
289 2373 464 2424 vulgare,
491 2386 583 2424 apes
602 2379 790 2425 strepunt
815 2387 887 2424 per

155 2443 353 2480 campum.
402 2431 498 2468 Mox
517 2433 613 2472 711.
638 2446 759 2483 porro
788 2432 887 2469 sinl—

155 2487 310 2537 pliciter
328 2494 463 2539 potest
481 2489 612 2539 iungi:
640 2504 889 2541 caussasque

155 2547 319 2595 requirit
343 2561 488 2596 porro,
532 2547 598 2585 Vel
621 2562 765 2598 porro,
801 2548 885 2585 scil.

154 2608 283 2653 rogat,
302 2616 403 2652 quae
423 2606 503 2641 sint
523 2611 597 2643 etc.
629 2606 706 2643 Sed
728 2605 887 2643 doctior

156 2660 259 2697 ratio
283 2667 359 2699 est:
399 2676 502 2713 quae
530 2665 610 2699 sint
629 2678 677 2700 ea
699 2665 886 2714 stamma

153 2733 295 2768 porro,
360 2717 524 2771 πόῤῥω,
585 2720 626 2761 11.
658 2734 690 2758 0.
730 2717 886 2773 πόρῤω,

157 2773 379 2826 πόῤῥωθεν
422 2777 726 2829 παραῤῥέοντα,
768 2778 886 2829 longo

157 2834 250 2871 inde
289 2848 410 2872 cursu
456 2836 735 2886 praetexentia
775 2850 887 2873 cam-

156 2906 265 2943 pum.
310 2893 442 2931 Minus
462 2894 562 2931 bene
589 2896 701 2932 Serv.
727 2899 767 2930 et
789 2894 887 2931 Cer—

159 2950 219 2987 du.
243 2949 448 3002 (Ceterum
468 2951 623 2991 iuvabit
640 2953 809 2990 sortasse
827 2952 886 2990 le-

948 2036 1051 2074 gere,
1097 2036 1198 2073 quae
1231 2023 1371 2077 scripsi
1402 2023 1452 2072 Q.
1483 2023 1530 2063 V.
1558 2023 1682 2072 XVII,

947 2083 987 2131 5,
1022 2082 1060 2120 (1.
1098 2083 1165 2120 I‘V
1162 2080 1216 2134 r.)

1002 2142 1100 2182 713.
1151 2141 1279 2178 altera
1329 2154 1497 2190 corpora
1523 2155 1534 2177 .·
1590 2153 1681 2177 011111

947 2197 1028 2235 sint
1061 2197 1157 2235 aliae
1189 2198 1342 2236 animae
1362 2228 1373 2247 ‚
1423 2210 1522 2248 quae
1552 2197 1681 2248 prima

947 2256 1034 2295 vice
1057 2270 1202 2307 corpus
1225 2256 1403 2302 intrant,
1435 2255 1553 2304 aliae,
1586 2269 1681 2292 cor-

946 2327 1043 2366 pore
1070 2315 1245 2363 solutae,
1286 2320 1327 2351 et
1355 2314 1398 2351 in
1434 2313 1521 2350 loca
1552 2314 1679 2350 infera

947 2372 1166 2421 deductae,
1199 2385 1300 2423 quae
1320 2371 1513 2424 posthaec
1530 2385 1679 2423 purga-

944 2435 1007 2468 tae
1027 2431 1069 2468 in
1088 2444 1241 2469 novum
1272 2444 1418 2482 corpus
1438 2430 1589 2467 intrare
1610 2442 1680 2466 co—

944 2495 1117 2539 guntur:
1148 2503 1258 2526 1111110
1278 2489 1326 2526 de
1347 2489 1472 2526 altero
1502 2487 1582 2526 1100
1611 2499 1679 2538 ge-

944 2560 1040 2585 nere
1068 2554 1125 2585 est
1155 2546 1423 2598 cogitandum.
1497 2545 1593 2588 714.
1624 2544 1683 2582 acl

945 2606 1099 2643 undam
1121 2620 1137 2644 .·
1204 2605 1341 2643 latices
1388 2609 1535 2655 potant
1556 2632 1566 2650 ‚
1627 2602 1680 2640 ad

947 2677 1124 2709 amnem,
1156 2663 1197 2700 in
1221 2663 1357 2700 littore
1376 2692 1385 2709 ,
1419 2660 1677 2707 constitutae,

946 2721 1268 2771 procumbentes.
1328 2720 1489 2758 Dictum
1516 2717 1678 2771 ἐναργέ-

947 2791 1108 2831 στερον,
1143 2792 1264 2828 quam
1287 2778 1416 2829 simpl.
1433 2778 1579 2816 bibunt
1603 2777 1678 2814 Le—

946 2835 1053 2874 then.
1114 2837 1209 2878 715.
1240 2851 1396 2874 securo-s*
1413 2867 1424 2885 ,
1453 2837 1502 2874 ab
1522 2835 1678 2880 effectu,

949 2900 993 2931 ut
1012 2894 1165 2931 morbos
1179 2895 1364 2945 pallidos
1387 2895 1540 2932 dicunt.
1565 2895 1677 2930 Serv.

945 2965 1038 2990 nam
1056 2965 1106 2990 ex
1128 2953 1328 2993 oblivione
1346 2953 1547 2991 malorum
1562 2958 1680 2990 tran-
