1811 3388
464 249 588 294 AD
661 244 1098 295 LIBRUM
1173 249 1252 298 VI
1482 256 1611 303 1029

103 377 240 427 sit-scis
266 375 444 412 tellurem
466 374 721 424 amplectitur
756 374 850 412 alis.
919 374 981 411 Ita
1013 375 1131 412 etiam
1153 376 1236 413 dies
1277 376 1405 415 oriens
1438 381 1514 416 ruit
1538 379 1607 419 ins.

113 435 166 482 X,
197 431 295 473 256.
354 431 503 470 Verum
525 432 597 468 Sol
615 444 773 482 quoque
802 432 980 469 occidens
998 435 1076 469 ruit
1107 431 1190 485 (lib.
1219 432 1286 480 III,
1313 434 1412 487 508)
1438 445 1473 472 et
1492 450 1609 474 mon..

112 499 168 528 tes
196 488 431 527 umbrantur
465 491 585 539 opaci
591 504 610 536 ;
649 494 690 526 et
724 489 773 526 de
796 501 889 527 vere
917 489 995 527 iam
1025 496 1164 529 exacto
1186 490 1326 541 Georg.
1356 492 1384 538 1,
1412 494 1495 534 313
1517 508 1607 532 cam

111 549 191 585 ruit
214 546 460 597 imbrzfi'mm
491 561 582 595 ver,
633 547 777 596 Spicea
807 548 892 584 iam
922 549 1079 597 campis
1111 562 1203 585 eum
1233 550 1371 586 messis
1417 550 1608 589 inhorruit

110 611 185 643 etc.
244 605 385 641 Ruunt
414 604 517 642 enim
548 609 588 641 et
619 616 684 652 ea,
717 616 818 654 quae
846 604 1074 654 imminent,
1115 611 1154 643 et
1185 617 1252 654 ea,
1294 618 1394 655 quae
1422 607 1464 644 in
1495 610 1606 646 exitu

110 668 217 701 sunt.
275 662 412 713 Itaque
430 662 472 699 in
490 674 609 700 versu
629 661 759 699 Basilii
779 660 958 713 (Anthol.
985 662 1070 701 Lat.
1097 663 1207 701 Tom.
1238 663 1285 701 ΙΙ.
1310 676 1349 714 p.
1373 662 1472 717 306)
1503 679 1605 702 nox-

110 735 185 773 que
210 719 477 772 peractaficic
498 719 576 758 viri
596 718 704 757 docti
737 732 787 757 ex
806 719 966 770 Virgilio
995 720 1209 758 emendant
1237 722 1328 757 ruit.
1391 721 1480 759 Non
1505 723 1606 759 male

108 779 241 829 itaque
260 777 441 815 Servius:
475 776 623 828 „siper
650 777 753 814 diem
774 790 884 814 sacra
912 776 1226 826 celebrabantur,
1255 779 1334 814 νιιίι
1359 785 1439 827 est,
1469 779 1606 817 immi-

107 843 196 886 net3
226 835 259 873 si
281 848 352 886 per
369 841 549 884 noctem,
581 834 733 872 finitur.
791 835 835 872 In
864 847 962 872 voce
986 835 1085 872 Nox
1110 838 1188 872 νιιιί
1211 834 1309 872 adeo
1337 849 1417 872 non
1441 836 1603 874 labora-

106 907 215 931 mus:
264 892 570 937 constituendus
602 898 662 929 est
698 905 834 929 sensus
857 904 877 929 e
908 892 1059 930 ceteris.
1117 893 1329 931 Enimvero
1355 906 1474 944 quam
1504 893 1603 932 bene

107 951 170 989 die
187 950 318 989 medio
340 963 423 988 nox
444 963 561 988 ruere
580 949 750 999 dicatur,
778 949 943 989 videant
963 948 1039 987 alii.

220 1064 306 1102 Hac
329 1064 450 1116 igitur
468 1063 532 1101 via
554 1077 636 1101 non
655 1063 776 1115 magis
800 1063 1030 1115 expeditum
1057 1063 1168 1102 vides
1188 1062 1284 1111 iter,
1315 1076 1433 1113 quam
1462 1063 1599 1103 altera.

105 1123 246 1161 Restat
264 1122 410 1173 itaque,
433 1127 481 1159 ut
500 1122 708 1170 fateamur,
728 1127 795 1159 aut
816 1135 887 1159 nos
908 1135 989 1159 non
1011 1121 1104 1158 satis
1131 1120 1379 1158 commodam
1401 1122 1600 1172 interpre-

105 1180 217 1218 tandi
245 1185 382 1231 poetae
403 1179 599 1217 rationem
620 1185 778 1228 tenere,
806 1185 874 1216 aut
904 1184 1063 1230 poetam
1088 1178 1161 1215 sibi
1181 1178 1255 1228 ipsi
1275 1177 1383 1216 haud
1405 1185 1600 1228 constare,

106 1244 178 1275 aut
199 1245 359 1289 poetam
382 1237 544 1275 omnino
565 1243 792 1288 temporum
809 1236 983 1275 rationes
1004 1235 1115 1273 haud
1139 1248 1304 1273 curasse.
1344 1236 1392 1272 Et
1414 1236 1600 1273 ultimum

103 1295 182 1334 hoc
201 1301 401 1348 praestare
421 1296 560 1332 ceteris
583 1294 713 1333 videri
733 1293 835 1343 dixi,
864 1307 938 1331 nec
967 1299 1092 1330 certas
1122 1299 1347 1342 temporum
1374 1300 1488 1330 notas
1511 1306 1600 1330 eum

105 1366 302 1405 apponere
323 1352 508 1392 voluisse.
566 1352 625 1389 Ita
643 1365 716 1389 nec
742 1351 848 1389 infra
869 1352 910 1388 in
932 1350 1067 1388 reditu
1089 1350 1139 1387 ad
1162 1363 1325 1400 superos
1348 1356 1474 1388 certas
1498 1356 1599 1388 tem-

101 1411 210 1463 poris
238 1417 354 1449 notas
387 1410 541 1448 adiecit.
600 1409 737 1460 Itaque
769 1409 816 1446 de
844 1422 888 1446 eo
910 1421 982 1446 nec
1008 1421 1087 1445 esse
1110 1407 1372 1444 laborandum
1398 1407 1500 1455 dixi3
1531 1414 1600 1445 aut

102 1470 242 1507 saltem
264 1468 399 1507 licebit
423 1468 549 1507 cuivis
568 1472 744 1505 statuere
763 1481 838 1519 pro
858 1478 974 1504 sensu
997 1471 1037 1503 et
1064 1465 1217 1516 ingenio
1238 1478 1321 1503 suo.

396 1781 1093 1842 EXCURSUS
1175 1778 1312 1835 XII

541 1909 647 1952 De
711 1901 1171 1950 Salmonea

211 2039 275 2086 VI,
307 2034 546 2079 585-594.
587 2034 642 2071 De
663 2034 871 2070 Salmoneo
902 2029 1133 2068 consulendi
1158 2026 1422 2078 Apollodorus
1446 2032 1481 2061 et
1508 2025 1594 2075 Hy-

285 2096 411 2133 Etiam
431 2092 528 2130 haec
550 2092 706 2139 sabula,
731 2091 827 2128 duni
847 2103 867 2126 a
893 2088 1026 2126 multis
1055 2092 1224 2124 tractata
1252 2090 1332 2129 est,
1364 2096 1385 2118 a
1415 2083 1594 2119 tenuibus

98 2097 223 2148 gilius,

1202 2142 1399 2179 Homerus
1437 2139 1592 2188 quidem

98 2154 220 2192 initiis
259 2153 402 2191 latiora
444 2150 627 2200 deinceps
673 2148 917 2185 incrementa
963 2144 1128 2194 accepit.

99 2213 242 2263 Odys&
266 2214 299 2259 λ,
330 2208 412 2250 235
435 2207 688 2244 Salmoneum
711 2201 921 2255 ἆμύμονα,
965 2203 1141 2248 claram,
1187 2198 1414 2248 simpliciter
1441 2209 1592 2232 memo-

96 2275 182 2318 rat,
214 2275 418 2317 tamquam
440 2264 615 2303 heroem.
676 2262 903 2298 Celebratus
934 2259 998 2296 ille
1032 2258 1108 2296 suit
1136 2261 1300 2307 propter
1331 2267 1422 2304 opes
1448 2259 1484 2289 et
1517 2266 1589 2289 na-

97 2333 180 2365 tam
200 2326 292 2363 inde
310 2322 638 2373 magnificentiam
665 2325 705 2356 et
723 2317 1008 2367 arrogantiam:
1039 2314 1101 2352 uti
1128 2312 1290 2350 Aloidae
1317 2311 1418 2348 vasti
1444 2324 1589 2359 corpo-

94 2385 150 2421 ris
172 2384 316 2421 robore
338 2380 580 2418 ferocientes.
639 2377 753 2414 Nunc
773 2376 837 2412 ille
854 2373 959 2425 apud
981 2371 1194 2409 Hesiodum
1222 2369 1314 2406 suit:
1351 2364 1591 2417 Σαλμωνεύς

97 2440 236 2488 ἄδικος
263 2440 304 2477 in
329 2440 465 2487 fragm.
501 2434 608 2487 apud
633 2433 763 2471 Schol.
791 2432 952 2469 Pindari
984 2430 1024 2468 P.
1047 2428 1110 2476 lV‚
1141 2428 1235 2468 252.
1296 2425 1409 2462 Nunc
1436 2424 1499 2459 ille
1528 2437 1589 2459 sc-

96 2497 274 2536 cundum
301 2494 512 2533 nonnullos
537 2491 720 2542 superbia
746 2489 872 2526 elatus
906 2487 1136 2539 quaclmgrc'.s-‚
1170 2490 1370 2532 tamquam
1399 2481 1494 2518 deus
1517 2481 1588 2517 ali-

96 2555 203 2606 quiS,
241 2557 417 2591 invectus
445 2564 516 2602 per
546 2548 697 2587 Elidem
726 2547 898 2584 honores
928 2544 1083 2581 divinos
1102 2540 1320 2578 all'ectabat.
1378 2539 1454 2575 Pro
1484 2538 1588 2574 ferro

98 2612 214 2663 prisci
237 2611 416 2648 homines
436 2621 524 2645 aere
551 2606 789 2651 utebantur3
826 2604 958 2651 itaque
976 2613 1132 2637 currum
1161 2598 1242 2634 eius
1276 2609 1433 2633 aereum
1466 2593 1586 2630 exhi-

94 2670 224 2707 buisse
246 2669 364 2706 debet
381 2666 566 2715 antiquus
585 2668 710 2714 poeta.
770 2661 907 2697 Solum
936 2670 985 2695 ex
1004 2669 1092 2693 aere
1122 2656 1270 2692 sactum
1293 2653 1490 2690 subiecere
1510 2650 1585 2688 alii.

99 2727 195 2776 Equi
214 2723 466 2777 χαλκόποδες,
497 2721 719 2768 aeripedes,
750 2716 902 2767 vulgari
924 2721 1129 2766 poetarum
1155 2726 1230 2749 usu
1263 2712 1584 2758 frequentatum-5

95 2784 215 2821 iidem
240 2778 512 2834 χαλκόκροτοι.
573 2777 700 2815 Facile
722 2774 820 2812 haec
837 2779 971 2825 poetas
1002 2771 1053 2808 ad
1082 2768 1265 2819 mythum
1297 2767 1488 2803 deducere
1511 2777 1583 2813 po-

93 2848 229 2888 tuere3
260 2838 455 2889 sapienter
478 2843 606 2873 tamen
626 2832 832 2872 substituit
852 2845 918 2868 aes
938 2837 972 2866 et
986 2829 1148 2878 pulsum
1167 2838 1371 2876 equorum,
1403 2827 1448 2858 ut
1477 2819 1583 2870 prius

92 2897 143 2935 ad
173 2910 337 2934 currum
366 2894 507 2931 referri
540 2893 674 2943 possit.
741 2891 838 2927 Cum
873 2887 972 2924 aei-is
1002 2884 1170 2935 strepitu
1191 2882 1385 2931 Jizlminis
1417 2886 1452 2914 et
1479 2878 1581 2913 loni-

90 2964 222 2992 [raum
250 2951 515 2991 imitationem
551 2950 795 2986 affinxerunt
824 2945 905 2993 ali33
943 2942 1051 2993 guod
1080 2945 1269 2991 sequutus
1300 2943 1358 2973 est
1390 2933 1582 2985 Virgilius.
