1811 3388
334 995 388 1042 P.
449 991 876 1041 VIRGILII
934 989 1362 1039 MARONIS

93 1124 157 1192 A
310 1122 367 1190 Ε
510 1120 577 1191 Ν
732 1120 789 1188 E
936 1119 963 1185 I
1114 1119 1178 1187 D
1335 1114 1408 1186 O
1554 1120 1600 1190 S

448 1268 729 1326 LIBER
803 1264 1246 1342 QUARTUS

529 1521 1156 1571 ARGUMENTUM

93 1619 228 1687 Dido
260 1652 393 1683 amore
423 1640 576 1678 Aeneae
606 1639 826 1688 insaniens,
866 1639 985 1676 animi
1027 1638 1087 1676 sui
1122 1636 1307 1674 morbum
1348 1637 1474 1674 sorori
1507 1650 1602 1689 ape-

92 1700 170 1737 rit:
202 1697 361 1749 eiusque
393 1697 599 1736 consilium
618 1703 764 1746 secuta,
797 1696 846 1734 ad
876 1697 1035 1748 nuptias
1061 1697 1237 1733 animum
1269 1694 1404 1732 adiicit
1436 1698 1600 1736 1—89.

94 1756 194 1794 Iuno
229 1768 407 1806 quoque,
448 1761 494 1793 ut
524 1754 697 1792 Aeneam
728 1754 882 1792 facilius
912 1755 959 1792 ab
990 1753 1101 1792 Italia
1136 1758 1355 1801 averteret,
1396 1753 1476 1804 agit
1511 1766 1602 1790 cum

93 1814 269 1862 Venere,
317 1819 363 1850 ut
393 1812 474 1850 eius
501 1813 605 1850 bona
646 1826 735 1850 cum
767 1813 879 1850 venia
924 1813 1040 1849 liceat
1070 1810 1223 1848 Aeneae
1255 1811 1400 1848 Elisam
1431 1824 1601 1848 uxorem

96 1871 259 1909 ducere:
299 1884 457 1921 quoque
493 1870 537 1907 id.
576 1870 822 1908 commodius
861 1870 948 1907 [ieri
990 1869 1132 1921 possit,
1179 1881 1217 1905 se
1259 1869 1602 1920 opportunitatem

95 1929 321 1966 oblaturam
361 1928 714 1968 ostendit—128.
781 1927 978 1965 Postridie
1019 1927 1169 1964 Aeneas
1208 1932 1246 1962 et
1278 1926 1379 1963 Dido
1410 1933 1602 1965 venatum

94 1986 416 2038 proficiscuntur.
477 1986 535 2025 Ibi
566 1985 748 2023 omnibus
778 1985 856 2022 iam
887 1984 1058 2036 praedae
1088 1984 1253 2022 intentis
1293 1984 1393 2022 Iuno
1430 1984 1603 2022 subitam

95 2043 278 2081 immittit
314 2049 608 2094 tempestatem,
648 2043 807 2080 comites
850 2043 948 2080 alius
990 2042 1064 2079 alio
1106 2041 1332 2092 dill'ugiunt3
1383 2040 1533 2079 Aeneas
1564 2048 1604 2079 et

99 2101 197 2138 Dido
237 2101 280 2137 in
318 2100 424 2139 idem
468 2106 629 2138 antrum
679 2100 947 2148 conveniunt,
994 2100 1126 2149 ibique
1178 2098 1360 2135 infaustis
1406 2099 1603 2136 ominibus

98 2158 577 2208 coniunguntur—172.
648 2157 810 2194 Interim
848 2157 1022 2207 Iupiter,
1067 2156 1203 2194 Iarbae
1244 2156 1503 2194 Gaetulorum
1536 2169 1603 2194 re-

97 2216 174 2266 gis,
217 2215 284 2265 qui
316 2214 509 2252 advenam
550 2213 621 2250 sibi
652 2215 843 2264 praeferri
877 2215 1013 2264 iniquo
1045 2215 1175 2251 animo
1207 2213 1378 2263 serebat,
1419 2214 1602 2266 precibus

97 2273 308 2323 fatigatus,
348 2272 590 2309 Mercurium
637 2272 758 2309 mittit
800 2271 851 2308 ad
884 2271 1076 2318 Aeneam,
1121 2270 1385 2320 mandatque,
1426 2278 1495 2320 ut,
1535 2285 1604 2309 re-

96 2331 187 2368 licta
218 2329 362 2378 Africa,
393 2330 435 2366 in
465 2329 616 2366 Italiam
641 2329 796 2379 naviget
815 2331 976 2369 —278.
1036 2328 1104 2365 Ille
1131 2328 1234 2365 Iovis
1255 2328 1420 2378 imperio
1450 2342 1602 2367 morem

96 2401 253 2438 gerenS,
285 2400 543 2437 quaecunque
574 2386 625 2423 ad
657 2387 949 2437 navigationem
980 2392 1093 2423 erant
1123 2386 1359 2434 necessaria,
1401 2387 1501 2424 clam
1532 2399 1603 2438 per

97 2446 223 2483 socios
252 2445 384 2495 parari
414 2444 524 2481 iubet
544 2444 707 2485 -295,
767 2445 951 2481 Ceterum
982 2443 1105 2491 Dido,
1147 2443 1214 2480 ubi
1257 2443 1415 2482 classem
1445 2445 1603 2483 instau-

96 2503 178 2541 rari
208 2503 350 2551 sensit,
390 2502 585 2553 suspicata
621 2501 662 2538 id
692 2501 801 2551 quod
831 2515 893 2539 res
921 2508 1028 2550 erat,
1066 2501 1239 2552 graviter
1278 2514 1368 2539 cum
1412 2502 1496 2553 ipso
1528 2515 1602 2539 ex-

98 2560 294 2612 postulat,
325 2560 586 2611 precibusque
618 2565 657 2595 et·
686 2559 859 2597 lacrimis
890 2565 977 2596 tum
1008 2572 1079 2609 per
1106 2571 1146 2595 se
1174 2559 1312 2610 ipsam,
1344 2563 1492 2601 —392
1515 2566 1603 2598 tum

99 2631 169 2669 per
199 2631 387 2667 sororem,
418 2616 566 2658 —449
597 2630 687 2654 eum
719 2618 766 2655 ab
798 2618 954 2668 incepto
984 2629 1173 2654 revocare
1201 2622 1381 2654 conatur.
1439 2616 1602 2666 Aeneas,

101 2687 200 2712 nave
236 2675 313 2711 iam
354 2688 586 2725 conscensa,
623 2676 770 2713 iterum
806 2675 848 2712 in
888 2674 1034 2712 somnis
1071 2688 1092 2710 a
1132 2673 1330 2712 Mercurio
1362 2674 1602 2724 admonitus,

99 2732 333 2783 intempesta.
372 2739 489 2770 nocte
521 2747 685 2770 ancoras
725 2733 844 2771 solvit
874 2731 1131 2773 554—583.
1190 2732 1261 2769 Illa
1293 2732 1440 2770 doloris
1471 2733 1602 2784 impa-

99 2789 221 2836 tiens,
250 2789 351 2826 mori
382 2790 634 2838 decreverat,
666 2789 910 2831 450—473
942 2795 982 2826 et
1012 2789 1140 2826 celans
1170 2802 1347 2827 sororem
1377 2790 1487 2840 quod
1514 2803 1602 2828 me-

100 2845 328 2894 ditabatur,
363 2854 567 2885 exstructa
598 2848 637 2884 in
669 2848 835 2885 editiore
867 2847 1022 2884 aedium
1054 2852 1167 2897 parte
1196 2846 1345 2897 ingenti
1375 2861 1496 2899 pyra,
1535 2861 1599 2884 sa—

99 2916 211 2941 crum
241 2903 454 2954 magicum,
493 2918 572 2955 quo
616 2905 664 2941 ab
701 2917 836 2943 amore
875 2917 915 2942 se
946 2904 1139 2953 solveret,
1177 2910 1410 2956 paraverat,
1452 2903 1598 2945 474—
