1779 3420
80 248 183 294 292
410 240 865 293 P.'V1RG1L11
903 239 1271 290 MARONIS

79 365 400 428 Palladium,
441 366 603 416 caesis
625 382 867 415 summae
892 365 1203 416 custodibus
1225 365 1370 429 arc'iS,

81 437 417 503 Conripuere
440 452 641 485 sacram
667 434 933 500 effigiem,
985 436 1342 502 manibusque
1371 434 1603 484 cruentis

79 507 354 571 Virgineas
381 507 490 555 ausi
516 506 667 554 divae
694 506 1006 570 contingere
1035 507 1217 556 vittas:

78 579 153 626 Ex
172 575 264 625 illo
288 575 462 626 fluere
487 593 544 625 ac
564 584 710 623 retro
733 576 978 640 sublapsa
1003 574 1194 624 referri

81 649 217 713 Spes
237 649 498 709 Danaum,
523 643 719 694 fractae
740 646 894 706 vireS‚
930 660 1109 693 aversa
1135 643 1267 693 deae
1286 658 1456 693 mens.
1499 647 1600 692 170

78 720 188 766 Nec
207 715 382 765 dubiis
408 732 468 764 ea
487 715 633 778 signa
659 713 809 763 dedit
828 714 1070 763 Tritonia
1091 713 1357 763 monstris.

76 787 174 837 Vix
194 786 431 851 positum
469 785 645 833 castris
664 783 1031 835 simulacrum:
1070 800 1245 833 arsere
1275 796 1525 831 coruscae

77 855 394 905 Luminibus
416 853 668 903 {lammae
696 853 944 916 adrectis,
983 852 1255 920 salsusque
1278 868 1377 918 per
1401 859 1540 900 artus

172 994 239 1030 168
263 994 522 1040 virgirzeasque
542 992 597 1026 ed.
614 993 701 1026 Dan.
725 992 847 1026 Heius.
881 992 989 1028 divas
1007 995 1145 1038 Menag.
1170 993 1231 1026 alt.
1281 1000 1369 1026 sunt
1388 990 1497 1024 divae
1515 990 1600 1022 ausi

77 1041 166 1074 Ven.
189 1048 224 1073 et
241 1041 402 1073 Parrhas.
500 1041 566 1075 169
593 1049 693 1073 retro
711 1053 754 1073 ac
773 1052 801 1073 s.
821 1041 961 1085 Menag.
1010 1050 1046 1074 ec
1075 1050 1177 1074 retro
1195 1040 1264 1073 duo
1287 1041 1401 1071 Burm.
1451 1035 1599 1069 sublata

76 1088 201 1120 Hamb.
220 1099 274 1131 pr.
295 1093 331 1119 et
348 1098 413 1132 pro
431 1086 501 1119 div.
522 1087 604 1119 lect.
621 1086 767 1128 Zulich„
803 1086 866 1119 sed
882 1088 1037 1121 vindieat
1056 1088 1232 1132 vulgatam
1265 1086 1401 1120 Nonius
1416 1083 1451 1116 in
1470 1084 1599 1128 fluere

77 1141 112 1166 et
130 1134 301 1179 repetitus
322 1133 415 1166 idem
434 1145 554 1166 versus
577 1134 708 1176 Georg.
727 1135 751 1174 l,
776 1135 858 1176 200,
883 1135 942 1167 ubi
962 1146 1026 1179 pro
1039 1136 1177 1180 fluere,
1203 1146 1322 1166 ruere.
1371 1135 1482 1171 Sane,
1507 1141 1597 1173 quae

75 1188 172 1214 retro
201 1180 387 1222 labuntur,
422 1188 538 1213 ruunt
564 1180 711 1225 proprio
742 1192 833 1221 voe„
866 1182 929 1214 sed
949 1183 1075 1225 fluere
1099 1180 1302 1225 exquisitius
1326 1191 1392 1224 pro
1419 1178 1487 1211 hoc
1517 1177 1595 1220 ipso

76 1240 195 1260 ruere.
243 1228 319 1260 Hoc
338 1233 457 1259 tamen
477 1226 556 1259 loco
580 1234 686 1271 poeta
706 1238 776 1259 non
797 1227 841 1259 de
857 1235 978 1261 monte
1000 1228 1063 1260 sed
1085 1228 1129 1260 de
1150 1226 1289 1260 ssumiue
1307 1225 1452 1271 petiisse
1472 1223 1596 1256 notio-

76 1286 153 1306 nem
174 1273 285 1307 videri
304 1279 437 1318 potest.
534 1275 600 1308 170
625 1274 785 1306 adversa
804 1274 893 1307 Gud.
914 1287 988 1307 cum
1012 1273 1166 1319 quinque
1192 1274 1282 1314 aliis,
1308 1271 1459 1305 sollenni
1478 1270 1595 1303 varie-

77 1328 158 1353 tate.
233 1321 299 1355 173
325 1320 487 1366 arreptis
505 1320 650 1360 Zulieh.,
673 1319 819 1360 vitiose3
859 1320 952 1353 idem
964 1320 1195 1367 frementem.
1245 1322 1354 1352 Porro
1385 1317 1595 1363 expectabat

74 1368 168 1400 forte
188 1366 314 1412 aliquis
328 1379 496 1413 parmam
516 1366 655 1399 vibrans
673 1367 889 1412 hastamque
910 1376 957 1400 tr.
977 1374 1037 1401 aut
1056 1368 1170 1401 simile
1190 1367 1274 1412 quid
1305 1366 1423 1411 paullo
1452 1364 1592 1396 fortius.

74 1414 145 1447 Sed
168 1413 286 1446 sobrie
309 1426 348 1446 ac
365 1413 542 1457 pudenter
562 1421 669 1457 poeta
691 1414 727 1446 in
748 1414 811 1447 tali
828 1414 1024 1462 τερατείᾳς
1066 1415 1187 1448 maluit
1204 1414 1233 1447 is
1254 1414 1341 1446 deae
1360 1413 1507 1445 formam
1528 1412 1594 1443 de-

75 1460 210 1493 clarare
223 1486 232 1501 ,
258 1466 294 1492 et
315 1460 399 1493 satis
419 1460 543 1493 habuit
562 1468 772 1493 trementem
791 1461 921 1494 addere
934 1488 943 1502 ‚
978 1462 1066 1494 deae
1099 1462 1198 1505 signo
1218 1474 1237 1494 a
1262 1468 1356 1493 terra
1375 1458 1594 1499 subsiliente,

74 1513 248 1552 tamquam
268 1519 351 1552 prae
367 1506 431 1540 ira.
480 1507 598 1552 (Quod
618 1506 652 1539 iu
676 1507 797 1541 Servio
817 1508 861 1541 ad
882 1509 947 1544 173
966 1515 1040 1550 est3
1080 1509 1195 1542 sudor
1214 1508 1357 1541 salsus:
1399 1507 1499 1548 „Hoc
1528 1517 1593 1538 au—

74 1624 192 1675 ligas‚
222 1630 333 1663 vetat
354 1623 561 1676 epitheton
580 1627 800 1676 virgineas,

75 1681 185 1732 quod
226 1682 278 1719 ad
324 1683 448 1734 ipsam
479 1683 593 1720 deam
632 1689 799 1735 spectat.

77 1742 169 1780 169.
195 1741 290 1780 170.
316 1740 481 1790 ornate,
505 1747 551 1778 ut
569 1741 648 1778 iam
660 1742 802 1792 Georg.

75 1796 112 1845 l,
143 1799 238 1838 200.
298 1797 359 1834 Ex
397 1797 465 1835 illo
495 1804 675 1850 tempore
714 1811 802 1849 spes

73 1853 178 1891 bona
214 1853 462 1892 Achivorum
498 1856 640 1894 Troiae
670 1869 800 1908 expu—

73 1911 255 1962 gnandae
296 1912 474 1950 evanuit.
530 1915 680 1964 fluere,
722 1913 799 1951 dis-

73 1969 219 2017 ssuere,
261 1968 395 2007 dilabi.
467 1979 566 2008 retro
608 1971 802 2021 sublapsa

73 2026 210 2077 resset-ri
229 2041 302 2078 pro
325 2027 524 2079 pedestri,
560 2034 670 2066 reiro
695 2028 800 2076 ferri,

73 2083 174 2132 labi,
226 2085 274 2121 de
311 2085 435 2133 mole,
477 2086 646 2135 quaein
677 2086 802 2123 altum

73 2147 161 2179 erat
186 2148 345 2191 evecta3
376 2141 449 2180 etsi
468 2143 585 2180 etiam
609 2143 658 2180 de
683 2144 802 2181 navi-

72 2199 136 2249 gio
158 2205 300 2237 contra
321 2200 472 2238 flumen
498 2201 710 2239 adversum
733 2201 799 2239 ni—

73 2261 197 2305 tente,
229 2271 323 2295 mox
343 2272 539 2308 aquarum
561 2259 601 2297 vi
620 2259 800 2311 abrepto,

73 2313 151 2350 dici
184 2321 328 2364 potest.
362 2314 591 2367 (sedfluere
615 2330 713 2354 num
731 2329 801 2354 re-

75 2376 137 2407 cte
178 2371 335 2410 dicetur
367 2374 596 2423 navigium?
655 2374 802 2412 Parum

74 2428 292 2478 probabilis
326 2430 577 2468 Wakefieldii
606 2432 708 2469 ratio
752 2431 803 2468 ad

74 2486 189 2522 Lucr.
221 2486 247 2533 l,
285 2489 418 2528 1038:
456 2488 708 2535 „Translatio
742 2494 801 2526 est

72 2554 122 2579 ex
164 2543 248 2580 saxi
289 2544 502 2594 fragmine,
546 2546 655 2595 quod
682 2552 800 2583 vetu-

73 2606 153 2636 stas
186 2600 362 2649 subruit,
396 2603 478 2649 vel,
517 2603 633 2639 ruina
670 2603 802 2652 quali-

75 2657 163 2704 bet,
211 2657 468 2697 ‹lc‹·id‹=nte.“
509 2661 627 2711 llf'r.)
688 2660 800 2697 Prius

75 2714 234 2763 quidem
251 2715 349 2753 illud
370 2716 551 2753 firmatur
572 2730 645 2753 usu
666 2716 801 2754 Hora-

74 2771 118 2808 tii
152 2772 209 2818 lli,
247 2775 320 2820 10,
363 2776 387 2813 9
430 2789 476 2809 ne
505 2782 678 2810 currente
711 2783 797 2811 rosa

61 2830 184 2878 simis·
202 2838 264 2865 eat
277 2838 374 2866 retro
388 2845 405 2878 ‚·
428 2837 467 2868 et
480 2830 691 2868 Homerica
711 2832 796 2869 sor-

73 2886 179 2923 mula
210 2885 386 2938 πολέμου
414 2893 556 2941 πεῖραρ
578 2885 795 2938 ἔπαλλᾶξαι

72 2943 140 2983 καὶ
161 2939 346 2985 mardeau:
369 2959 406 2983 v.
426 2946 540 2984 Obss.
559 2945 609 2984 ad
623 2946 734 2985 Iliad.
759 2950 794 2997 λ,

863 1628 959 1670 336.
989 1642 1035 1676 ν,
1073 1626 1170 1670 359.
1230 1627 1416 1664 Ceterum
1447 1638 1498 1662 ex
1530 1623 1592 1661 his

860 1685 1009 1723 inferre
1025 1684 1175 1733 liceret,
1206 1698 1289 1722 non
1309 1686 1428 1720 mlius
1451 1681 1497 1720 ob
1515 1696 1590 1718 no—

861 1757 959 1779 xam
987 1743 1132 1780 Aiacis
1164 1742 1270 1779 Oilei
1298 1755 1383 1793 sup.
1418 1740 1468 1780 41
1496 1753 1589 1777 SUC-

861 1800 1057 1838 censuisse
1068 1799 1290 1837 Minervam
1303 1798 1478 1836 Achivis.
1509 1797 1589 1835 Ve-

859 1872 949 1896 rum
970 1856 1048 1895 hoc
1067 1864 1166 1895 esset
1195 1857 1373 1907 argutari
1396 1856 1437 1894 in
1459 1861 1588 1907 poeta.

922 1918 999 1957 171
1023 1938 1071 1943 —-
1100 1915 1190 1956 175.
1241 1915 1355 1952 Unde
1408 1915 1589 1951 Tritonia

858 1972 985 2010 Pallas
1026 1972 1132 2009 dicta
1182 1972 1254 2021 sit,
1315 1973 1394 2010 iam
1432 1976 1589 2010 veteres

858 2030 1108 2080 ignorarunt.
1177 2031 1207 2068 E
1242 2030 1448 2082 pluribus,
1487 2040 1588 2079 quae

859 2094 1138 2125 memorantur
1157 2117 1168 2136 ,
1219 2101 1365 2126 caussis
1413 2099 1587 2125 maxime

858 2145 1076 2197 probabilis
1089 2151 1159 2195 est,
1177 2146 1285 2196 quod
1299 2159 1318 2182 a
1333 2142 1464 2195 τριτεὸ,
1478 2143 1587 2195 quod

856 2202 1045 2241 Aeolibus
1066 2209 1187 2255 caput
1210 2210 1286 2251 est,
1319 2203 1370 2240 sit
1388 2202 1586 2254 appellata

863 2260 1138 2314 Τριτογένεια,
1182 2262 1306 2313 capite
1339 2261 1445 2299 Iovis
1480 2265 1585 2297 nata.

860 2317 935 2356 Alii
956 2318 1076 2356 modo
1097 2319 1145 2355 ab
1169 2332 1295 2367 amne,
1327 2318 1447 2356 modo
1469 2332 1489 2355 a
1511 2331 1585 2369 pa—

860 2376 955 2413 lude
984 2389 1053 2414 seu
1075 2376 1245 2428 Libyae,
1287 2390 1355 2414 seu
1381 2375 1581 2422 Boeotiae,

860 2446 929 2470 seu
968 2433 1214 2483 Thessaliae,
1276 2446 1344 2472 seu
1386 2432 1585 2484 Argolidis

861 2490 1029 2528 ductum
1090 2504 1235 2528 nomen
1292 2504 1374 2528 esse
1429 2491 1582 2530 volunt.

860 2556 1034 2584 monstra
1063 2547 1102 2585 h.
1124 2548 1147 2586 l.
1171 2555 1337 2588 ostenta.
1373 2546 1437 2600 (ea
1463 2550 1583 2597 signa

859 2605 990 2641 dedit:
1034 2604 1075 2641 id
1114 2606 1371 2656 signiticavit5
1418 2605 1499 2643 vid.
1532 2606 1582 2651 Q.

858 2661 905 2699 V.
928 2662 1097 2709 XV11‚2‚
1118 2663 1157 2700 b.
1178 2662 1294 2714 lVr.)
1318 2685 1372 2690 -—
1405 2665 1484 2702 172
1513 2677 1581 2699 αν-

857 2733 938 2755 sere
981 2734 1165 2756 coruscae
1204 2719 1419 2757 luminibus·
1445 2721 1581 2769 flam-

856 2789 947 2812 mae
969 2778 1145 2824 arrectas,
1182 2784 1334 2826 ornate,
1367 2777 1472 2814 oculi
1491 2777 1579 2815 Pal—

854 2833 949 2870 ladii
971 2846 1152 2871 exarsere
1176 2835 1254 2883 ira3
1294 2837 1449 2872 lumina
1471 2849 1580 2872 arre—

854 2899 919 2927 cta
946 2891 1182 2941 exquisitius
1207 2907 1327 2943 quam
1349 2899 1505 2941 erecta3
1535 2898 1582 2930 ut

852 2961 1007 3000 semper
1027 2955 1169 3001 poeta,
1201 2965 1239 2989 v.
1264 2965 1296 2989 c.
1321 2965 1361 2990 v.
1382 2952 1477 2999 206,
1501 2950 1579 2986 eri-
