<?xml version="1.0" encoding="UTF-8"?>
<!DOCTYPE html PUBLIC "-//W3C//DTD XHTML 1.0 Transitional//EN"
    "http://www.w3.org/TR/xhtml1/DTD/xhtml1-transitional.dtd">
<html xmlns="http://www.w3.org/1999/xhtml" xml:lang="en" lang="en">
 <head>
  <title>
</title>
<meta http-equiv="Content-Type" content="text/html;charset=utf-8" />
  <meta name='ocr-system' content='tesseract 3.04.00' />
  <meta name='ocr-capabilities' content='ocr_page ocr_carea ocr_par ocr_line ocrx_word'/>
</head>
<body>
  <div class='ocr_page' id='page_1' title='image "./publiusvirgilius02virguoft_0908.png"; bbox 0 0 1779 3420; ppageno 0'>
   <div class='ocr_carea' id='block_1_1' title="bbox 81 202 1267 263">
    <p class='ocr_par' dir='ltr' id='par_1_1' title="bbox 81 202 1267 263">
     <span class='ocr_line' id='line_1_1' title="bbox 81 202 1267 263; baseline -0.008 -1"><span class='ocrx_word' id='word_1_1' title='bbox 81 215 183 263; x_wconf 88' lang='lat'>900</span> <span class='ocrx_word' id='word_1_2' title='bbox 415 209 469 258; x_wconf 90' lang='lat' dir='ltr'>P.</span> <span class='ocrx_word' id='word_1_3' title='bbox 507 205 861 259; x_wconf 88' lang='lat' dir='ltr'>VIRGILII</span> <span class='ocrx_word' id='word_1_4' title='bbox 898 202 1267 254; x_wconf 81' lang='lat' dir='ltr'><strong>MARONIS</strong></span> 
     </span>
    </p>
   </div>
   <div class='ocr_carea' id='block_1_2' title="bbox 82 329 1612 1241">
    <p class='ocr_par' dir='ltr' id='par_1_2' title="bbox 82 329 1342 402">
     <span class='ocr_line' id='line_1_2' title="bbox 82 329 1342 402; baseline -0.008 -14"><span class='ocrx_word' id='word_1_5' title='bbox 82 341 194 389; x_wconf 89' lang='lat' dir='ltr'>Nec</span> <span class='ocrx_word' id='word_1_6' title='bbox 215 336 356 402; x_wconf 84' lang='lat' dir='ltr'>ripas</span> <span class='ocrx_word' id='word_1_7' title='bbox 379 333 534 384; x_wconf 90' lang='lat' dir='ltr'>datur</span> <span class='ocrx_word' id='word_1_8' title='bbox 558 331 859 382; x_wconf 87' lang='lat' dir='ltr'>horrendas</span> <span class='ocrx_word' id='word_1_9' title='bbox 890 340 942 380; x_wconf 84' lang='lat' dir='ltr'>et</span> <span class='ocrx_word' id='word_1_10' title='bbox 963 347 1119 380; x_wconf 87' lang='lat' dir='ltr'>rauca</span> <span class='ocrx_word' id='word_1_11' title='bbox 1141 329 1342 380; x_wconf 88' lang='lat' dir='ltr'>fluenta</span> 
     </span>
    </p>

    <p class='ocr_par' dir='ltr' id='par_1_3' title="bbox 84 400 1542 472">
     <span class='ocr_line' id='line_1_3' title="bbox 84 400 1542 472; baseline -0.005 -15"><span class='ocrx_word' id='word_1_12' title='bbox 84 411 473 472; x_wconf 82' lang='lat' dir='ltr'>Transportare</span> <span class='ocrx_word' id='word_1_13' title='bbox 494 404 658 470; x_wconf 84' lang='lat' dir='ltr'>prius,</span> <span class='ocrx_word' id='word_1_14' title='bbox 699 419 857 468; x_wconf 83' lang='lat' dir='ltr'>quarn</span> <span class='ocrx_word' id='word_1_15' title='bbox 887 401 1105 450; x_wconf 86' lang='lat' dir='ltr'>sedibus</span> <span class='ocrx_word' id='word_1_16' title='bbox 1136 418 1252 450; x_wconf 84' lang='lat' dir='ltr'>ossa</span> <span class='ocrx_word' id='word_1_17' title='bbox 1276 400 1542 466; x_wconf 88' lang='lat' dir='ltr'>quierunt.</span> 
     </span>
    </p>

    <p class='ocr_par' dir='ltr' id='par_1_4' title="bbox 85 469 1612 591">
     <span class='ocr_line' id='line_1_4' title="bbox 85 469 1612 537; baseline -0.007 -9"><span class='ocrx_word' id='word_1_18' title='bbox 85 479 320 529; x_wconf 83' lang='lat' dir='ltr'><strong>Centum</strong></span> <span class='ocrx_word' id='word_1_19' title='bbox 381 483 559 525; x_wconf 86' lang='lat' dir='ltr'>errant</span> <span class='ocrx_word' id='word_1_20' title='bbox 614 489 807 535; x_wconf 81' lang='lat' dir='ltr'>annOS,</span> <span class='ocrx_word' id='word_1_21' title='bbox 883 471 1219 537; x_wconf 82' lang='lat' dir='ltr'>volitantque</span> <span class='ocrx_word' id='word_1_22' title='bbox 1273 470 1406 519; x_wconf 85' lang='lat' dir='ltr'>haec</span> <span class='ocrx_word' id='word_1_23' title='bbox 1459 469 1612 518; x_wconf 88' lang='lat' dir='ltr'>litora</span> 
     </span>
     <span class='ocr_line' id='line_1_5' title="bbox 876 558 1102 591; baseline 0.009 -2"><span class='ocrx_word' id='word_1_24' title='bbox 876 558 1102 591; x_wconf 80' lang='lat' dir='ltr'>circum:</span> 
     </span>
    </p>

    <p class='ocr_par' dir='ltr' id='par_1_5' title="bbox 86 610 1612 676">
     <span class='ocr_line' id='line_1_6' title="bbox 86 610 1612 676; baseline -0.005 -9"><span class='ocrx_word' id='word_1_25' title='bbox 86 620 228 666; x_wconf 87' lang='lat' dir='ltr'>Tum</span> <span class='ocrx_word' id='word_1_26' title='bbox 255 616 480 665; x_wconf 88' lang='lat' dir='ltr'>demum</span> <span class='ocrx_word' id='word_1_27' title='bbox 508 612 724 662; x_wconf 81' lang='lat' dir='ltr'>admissi</span> <span class='ocrx_word' id='word_1_28' title='bbox 751 620 932 675; x_wconf 81' lang='lat' dir='ltr'>stagna</span> <span class='ocrx_word' id='word_1_29' title='bbox 957 619 1200 676; x_wconf 83' lang='lat' dir='ltr'>exoptata</span> <span class='ocrx_word' id='word_1_30' title='bbox 1222 610 1472 660; x_wconf 84' lang='lat' dir='ltr'>revisunt.</span> <span class='ocrx_word' id='word_1_31' title='bbox 1509 614 1612 660; x_wconf 84' lang='lat'>330</span> 
     </span>
    </p>

    <p class='ocr_par' dir='ltr' id='par_1_6' title="bbox 87 680 1331 746">
     <span class='ocr_line' id='line_1_7' title="bbox 87 680 1331 746; baseline -0.009 -8"><span class='ocrx_word' id='word_1_32' title='bbox 87 686 336 738; x_wconf 83' lang='lat' dir='ltr'>Constitit</span> <span class='ocrx_word' id='word_1_33' title='bbox 355 684 582 736; x_wconf 83' lang='lat' dir='ltr'>Anchisa</span> <span class='ocrx_word' id='word_1_34' title='bbox 606 690 771 745; x_wconf 80' lang='lat' dir='ltr'>satus,</span> <span class='ocrx_word' id='word_1_35' title='bbox 812 689 864 730; x_wconf 84' lang='lat' dir='ltr'>et</span> <span class='ocrx_word' id='word_1_36' title='bbox 883 680 1095 744; x_wconf 82' lang='lat' dir='ltr'>vestigia</span> <span class='ocrx_word' id='word_1_37' title='bbox 1115 680 1331 746; x_wconf 81' lang='lat' dir='ltr'>pressit3</span> 
     </span>
    </p>

    <p class='ocr_par' dir='ltr' id='par_1_7' title="bbox 83 747 1609 887">
     <span class='ocr_line' id='line_1_8' title="bbox 83 747 1609 822; baseline -0.008 -15"><span class='ocrx_word' id='word_1_38' title='bbox 83 757 250 809; x_wconf 84' lang='lat' dir='ltr'>Multa</span> <span class='ocrx_word' id='word_1_39' title='bbox 304 765 522 822; x_wconf 79' lang='lat' dir='ltr'>putanS,</span> <span class='ocrx_word' id='word_1_40' title='bbox 575 761 890 818; x_wconf 80' lang='lat' dir='ltr'>sortemque</span> <span class='ocrx_word' id='word_1_41' title='bbox 940 751 1119 799; x_wconf 85' lang='lat' dir='ltr'>animo</span> <span class='ocrx_word' id='word_1_42' title='bbox 1180 750 1458 799; x_wconf 81' lang='lat' dir='ltr'>miseratus</span> <span class='ocrx_word' id='word_1_43' title='bbox 1515 747 1609 795; x_wconf 83' lang='lat' dir='ltr'>ini-</span> 
     </span>
     <span class='ocr_line' id='line_1_9' title="bbox 880 838 1054 887; baseline 0.017 -19"><span class='ocrx_word' id='word_1_44' title='bbox 880 838 1054 887; x_wconf 84' lang='lat' dir='ltr'>quam.</span> 
     </span>
    </p>

    <p class='ocr_par' dir='ltr' id='par_1_8' title="bbox 86 889 1471 948">
     <span class='ocr_line' id='line_1_10' title="bbox 86 889 1471 948; baseline -0.007 -2"><span class='ocrx_word' id='word_1_45' title='bbox 86 896 271 948; x_wconf 82' lang='lat' dir='ltr'>Cernit</span> <span class='ocrx_word' id='word_1_46' title='bbox 306 894 379 943; x_wconf 86' lang='lat' dir='ltr'>ibi</span> <span class='ocrx_word' id='word_1_47' title='bbox 410 902 643 942; x_wconf 86' lang='lat' dir='ltr'>maestos</span> <span class='ocrx_word' id='word_1_48' title='bbox 680 901 732 942; x_wconf 84' lang='lat' dir='ltr'>et</span> <span class='ocrx_word' id='word_1_49' title='bbox 762 892 950 940; x_wconf 86' lang='lat' dir='ltr'>mortis</span> <span class='ocrx_word' id='word_1_50' title='bbox 980 891 1194 940; x_wconf 86' lang='lat' dir='ltr'>honore</span> <span class='ocrx_word' id='word_1_51' title='bbox 1230 889 1471 948; x_wconf 82' lang='lat' dir='ltr'>carentis,</span> 
     </span>
    </p>

    <p class='ocr_par' dir='ltr' id='par_1_9' title="bbox 84 961 1542 1031">
     <span class='ocr_line' id='line_1_11' title="bbox 84 961 1542 1031; baseline -0.005 -16"><span class='ocrx_word' id='word_1_52' title='bbox 84 965 425 1031; x_wconf 70' lang='lat' dir='ltr'>Leucaspim,</span> <span class='ocrx_word' id='word_1_53' title='bbox 470 973 522 1013; x_wconf 82' lang='lat' dir='ltr'>et</span> <span class='ocrx_word' id='word_1_54' title='bbox 542 962 728 1027; x_wconf 86' lang='lat' dir='ltr'>Lyciae</span> <span class='ocrx_word' id='word_1_55' title='bbox 754 962 1038 1012; x_wconf 85' lang='lat' dir='ltr'>ductorem</span> <span class='ocrx_word' id='word_1_56' title='bbox 1071 961 1241 1011; x_wconf 85' lang='lat' dir='ltr'>elassis</span> <span class='ocrx_word' id='word_1_57' title='bbox 1268 961 1542 1010; x_wconf 76' lang='lat' dir='ltr'>Oronten:</span> 
     </span>
    </p>

    <p class='ocr_par' dir='ltr' id='par_1_10' title="bbox 88 1033 1612 1166">
     <span class='ocr_line' id='line_1_12' title="bbox 88 1033 1612 1100; baseline -0.007 -16"><span class='ocrx_word' id='word_1_58' title='bbox 88 1041 236 1100; x_wconf 82' lang='lat' dir='ltr'>Quos</span> <span class='ocrx_word' id='word_1_59' title='bbox 293 1034 477 1098; x_wconf 88' lang='lat' dir='ltr'>simul,</span> <span class='ocrx_word' id='word_1_60' title='bbox 538 1052 563 1083; x_wconf 90' lang='lat' dir='ltr'>a</span> <span class='ocrx_word' id='word_1_61' title='bbox 616 1033 777 1083; x_wconf 83' lang='lat' dir='ltr'>Troia</span> <span class='ocrx_word' id='word_1_62' title='bbox 827 1041 1042 1082; x_wconf 87' lang='lat' dir='ltr'>ventosa</span> <span class='ocrx_word' id='word_1_63' title='bbox 1090 1049 1189 1098; x_wconf 85' lang='lat' dir='ltr'>per</span> <span class='ocrx_word' id='word_1_64' title='bbox 1237 1046 1471 1096; x_wconf 83' lang='lat' dir='ltr'>aequora</span> <span class='ocrx_word' id='word_1_65' title='bbox 1520 1042 1612 1075; x_wconf 84' lang='lat' dir='ltr'>ve-</span> 
     </span>
     <span class='ocr_line' id='line_1_13' title="bbox 879 1101 1611 1166; baseline -0.005 -14"><span class='ocrx_word' id='word_1_66' title='bbox 879 1112 1006 1166; x_wconf 88' lang='lat' dir='ltr'>ctos,</span> <span class='ocrx_word' id='word_1_67' title='bbox 1509 1101 1611 1150; x_wconf 81' lang='lat'>335</span> 
     </span>
    </p>

    <p class='ocr_par' dir='ltr' id='par_1_11' title="bbox 87 1170 1610 1241">
     <span class='ocr_line' id='line_1_14' title="bbox 87 1170 1610 1241; baseline -0.005 -15"><span class='ocrx_word' id='word_1_68' title='bbox 87 1175 285 1227; x_wconf 83' lang='lat' dir='ltr'>Obruit</span> <span class='ocrx_word' id='word_1_69' title='bbox 309 1182 511 1237; x_wconf 85' lang='lat' dir='ltr'>auster,</span> <span class='ocrx_word' id='word_1_70' title='bbox 552 1191 687 1241; x_wconf 87' lang='lat' dir='ltr'>aqua</span> <span class='ocrx_word' id='word_1_71' title='bbox 712 1174 990 1223; x_wconf 86' lang='lat' dir='ltr'>involvens</span> <span class='ocrx_word' id='word_1_72' title='bbox 1022 1187 1324 1237; x_wconf 87' lang='lat' dir='ltr'>navemque</span> <span class='ocrx_word' id='word_1_73' title='bbox 1347 1170 1610 1235; x_wconf 82' lang='lat' dir='ltr'>virosque.</span> 
     </span>
    </p>
   </div>
   <div class='ocr_carea' id='block_1_3' title="bbox 84 1286 1615 2138">
    <p class='ocr_par' dir='ltr' id='par_1_12' title="bbox 84 1286 1615 2138">
     <span class='ocr_line' id='line_1_15' title="bbox 176 1286 1612 1339; baseline -0.007 -11"><span class='ocrx_word' id='word_1_74' title='bbox 176 1292 247 1328; x_wconf 70' lang='grc'>327</span> <span class='ocrx_word' id='word_1_75' title='bbox 272 1292 359 1326; x_wconf 81' lang='lat' dir='ltr'>Non</span> <span class='ocrx_word' id='word_1_76' title='bbox 382 1294 485 1339; x_wconf 75' lang='lat' dir='ltr'>ripas</span> <span class='ocrx_word' id='word_1_77' title='bbox 517 1292 633 1336; x_wconf 81' lang='lat' dir='ltr'>Bigot.</span> <span class='ocrx_word' id='word_1_78' title='bbox 678 1300 715 1326; x_wconf 76' lang='lat' dir='ltr'>et</span> <span class='ocrx_word' id='word_1_79' title='bbox 733 1305 847 1325; x_wconf 78' lang='lat' dir='ltr'>rauca</span> <span class='ocrx_word' id='word_1_80' title='bbox 868 1292 989 1325; x_wconf 83' lang='lat' dir='ltr'>Heius.</span> <span class='ocrx_word' id='word_1_81' title='bbox 1012 1304 1030 1324; x_wconf 87' lang='lat' dir='ltr'>e</span> <span class='ocrx_word' id='word_1_82' title='bbox 1050 1289 1219 1324; x_wconf 85' lang='lat' dir='ltr'>Pierianis</span> <span class='ocrx_word' id='word_1_83' title='bbox 1242 1294 1277 1320; x_wconf 84' lang='lat' dir='ltr'>et</span> <span class='ocrx_word' id='word_1_84' title='bbox 1302 1287 1389 1328; x_wconf 71' lang='lat' dir='ltr'>suis,</span> <span class='ocrx_word' id='word_1_85' title='bbox 1416 1294 1449 1320; x_wconf 82' lang='lat' dir='ltr'>et</span> <span class='ocrx_word' id='word_1_86' title='bbox 1468 1286 1518 1320; x_wconf 86' lang='lat' dir='ltr'>sic</span> <span class='ocrx_word' id='word_1_87' title='bbox 1537 1298 1612 1319; x_wconf 84' lang='lat' dir='ltr'>mos</span> 
     </span>
     <span class='ocr_line' id='line_1_16' title="bbox 85 1335 1613 1385; baseline -0.005 -12"><span class='ocrx_word' id='word_1_88' title='bbox 85 1346 139 1373; x_wconf 81' lang='lat' dir='ltr'>est</span> <span class='ocrx_word' id='word_1_89' title='bbox 160 1345 308 1385; x_wconf 87' lang='lat' dir='ltr'>poetae:</span> <span class='ocrx_word' id='word_1_90' title='bbox 335 1347 529 1383; x_wconf 73' lang='lat' dir='ltr'>nec—et,</span> <span class='ocrx_word' id='word_1_91' title='bbox 563 1353 596 1373; x_wconf 87' lang='lat' dir='ltr'><strong>v.</strong></span> <span class='ocrx_word' id='word_1_92' title='bbox 627 1353 654 1373; x_wconf 89' lang='lat' dir='ltr'><strong>c.</strong></span> <span class='ocrx_word' id='word_1_93' title='bbox 688 1340 749 1372; x_wconf 84' lang='lat' dir='ltr'>ins.</span> <span class='ocrx_word' id='word_1_94' title='bbox 781 1341 846 1382; x_wconf 89' lang='lat' dir='ltr'>XI,</span> <span class='ocrx_word' id='word_1_95' title='bbox 875 1341 950 1375; x_wconf 83' lang='lat'><strong>137.</strong></span> <span class='ocrx_word' id='word_1_96' title='bbox 1001 1340 1096 1383; x_wconf 76' lang='lat' dir='ltr'>(Non</span> <span class='ocrx_word' id='word_1_97' title='bbox 1124 1337 1215 1382; x_wconf 87' lang='lat' dir='ltr'>apud</span> <span class='ocrx_word' id='word_1_98' title='bbox 1244 1342 1370 1380; x_wconf 85' lang='lat' dir='ltr'>poetas</span> <span class='ocrx_word' id='word_1_99' title='bbox 1393 1335 1524 1375; x_wconf 85' lang='lat' dir='ltr'>solum,</span> <span class='ocrx_word' id='word_1_100' title='bbox 1550 1335 1613 1367; x_wconf 79' lang='lat' dir='ltr'>sed</span> 
     </span>
     <span class='ocr_line' id='line_1_17' title="bbox 86 1383 1612 1431; baseline -0.003 -12"><span class='ocrx_word' id='word_1_101' title='bbox 86 1387 189 1420; x_wconf 78' lang='lat' dir='ltr'>etiam</span> <span class='ocrx_word' id='word_1_102' title='bbox 211 1388 245 1419; x_wconf 90' lang='lat' dir='ltr'>in</span> <span class='ocrx_word' id='word_1_103' title='bbox 274 1386 433 1431; x_wconf 83' lang='lat' dir='ltr'>pedestri</span> <span class='ocrx_word' id='word_1_104' title='bbox 462 1399 624 1420; x_wconf 84' lang='lat' dir='ltr'>sermone</span> <span class='ocrx_word' id='word_1_105' title='bbox 655 1387 833 1420; x_wconf 84' lang='lat' dir='ltr'>interdum</span> <span class='ocrx_word' id='word_1_106' title='bbox 864 1387 931 1420; x_wconf 85' lang='lat' dir='ltr'>sibi</span> <span class='ocrx_word' id='word_1_107' title='bbox 962 1386 1179 1430; x_wconf 83' lang='lat' dir='ltr'>respondent</span> <span class='ocrx_word' id='word_1_108' title='bbox 1208 1383 1403 1428; x_wconf 80' lang='lat' dir='ltr'>particulae</span> <span class='ocrx_word' id='word_1_109' title='bbox 1432 1390 1612 1414; x_wconf 79' lang='lat' dir='ltr'>nec—-et.</span> 
     </span>
     <span class='ocr_line' id='line_1_18' title="bbox 84 1429 1613 1478; baseline -0.004 -10"><span class='ocrx_word' id='word_1_110' title='bbox 84 1435 154 1468; x_wconf 80' lang='lat' dir='ltr'>Sed</span> <span class='ocrx_word' id='word_1_111' title='bbox 175 1446 288 1478; x_wconf 84' lang='lat' dir='ltr'>neque</span> <span class='ocrx_word' id='word_1_112' title='bbox 308 1433 386 1473; x_wconf 78' lang='lat' dir='ltr'>hic,</span> <span class='ocrx_word' id='word_1_113' title='bbox 411 1446 476 1467; x_wconf 87' lang='lat' dir='ltr'>nec</span> <span class='ocrx_word' id='word_1_114' title='bbox 498 1435 609 1467; x_wconf 86' lang='lat' dir='ltr'>ceteri</span> <span class='ocrx_word' id='word_1_115' title='bbox 632 1434 701 1467; x_wconf 87' lang='lat' dir='ltr'>loci</span> <span class='ocrx_word' id='word_1_116' title='bbox 721 1435 764 1467; x_wconf 86' lang='lat' dir='ltr'>ab</span> <span class='ocrx_word' id='word_1_117' title='bbox 794 1434 941 1467; x_wconf 78' lang='lat' dir='ltr'>Heinsio</span> <span class='ocrx_word' id='word_1_118' title='bbox 974 1440 1010 1466; x_wconf 80' lang='lat' dir='ltr'>et</span> <span class='ocrx_word' id='word_1_119' title='bbox 1039 1432 1178 1477; x_wconf 85' lang='lat' dir='ltr'>Heynio</span> <span class='ocrx_word' id='word_1_120' title='bbox 1205 1430 1335 1464; x_wconf 79' lang='lat' dir='ltr'>laudati</span> <span class='ocrx_word' id='word_1_121' title='bbox 1360 1429 1519 1462; x_wconf 83' lang='lat' dir='ltr'>revocari</span> <span class='ocrx_word' id='word_1_122' title='bbox 1545 1429 1613 1462; x_wconf 87' lang='lat' dir='ltr'>hnc</span> 
     </span>
     <span class='ocr_line' id='line_1_19' title="bbox 84 1477 1613 1527; baseline -0.003 -13"><span class='ocrx_word' id='word_1_123' title='bbox 84 1488 252 1527; x_wconf 85' lang='lat' dir='ltr'>possunt,</span> <span class='ocrx_word' id='word_1_124' title='bbox 278 1480 409 1526; x_wconf 86' lang='lat' dir='ltr'>quippe</span> <span class='ocrx_word' id='word_1_125' title='bbox 432 1481 492 1513; x_wconf 88' lang='lat' dir='ltr'>ubi</span> <span class='ocrx_word' id='word_1_126' title='bbox 514 1495 580 1514; x_wconf 82' lang='lat' dir='ltr'>nec</span> <span class='ocrx_word' id='word_1_127' title='bbox 601 1482 644 1514; x_wconf 85' lang='lat' dir='ltr'>ad</span> <span class='ocrx_word' id='word_1_128' title='bbox 670 1482 825 1514; x_wconf 73' lang='lat' dir='ltr'>Verbum</span> <span class='ocrx_word' id='word_1_129' title='bbox 847 1488 1005 1526; x_wconf 82' lang='lat' dir='ltr'>spectet,</span> <span class='ocrx_word' id='word_1_130' title='bbox 1030 1489 1065 1513; x_wconf 70' lang='lat' dir='ltr'>et</span> <span class='ocrx_word' id='word_1_131' title='bbox 1086 1479 1310 1513; x_wconf 75' lang='lat' dir='ltr'>Substantiva</span> <span class='ocrx_word' id='word_1_132' title='bbox 1330 1477 1480 1522; x_wconf 86' lang='lat' dir='ltr'>copulet.</span> <span class='ocrx_word' id='word_1_133' title='bbox 1508 1478 1613 1519; x_wconf 80' lang='lat' dir='ltr'>Iunge</span> 
     </span>
     <span class='ocr_line' id='line_1_20' title="bbox 85 1526 1614 1573; baseline -0.004 -12"><span class='ocrx_word' id='word_1_134' title='bbox 85 1529 154 1562; x_wconf 86' lang='lat' dir='ltr'>sic:</span> <span class='ocrx_word' id='word_1_135' title='bbox 179 1530 255 1561; x_wconf 87' lang='lat' dir='ltr'>Nec</span> <span class='ocrx_word' id='word_1_136' title='bbox 274 1529 389 1568; x_wconf 82' lang='lat' dir='ltr'>datur,</span> <span class='ocrx_word' id='word_1_137' title='bbox 411 1529 505 1573; x_wconf 81' lang='lat' dir='ltr'>ripas</span> <span class='ocrx_word' id='word_1_138' title='bbox 534 1535 569 1561; x_wconf 89' lang='lat' dir='ltr'>et</span> <span class='ocrx_word' id='word_1_139' title='bbox 596 1529 728 1561; x_wconf 80' lang='lat' dir='ltr'>fluenta</span> <span class='ocrx_word' id='word_1_140' title='bbox 748 1535 1006 1572; x_wconf 81' lang='lat' dir='ltr'>transportare.</span> <span class='ocrx_word' id='word_1_141' title='bbox 1037 1528 1134 1570; x_wconf 78' lang='lat' dir='ltr'>Wr.)</span> <span class='ocrx_word' id='word_1_142' title='bbox 1232 1527 1300 1560; x_wconf 69' lang='grc'>328</span> <span class='ocrx_word' id='word_1_143' title='bbox 1327 1527 1387 1557; x_wconf 82' lang='lat' dir='ltr'>Tr.</span> <span class='ocrx_word' id='word_1_144' title='bbox 1406 1526 1485 1557; x_wconf 69' lang='lat' dir='ltr'>sais</span> <span class='ocrx_word' id='word_1_145' title='bbox 1507 1536 1614 1569; x_wconf 75' lang='lat' dir='ltr'>quam</span> 
     </span>
     <span class='ocr_line' id='line_1_21' title="bbox 86 1571 1611 1620; baseline -0.004 -11"><span class='ocrx_word' id='word_1_146' title='bbox 86 1589 113 1609; x_wconf 85' lang='lat' dir='ltr'>s.</span> <span class='ocrx_word' id='word_1_147' title='bbox 136 1576 235 1608; x_wconf 84' lang='lat' dir='ltr'>Leid.</span> <span class='ocrx_word' id='word_1_148' title='bbox 285 1577 446 1620; x_wconf 74' lang='lat' dir='ltr'>quierint</span> <span class='ocrx_word' id='word_1_149' title='bbox 469 1576 607 1620; x_wconf 78' lang='lat' dir='ltr'>aliquot</span> <span class='ocrx_word' id='word_1_150' title='bbox 632 1575 752 1608; x_wconf 85' lang='lat' dir='ltr'>Heins.</span> <span class='ocrx_word' id='word_1_151' title='bbox 782 1583 817 1608; x_wconf 89' lang='lat' dir='ltr'>et</span> <span class='ocrx_word' id='word_1_152' title='bbox 843 1576 934 1608; x_wconf 75' lang='lat' dir='ltr'>Pier.</span> <span class='ocrx_word' id='word_1_153' title='bbox 1031 1576 1099 1610; x_wconf 69' lang='grc'>329</span> <span class='ocrx_word' id='word_1_154' title='bbox 1132 1574 1326 1618; x_wconf 70' lang='lat' dir='ltr'>volitantq.</span> <span class='ocrx_word' id='word_1_155' title='bbox 1355 1584 1398 1605; x_wconf 82' lang='lat' dir='ltr'>ac</span> <span class='ocrx_word' id='word_1_156' title='bbox 1425 1572 1448 1603; x_wconf 92' lang='lat' dir='ltr'>l.</span> <span class='ocrx_word' id='word_1_157' title='bbox 1479 1571 1611 1604; x_wconf 67' lang='lat' dir='ltr'>Zuliah.</span> 
     </span>
     <span class='ocr_line' id='line_1_22' title="bbox 84 1619 1614 1667; baseline -0.006 -9"><span class='ocrx_word' id='word_1_158' title='bbox 84 1624 151 1658; x_wconf 82' lang='lat'>331</span> <span class='ocrx_word' id='word_1_159' title='bbox 173 1623 358 1656; x_wconf 75' lang='lat' dir='ltr'>Anchisae</span> <span class='ocrx_word' id='word_1_160' title='bbox 385 1635 412 1656; x_wconf 85' lang='lat' dir='ltr'><strong>S.</strong></span> <span class='ocrx_word' id='word_1_161' title='bbox 443 1623 570 1656; x_wconf 65' lang='lat' dir='ltr'>Medic.</span> <span class='ocrx_word' id='word_1_162' title='bbox 600 1636 618 1656; x_wconf 86' lang='lat' dir='ltr'>a</span> <span class='ocrx_word' id='word_1_163' title='bbox 648 1636 692 1655; x_wconf 87' lang='lat' dir='ltr'><strong>m.</strong></span> <span class='ocrx_word' id='word_1_164' title='bbox 724 1635 776 1667; x_wconf 87' lang='lat' dir='ltr'>pr.</span> <span class='ocrx_word' id='word_1_165' title='bbox 874 1623 944 1658; x_wconf 73' lang='grc'>332</span> <span class='ocrx_word' id='word_1_166' title='bbox 975 1624 1089 1655; x_wconf 80' lang='lat' dir='ltr'>(mimi</span> <span class='ocrx_word' id='word_1_167' title='bbox 1111 1634 1153 1654; x_wconf 88' lang='lat' dir='ltr'><strong>m.</strong></span> <span class='ocrx_word' id='word_1_168' title='bbox 1174 1621 1303 1653; x_wconf 78' lang='lat' dir='ltr'>Medic.</span> <span class='ocrx_word' id='word_1_169' title='bbox 1350 1620 1479 1663; x_wconf 84' lang='lat' dir='ltr'>(ortum</span> <span class='ocrx_word' id='word_1_170' title='bbox 1509 1619 1575 1651; x_wconf 88' lang='lat' dir='ltr'>hoc</span> <span class='ocrx_word' id='word_1_171' title='bbox 1596 1630 1614 1649; x_wconf 89' lang='lat' dir='ltr'>e</span> 
     </span>
     <span class='ocr_line' id='line_1_23' title="bbox 85 1666 1612 1715; baseline -0.003 -13"><span class='ocrx_word' id='word_1_172' title='bbox 85 1670 198 1714; x_wconf 84' lang='lat' dir='ltr'>prima</span> <span class='ocrx_word' id='word_1_173' title='bbox 228 1669 362 1713; x_wconf 79' lang='lat' dir='ltr'>syllaba</span> <span class='ocrx_word' id='word_1_174' title='bbox 390 1670 541 1715; x_wconf 85' lang='lat' dir='ltr'>proximi</span> <span class='ocrx_word' id='word_1_175' title='bbox 570 1670 751 1711; x_wconf 77' lang='lat' dir='ltr'>vocabuli3</span> <span class='ocrx_word' id='word_1_176' title='bbox 787 1676 823 1702; x_wconf 87' lang='lat' dir='ltr'>et</span> <span class='ocrx_word' id='word_1_177' title='bbox 851 1670 920 1703; x_wconf 90' lang='lat' dir='ltr'>vid.</span> <span class='ocrx_word' id='word_1_178' title='bbox 947 1672 989 1702; x_wconf 89' lang='lat' dir='ltr'>V.</span> <span class='ocrx_word' id='word_1_179' title='bbox 1018 1670 1056 1702; x_wconf 93' lang='lat' dir='ltr'>L.</span> <span class='ocrx_word' id='word_1_180' title='bbox 1082 1669 1125 1701; x_wconf 86' lang='lat' dir='ltr'>ad</span> <span class='ocrx_word' id='word_1_181' title='bbox 1156 1669 1249 1708; x_wconf 83' lang='lat' dir='ltr'>VIII,</span> <span class='ocrx_word' id='word_1_182' title='bbox 1283 1667 1364 1702; x_wconf 80' lang='grc'><strong>338.</strong></span> <span class='ocrx_word' id='word_1_183' title='bbox 1397 1673 1430 1698; x_wconf 90' lang='lat' dir='ltr'>et</span> <span class='ocrx_word' id='word_1_184' title='bbox 1460 1667 1507 1706; x_wconf 80' lang='lat' dir='ltr'>X,</span> <span class='ocrx_word' id='word_1_185' title='bbox 1534 1666 1612 1699; x_wconf 84' lang='lat'><strong>686.</strong></span> 
     </span>
     <span class='ocr_line' id='line_1_24' title="bbox 90 1714 1615 1762; baseline -0.004 -12"><span class='ocrx_word' id='word_1_186' title='bbox 90 1718 186 1758; x_wconf 65' lang='lat' dir='ltr'>lVr.)</span> <span class='ocrx_word' id='word_1_187' title='bbox 236 1719 433 1749; x_wconf 74' lang='lat' dir='ltr'>miseratur</span> <span class='ocrx_word' id='word_1_188' title='bbox 455 1718 544 1750; x_wconf 89' lang='lat' dir='ltr'><strong>Gud.</strong></span> <span class='ocrx_word' id='word_1_189' title='bbox 567 1730 586 1749; x_wconf 80' lang='lat' dir='ltr'>a</span> <span class='ocrx_word' id='word_1_190' title='bbox 604 1730 648 1749; x_wconf 89' lang='lat' dir='ltr'><strong>m.</strong></span> <span class='ocrx_word' id='word_1_191' title='bbox 671 1730 724 1762; x_wconf 82' lang='lat' dir='ltr'>pr.</span> <span class='ocrx_word' id='word_1_192' title='bbox 820 1718 891 1752; x_wconf 74' lang='lat'>333</span> <span class='ocrx_word' id='word_1_193' title='bbox 912 1716 973 1749; x_wconf 74' lang='lat' dir='ltr'>abi</span> <span class='ocrx_word' id='word_1_194' title='bbox 990 1717 1123 1749; x_wconf 83' lang='lat' dir='ltr'>Probus</span> <span class='ocrx_word' id='word_1_195' title='bbox 1147 1715 1181 1747; x_wconf 88' lang='lat' dir='ltr'>in</span> <span class='ocrx_word' id='word_1_196' title='bbox 1204 1717 1394 1747; x_wconf 84' lang='lat' dir='ltr'>Grammat.</span> <span class='ocrx_word' id='word_1_197' title='bbox 1432 1714 1615 1756; x_wconf 76' lang='lat' dir='ltr'>(carentes</span> 
     </span>
     <span class='ocr_line' id='line_1_25' title="bbox 86 1760 1613 1810; baseline -0.003 -14"><span class='ocrx_word' id='word_1_198' title='bbox 86 1764 213 1797; x_wconf 82' lang='lat' dir='ltr'>Medic.</span> <span class='ocrx_word' id='word_1_199' title='bbox 240 1764 334 1805; x_wconf 68' lang='lat' dir='ltr'>Wr.)</span> <span class='ocrx_word' id='word_1_200' title='bbox 431 1764 501 1799; x_wconf 75' lang='grc'>334</span> <span class='ocrx_word' id='word_1_201' title='bbox 536 1766 774 1810; x_wconf 77' lang='lat' dir='ltr'>Leucapsim,</span> <span class='ocrx_word' id='word_1_202' title='bbox 813 1766 1043 1808; x_wconf 69' lang='lat' dir='ltr'>Leucaspim,</span> <span class='ocrx_word' id='word_1_203' title='bbox 1080 1766 1253 1795; x_wconf 80' lang='lat' dir='ltr'>Orontem</span> <span class='ocrx_word' id='word_1_204' title='bbox 1284 1768 1319 1793; x_wconf 86' lang='lat' dir='ltr'>et</span> <span class='ocrx_word' id='word_1_205' title='bbox 1341 1761 1375 1792; x_wconf 89' lang='lat' dir='ltr'>in</span> <span class='ocrx_word' id='word_1_206' title='bbox 1410 1760 1519 1792; x_wconf 82' lang='lat' dir='ltr'>Goth.</span> <span class='ocrx_word' id='word_1_207' title='bbox 1560 1772 1613 1804; x_wconf 84' lang='lat' dir='ltr'>pr.</span> 
     </span>
     <span class='ocr_line' id='line_1_26' title="bbox 89 1806 1614 1852; baseline -0.003 -10"><span class='ocrx_word' id='word_1_208' title='bbox 89 1814 251 1844; x_wconf 79' lang='lat' dir='ltr'>Oronten</span> <span class='ocrx_word' id='word_1_209' title='bbox 272 1809 411 1851; x_wconf 76' lang='lat' dir='ltr'>refinxi,</span> <span class='ocrx_word' id='word_1_210' title='bbox 439 1817 477 1842; x_wconf 84' lang='lat' dir='ltr'>ut</span> <span class='ocrx_word' id='word_1_211' title='bbox 504 1812 527 1852; x_wconf 91' lang='lat'>1,</span> <span class='ocrx_word' id='word_1_212' title='bbox 556 1812 622 1845; x_wconf 88' lang='grc'>113</span> <span class='ocrx_word' id='word_1_213' title='bbox 643 1819 727 1852; x_wconf 88' lang='lat' dir='ltr'>erat,</span> <span class='ocrx_word' id='word_1_214' title='bbox 754 1818 791 1843; x_wconf 87' lang='lat' dir='ltr'>ut</span> <span class='ocrx_word' id='word_1_215' title='bbox 812 1810 879 1843; x_wconf 86' lang='lat' dir='ltr'>sibi</span> <span class='ocrx_word' id='word_1_216' title='bbox 898 1817 1077 1843; x_wconf 84' lang='lat' dir='ltr'>constaret</span> <span class='ocrx_word' id='word_1_217' title='bbox 1098 1810 1215 1841; x_wconf 84' lang='lat' dir='ltr'>lectio.</span> <span class='ocrx_word' id='word_1_218' title='bbox 1246 1808 1331 1849; x_wconf 81' lang='lat' dir='ltr'>(vid.</span> <span class='ocrx_word' id='word_1_219' title='bbox 1353 1809 1396 1840; x_wconf 88' lang='lat' dir='ltr'>V.</span> <span class='ocrx_word' id='word_1_220' title='bbox 1418 1808 1457 1839; x_wconf 89' lang='lat' dir='ltr'>L.</span> <span class='ocrx_word' id='word_1_221' title='bbox 1481 1807 1524 1839; x_wconf 82' lang='lat' dir='ltr'>ad</span> <span class='ocrx_word' id='word_1_222' title='bbox 1545 1807 1567 1839; x_wconf 89' lang='lat' dir='ltr'>l.</span> <span class='ocrx_word' id='word_1_223' title='bbox 1589 1806 1614 1839; x_wconf 93' lang='lat' dir='ltr'>l.</span> 
     </span>
     <span class='ocr_line' id='line_1_27' title="bbox 90 1854 1612 1901; baseline -0.003 -11"><span class='ocrx_word' id='word_1_224' title='bbox 90 1861 262 1890; x_wconf 81' lang='lat' dir='ltr'>Orontem</span> <span class='ocrx_word' id='word_1_225' title='bbox 286 1857 426 1897; x_wconf 66' lang='lat' dir='ltr'>Medic„</span> <span class='ocrx_word' id='word_1_226' title='bbox 452 1869 516 1890; x_wconf 82' lang='lat' dir='ltr'>nec</span> <span class='ocrx_word' id='word_1_227' title='bbox 536 1864 697 1899; x_wconf 81' lang='lat' dir='ltr'>constat,</span> <span class='ocrx_word' id='word_1_228' title='bbox 724 1870 768 1890; x_wconf 84' lang='lat' dir='ltr'>an</span> <span class='ocrx_word' id='word_1_229' title='bbox 792 1857 990 1890; x_wconf 80' lang='lat' dir='ltr'>inveniatur</span> <span class='ocrx_word' id='word_1_230' title='bbox 1014 1858 1049 1889; x_wconf 89' lang='lat' dir='ltr'>in</span> <span class='ocrx_word' id='word_1_231' title='bbox 1072 1857 1188 1901; x_wconf 82' lang='lat' dir='ltr'>aliquo</span> <span class='ocrx_word' id='word_1_232' title='bbox 1211 1856 1288 1888; x_wconf 87' lang='lat' dir='ltr'><strong>cod.</strong></span> <span class='ocrx_word' id='word_1_233' title='bbox 1310 1858 1485 1887; x_wconf 72' lang='lat' dir='ltr'>Oronten.</span> <span class='ocrx_word' id='word_1_234' title='bbox 1517 1854 1612 1895; x_wconf 79' lang='lat' dir='ltr'>lVr.)</span> 
     </span>
     <span class='ocr_line' id='line_1_28' title="bbox 88 1902 1613 1949; baseline -0.005 -9"><span class='ocrx_word' id='word_1_235' title='bbox 88 1907 262 1938; x_wconf 78' lang='lat' dir='ltr'>honorem</span> <span class='ocrx_word' id='word_1_236' title='bbox 292 1904 467 1937; x_wconf 71' lang='lat' dir='ltr'>aberrant·</span> <span class='ocrx_word' id='word_1_237' title='bbox 564 1905 632 1939; x_wconf 82' lang='lat'>335</span> <span class='ocrx_word' id='word_1_238' title='bbox 664 1904 709 1938; x_wconf 84' lang='lat' dir='ltr'>ab</span> <span class='ocrx_word' id='word_1_239' title='bbox 740 1905 853 1937; x_wconf 78' lang='lat' dir='ltr'>Troia</span> <span class='ocrx_word' id='word_1_240' title='bbox 885 1917 936 1949; x_wconf 84' lang='lat' dir='ltr'>pr.</span> <span class='ocrx_word' id='word_1_241' title='bbox 964 1904 1108 1937; x_wconf 79' lang='lat' dir='ltr'>Mentel.</span> <span class='ocrx_word' id='word_1_242' title='bbox 1144 1903 1226 1942; x_wconf 83' lang='lat' dir='ltr'>(vid.</span> <span class='ocrx_word' id='word_1_243' title='bbox 1259 1904 1300 1943; x_wconf 86' lang='lat' dir='ltr'><strong>Q.</strong></span> <span class='ocrx_word' id='word_1_244' title='bbox 1325 1903 1371 1934; x_wconf 90' lang='lat' dir='ltr'>V.</span> <span class='ocrx_word' id='word_1_245' title='bbox 1403 1903 1428 1942; x_wconf 90' lang='lat' dir='ltr'>I,</span> <span class='ocrx_word' id='word_1_246' title='bbox 1455 1903 1486 1935; x_wconf 89' lang='lat'><strong>1.</strong></span> <span class='ocrx_word' id='word_1_247' title='bbox 1517 1902 1613 1943; x_wconf 84' lang='lat' dir='ltr'>Wr.)</span> 
     </span>
     <span class='ocr_line' id='line_1_29' title="bbox 89 1948 1615 1997; baseline -0.002 -13"><span class='ocrx_word' id='word_1_248' title='bbox 89 1960 202 1984; x_wconf 74' lang='lat' dir='ltr'>vento</span> <span class='ocrx_word' id='word_1_249' title='bbox 219 1964 331 1997; x_wconf 77' lang='lat' dir='ltr'>super</span> <span class='ocrx_word' id='word_1_250' title='bbox 351 1963 427 1996; x_wconf 76' lang='lat' dir='ltr'>aeq.</span> <span class='ocrx_word' id='word_1_251' title='bbox 452 1951 562 1984; x_wconf 82' lang='lat' dir='ltr'><strong>Goth.</strong></span> <span class='ocrx_word' id='word_1_252' title='bbox 584 1958 666 1984; x_wconf 86' lang='lat' dir='ltr'>tert.</span> <span class='ocrx_word' id='word_1_253' title='bbox 704 1954 786 1997; x_wconf 86' lang='lat' dir='ltr'>(Aut</span> <span class='ocrx_word' id='word_1_254' title='bbox 814 1963 946 1984; x_wconf 81' lang='lat' dir='ltr'>comma</span> <span class='ocrx_word' id='word_1_255' title='bbox 972 1957 1055 1995; x_wconf 86' lang='lat' dir='ltr'>post</span> <span class='ocrx_word' id='word_1_256' title='bbox 1075 1951 1186 1983; x_wconf 75' lang='grc' dir='ltr'>,ςίηιιιί</span> <span class='ocrx_word' id='word_1_257' title='bbox 1203 1949 1416 1988; x_wconf 83' lang='lat' dir='ltr'>tollendum,</span> <span class='ocrx_word' id='word_1_258' title='bbox 1447 1956 1482 1980; x_wconf 89' lang='lat' dir='ltr'>ut</span> <span class='ocrx_word' id='word_1_259' title='bbox 1503 1960 1544 1981; x_wconf 85' lang='lat' dir='ltr'>ea</span> <span class='ocrx_word' id='word_1_260' title='bbox 1571 1948 1615 1981; x_wconf 88' lang='lat' dir='ltr'>sit</span> 
     </span>
     <span class='ocr_line' id='line_1_30' title="bbox 89 1995 1614 2042; baseline -0.003 -11"><span class='ocrx_word' id='word_1_261' title='bbox 89 1998 279 2031; x_wconf 80' lang='lat' dir='ltr'>sententia:</span> <span class='ocrx_word' id='word_1_262' title='bbox 315 1998 416 2030; x_wconf 85' lang='lat' dir='ltr'>simul</span> <span class='ocrx_word' id='word_1_263' title='bbox 443 2010 536 2031; x_wconf 87' lang='lat' dir='ltr'>cum</span> <span class='ocrx_word' id='word_1_264' title='bbox 563 2001 713 2032; x_wconf 86' lang='lat' dir='ltr'>Aenea</span> <span class='ocrx_word' id='word_1_265' title='bbox 739 2005 879 2038; x_wconf 80' lang='lat' dir='ltr'>vectos3</span> <span class='ocrx_word' id='word_1_266' title='bbox 923 2005 1001 2040; x_wconf 87' lang='lat' dir='ltr'>aut,</span> <span class='ocrx_word' id='word_1_267' title='bbox 1039 1998 1134 2042; x_wconf 88' lang='lat' dir='ltr'>qnod</span> <span class='ocrx_word' id='word_1_268' title='bbox 1163 2002 1342 2039; x_wconf 79' lang='lat' dir='ltr'>praestat,</span> <span class='ocrx_word' id='word_1_269' title='bbox 1375 2004 1499 2028; x_wconf 74' lang='lat' dir='ltr'>vectos</span> <span class='ocrx_word' id='word_1_270' title='bbox 1519 1995 1614 2028; x_wconf 85' lang='lat' dir='ltr'>acci-</span> 
     </span>
     <span class='ocr_line' id='line_1_31' title="bbox 88 2042 1614 2089; baseline -0.001 -12"><span class='ocrx_word' id='word_1_271' title='bbox 88 2045 253 2089; x_wconf 87' lang='lat' dir='ltr'>piendum</span> <span class='ocrx_word' id='word_1_272' title='bbox 276 2057 360 2089; x_wconf 89' lang='lat' dir='ltr'>pro:</span> <span class='ocrx_word' id='word_1_273' title='bbox 386 2046 472 2078; x_wconf 73' lang='lat' dir='ltr'>dam</span> <span class='ocrx_word' id='word_1_274' title='bbox 491 2047 691 2086; x_wconf 71' lang='lat' dir='ltr'>vellantur,</span> <span class='ocrx_word' id='word_1_275' title='bbox 715 2043 1018 2089; x_wconf 79' lang='grc' dir='ltr'><em>πορευομένους·</em></span> <span class='ocrx_word' id='word_1_276' title='bbox 1041 2045 1111 2079; x_wconf 86' lang='lat' dir='ltr'>vid.</span> <span class='ocrx_word' id='word_1_277' title='bbox 1133 2046 1176 2086; x_wconf 86' lang='lat' dir='ltr'><strong>Q.</strong></span> <span class='ocrx_word' id='word_1_278' title='bbox 1194 2045 1237 2079; x_wconf 89' lang='lat' dir='ltr'>V.</span> <span class='ocrx_word' id='word_1_279' title='bbox 1256 2044 1443 2085; x_wconf 85' lang='lat' dir='ltr'>XXVIIII,</span> <span class='ocrx_word' id='word_1_280' title='bbox 1463 2043 1516 2084; x_wconf 86' lang='lat'><strong>3.;</strong></span> <span class='ocrx_word' id='word_1_281' title='bbox 1545 2042 1614 2076; x_wconf 76' lang='lat' dir='ltr'>ali-</span> 
     </span>
     <span class='ocr_line' id='line_1_32' title="bbox 89 2092 900 2138; baseline 0.002 -14"><span class='ocrx_word' id='word_1_282' title='bbox 89 2100 144 2125; x_wconf 83' lang='lat' dir='ltr'>ter</span> <span class='ocrx_word' id='word_1_283' title='bbox 162 2092 291 2136; x_wconf 74' lang='lat' dir='ltr'>frigent</span> <span class='ocrx_word' id='word_1_284' title='bbox 309 2092 396 2125; x_wconf 87' lang='lat' dir='ltr'>haec</span> <span class='ocrx_word' id='word_1_285' title='bbox 418 2105 441 2125; x_wconf 88' lang='lat' dir='ltr'><em>a</em></span> <span class='ocrx_word' id='word_1_286' title='bbox 464 2094 773 2127; x_wconf 77' lang='lat' dir='ltr'>Troia—vectos.</span> <span class='ocrx_word' id='word_1_287' title='bbox 805 2094 900 2138; x_wconf 84' lang='lat' dir='ltr'>Wr.)</span> 
     </span>
    </p>
   </div>
   <div class='ocr_carea' id='block_1_4' title="bbox 90 2188 826 2357">
    <p class='ocr_par' dir='ltr' id='par_1_13' title="bbox 90 2188 826 2357">
     <span class='ocr_line' id='line_1_33' title="bbox 90 2188 826 2241; baseline 0.001 -15"><span class='ocrx_word' id='word_1_288' title='bbox 90 2194 258 2240; x_wconf 83' lang='lat' dir='ltr'>arguant</span> <span class='ocrx_word' id='word_1_289' title='bbox 303 2194 342 2226; x_wconf 83' lang='lat' dir='ltr'>et</span> <span class='ocrx_word' id='word_1_290' title='bbox 382 2188 504 2226; x_wconf 85' lang='lat' dir='ltr'>alant.</span> <span class='ocrx_word' id='word_1_291' title='bbox 576 2191 716 2241; x_wconf 76' lang='lat' dir='ltr'>inops,</span> <span class='ocrx_word' id='word_1_292' title='bbox 762 2189 826 2227; x_wconf 89' lang='lat' dir='ltr'>cui</span> 
     </span>
     <span class='ocr_line' id='line_1_34' title="bbox 91 2247 826 2299; baseline 0.003 -16"><span class='ocrx_word' id='word_1_293' title='bbox 91 2260 209 2284; x_wconf 85' lang='lat' dir='ltr'>nemo</span> <span class='ocrx_word' id='word_1_294' title='bbox 245 2259 359 2298; x_wconf 85' lang='lat' dir='ltr'>opem</span> <span class='ocrx_word' id='word_1_295' title='bbox 391 2247 505 2296; x_wconf 73' lang='lat' dir='ltr'>tulit,</span> <span class='ocrx_word' id='word_1_296' title='bbox 531 2247 636 2285; x_wconf 87' lang='lat' dir='ltr'>iusta</span> <span class='ocrx_word' id='word_1_297' title='bbox 667 2248 826 2299; x_wconf 79' lang='lat' dir='ltr'>persol-</span> 
     </span>
     <span class='ocr_line' id='line_1_35' title="bbox 92 2304 825 2357; baseline 0.001 -14"><span class='ocrx_word' id='word_1_298' title='bbox 92 2305 161 2343; x_wconf 85' lang='lat' dir='ltr'>vit.</span> <span class='ocrx_word' id='word_1_299' title='bbox 222 2305 321 2342; x_wconf 79' lang='lat' dir='ltr'>Nam</span> <span class='ocrx_word' id='word_1_300' title='bbox 341 2304 505 2343; x_wconf 80' lang='lat' dir='ltr'>videtur</span> <span class='ocrx_word' id='word_1_301' title='bbox 534 2306 711 2357; x_wconf 77' lang='lat' dir='ltr'>argutari</span> <span class='ocrx_word' id='word_1_302' title='bbox 731 2307 825 2344; x_wconf 86' lang='lat' dir='ltr'>Ser-</span> 
     </span>
    </p>
   </div>
   <div class='ocr_carea' id='block_1_5' title="bbox 884 2189 1614 2358">
    <p class='ocr_par' dir='ltr' id='par_1_14' title="bbox 884 2189 1614 2358">
     <span class='ocr_line' id='line_1_36' title="bbox 885 2189 1613 2236; baseline -0.004 -9"><span class='ocrx_word' id='word_1_303' title='bbox 885 2202 1022 2227; x_wconf 84' lang='lat' dir='ltr'>errore</span> <span class='ocrx_word' id='word_1_304' title='bbox 1052 2202 1101 2227; x_wconf 82' lang='lat' dir='ltr'>ex</span> <span class='ocrx_word' id='word_1_305' title='bbox 1126 2190 1301 2227; x_wconf 62' lang='lat' dir='ltr'>revisunt</span> <span class='ocrx_word' id='word_1_306' title='bbox 1323 2202 1360 2227; x_wconf 87' lang='lat' dir='ltr'><strong>v.</strong></span> <span class='ocrx_word' id='word_1_307' title='bbox 1392 2189 1475 2230; x_wconf 77' lang='lat'>330</span> <span class='ocrx_word' id='word_1_308' title='bbox 1504 2193 1613 2236; x_wconf 88' lang='lat' dir='ltr'>nato,</span> 
     </span>
     <span class='ocr_line' id='line_1_37' title="bbox 885 2245 1614 2298; baseline -0.004 -12"><span class='ocrx_word' id='word_1_309' title='bbox 885 2247 1026 2286; x_wconf 78' lang='lat' dir='ltr'>laudat</span> <span class='ocrx_word' id='word_1_310' title='bbox 1056 2248 1191 2286; x_wconf 84' lang='lat' dir='ltr'>locum</span> <span class='ocrx_word' id='word_1_311' title='bbox 1214 2245 1413 2294; x_wconf 80' lang='lat' dir='ltr'>Platonis,</span> <span class='ocrx_word' id='word_1_312' title='bbox 1447 2245 1496 2283; x_wconf 79' lang='lat' dir='ltr'>de</span> <span class='ocrx_word' id='word_1_313' title='bbox 1516 2248 1614 2298; x_wconf 85' lang='lat' dir='ltr'>Rep.</span> 
     </span>
     <span class='ocr_line' id='line_1_38' title="bbox 884 2303 1614 2358; baseline -0.004 -14"><span class='ocrx_word' id='word_1_314' title='bbox 884 2308 945 2356; x_wconf 85' lang='lat' dir='ltr'>X;</span> <span class='ocrx_word' id='word_1_315' title='bbox 977 2312 1017 2343; x_wconf 84' lang='lat' dir='ltr'>at</span> <span class='ocrx_word' id='word_1_316' title='bbox 1038 2306 1069 2343; x_wconf 88' lang='lat' dir='ltr'>is</span> <span class='ocrx_word' id='word_1_317' title='bbox 1102 2311 1254 2358; x_wconf 82' lang='lat' dir='ltr'>spectat</span> <span class='ocrx_word' id='word_1_318' title='bbox 1274 2305 1344 2343; x_wconf 86' lang='lat' dir='ltr'>inf.</span> <span class='ocrx_word' id='word_1_319' title='bbox 1370 2304 1421 2341; x_wconf 86' lang='lat' dir='ltr'>ad</span> <span class='ocrx_word' id='word_1_320' title='bbox 1448 2317 1486 2342; x_wconf 87' lang='lat' dir='ltr'><strong>v.</strong></span> <span class='ocrx_word' id='word_1_321' title='bbox 1518 2303 1614 2346; x_wconf 71' lang='lat'><strong>748.</strong></span> 
     </span>
    </p>
   </div>
   <div class='ocr_carea' id='block_1_6' title="bbox 1752 0 1779 972">
    <p class='ocr_par' dir='ltr' id='par_1_15' title="bbox 1752 0 1779 972">
     <span class='ocr_line' id='line_1_39' title="bbox 1752 0 1779 972; baseline 0 0"><span class='ocrx_word' id='word_1_322' title='bbox 1752 0 1779 972; x_wconf 95' lang='lat' dir='ltr'> </span> 
     </span>
    </p>
   </div>
   <div class='ocr_carea' id='block_1_7' title="bbox 92 2362 826 2641">
    <p class='ocr_par' dir='ltr' id='par_1_16' title="bbox 92 2362 826 2641">
     <span class='ocr_line' id='line_1_40' title="bbox 92 2362 824 2414; baseline 0.003 -14"><span class='ocrx_word' id='word_1_323' title='bbox 92 2363 194 2411; x_wconf 82' lang='lat' dir='ltr'>vius,</span> <span class='ocrx_word' id='word_1_324' title='bbox 227 2363 306 2412; x_wconf 85' lang='lat' dir='ltr'>qui,</span> <span class='ocrx_word' id='word_1_325' title='bbox 332 2362 380 2400; x_wconf 84' lang='lat' dir='ltr'>ab</span> <span class='ocrx_word' id='word_1_326' title='bbox 400 2364 482 2414; x_wconf 79' lang='lat' dir='ltr'>Ops</span> <span class='ocrx_word' id='word_1_327' title='bbox 507 2370 616 2401; x_wconf 83' lang='lat' dir='ltr'>terra</span> <span class='ocrx_word' id='word_1_328' title='bbox 640 2364 824 2413; x_wconf 80' lang='lat' dir='ltr'>ductum,</span> 
     </span>
     <span class='ocr_line' id='line_1_41' title="bbox 92 2421 825 2474; baseline 0.003 -17"><span class='ocrx_word' id='word_1_329' title='bbox 92 2421 338 2472; x_wconf 81' lang='lat' dir='ltr'>insepultum</span> <span class='ocrx_word' id='word_1_330' title='bbox 376 2421 483 2473; x_wconf 80' lang='lat' dir='ltr'>apud</span> <span class='ocrx_word' id='word_1_331' title='bbox 511 2429 666 2461; x_wconf 84' lang='lat' dir='ltr'>veteres</span> <span class='ocrx_word' id='word_1_332' title='bbox 702 2422 825 2474; x_wconf 78' lang='lat' dir='ltr'>signi—</span> 
     </span>
     <span class='ocr_line' id='line_1_42' title="bbox 93 2478 826 2532; baseline 0.003 -17"><span class='ocrx_word' id='word_1_333' title='bbox 93 2478 230 2515; x_wconf 83' lang='lat' dir='ltr'>ficasse</span> <span class='ocrx_word' id='word_1_334' title='bbox 254 2485 406 2519; x_wconf 80' lang='lat' dir='ltr'>narrat.</span> <span class='ocrx_word' id='word_1_335' title='bbox 466 2482 577 2531; x_wconf 67' lang='lat' dir='ltr'>ripas</span> <span class='ocrx_word' id='word_1_336' title='bbox 605 2489 640 2518; x_wconf 77' lang='lat' dir='ltr'>ec</span> <span class='ocrx_word' id='word_1_337' title='bbox 660 2482 826 2532; x_wconf 78' lang='lat' dir='ltr'>sszcenla</span> 
     </span>
     <span class='ocr_line' id='line_1_43' title="bbox 95 2539 826 2588; baseline 0.004 -15"><span class='ocrx_word' id='word_1_338' title='bbox 95 2544 385 2586; x_wconf 62' lang='lat' dir='ltr'>transponam,</span> <span class='ocrx_word' id='word_1_339' title='bbox 422 2543 468 2574; x_wconf 87' lang='lat' dir='ltr'>ut</span> <span class='ocrx_word' id='word_1_340' title='bbox 490 2539 676 2588; x_wconf 70' lang='lat' dir='ltr'>vulgare,</span> <span class='ocrx_word' id='word_1_341' title='bbox 709 2539 826 2576; x_wconf 80' lang='lat' dir='ltr'>traii-</span> 
     </span>
     <span class='ocr_line' id='line_1_44' title="bbox 97 2594 825 2641; baseline 0.005 -11"><span class='ocrx_word' id='word_1_342' title='bbox 97 2607 208 2641; x_wconf 79' lang='lat' dir='ltr'>cere,</span> <span class='ocrx_word' id='word_1_343' title='bbox 243 2594 323 2630; x_wconf 78' lang='lat' dir='ltr'>scil.</span> <span class='ocrx_word' id='word_1_344' title='bbox 346 2608 487 2632; x_wconf 86' lang='lat' dir='ltr'>navem</span> <span class='ocrx_word' id='word_1_345' title='bbox 513 2603 622 2634; x_wconf 87' lang='lat' dir='ltr'>trans</span> <span class='ocrx_word' id='word_1_346' title='bbox 656 2610 825 2634; x_wconf 85' lang='lat' dir='ltr'>amnem.</span> 
     </span>
    </p>
   </div>
   <div class='ocr_carea' id='block_1_8' title="bbox 96 2651 826 2703">
    <p class='ocr_par' dir='ltr' id='par_1_17' title="bbox 96 2651 826 2703">
     <span class='ocr_line' id='line_1_45' title="bbox 96 2651 826 2703; baseline 0.005 -17"><span class='ocrx_word' id='word_1_347' title='bbox 96 2652 152 2689; x_wconf 82' lang='lat' dir='ltr'>De</span> <span class='ocrx_word' id='word_1_348' title='bbox 176 2664 218 2688; x_wconf 89' lang='lat' dir='ltr'>re</span> <span class='ocrx_word' id='word_1_349' title='bbox 237 2666 274 2688; x_wconf 74' lang='lat' dir='ltr'><strong>V.</strong></span> <span class='ocrx_word' id='word_1_350' title='bbox 298 2651 405 2689; x_wconf 80' lang='lat' dir='ltr'>Iliad.</span> <span class='ocrx_word' id='word_1_351' title='bbox 427 2662 474 2703; x_wconf 75' lang='grc' dir='ltr'>ψ,</span> <span class='ocrx_word' id='word_1_352' title='bbox 506 2653 689 2695; x_wconf 70' lang='lat'><strong>71—74.</strong></span> <span class='ocrx_word' id='word_1_353' title='bbox 724 2655 826 2691; x_wconf 63' lang='lat' dir='ltr'>Cen-</span> 
     </span>
    </p>
   </div>
   <div class='ocr_carea' id='block_1_9' title="bbox 97 2712 829 2992">
    <p class='ocr_par' dir='ltr' id='par_1_18' title="bbox 97 2712 829 2992">
     <span class='ocr_line' id='line_1_46' title="bbox 97 2712 828 2760; baseline 0.003 -13"><span class='ocrx_word' id='word_1_354' title='bbox 97 2719 181 2747; x_wconf 71' lang='lat' dir='ltr'>tum,</span> <span class='ocrx_word' id='word_1_355' title='bbox 210 2717 340 2745; x_wconf 69' lang='lat' dir='ltr'>errant</span> <span class='ocrx_word' id='word_1_356' title='bbox 368 2724 505 2747; x_wconf 63' lang='lat' dir='ltr'>annos.</span> <span class='ocrx_word' id='word_1_357' title='bbox 576 2712 736 2760; x_wconf 81' lang='lat' dir='ltr'>Nescio,</span> <span class='ocrx_word' id='word_1_358' title='bbox 777 2726 828 2749; x_wconf 75' lang='lat' dir='ltr'>an</span> 
     </span>
     <span class='ocr_line' id='line_1_47' title="bbox 99 2767 827 2818; baseline 0.001 -13"><span class='ocrx_word' id='word_1_359' title='bbox 99 2767 147 2805; x_wconf 89' lang='lat' dir='ltr'>de</span> <span class='ocrx_word' id='word_1_360' title='bbox 177 2781 248 2804; x_wconf 87' lang='lat' dir='ltr'>suo</span> <span class='ocrx_word' id='word_1_361' title='bbox 278 2767 458 2818; x_wconf 79' lang='lat' dir='ltr'>posuerit</span> <span class='ocrx_word' id='word_1_362' title='bbox 489 2768 696 2818; x_wconf 72' lang='lat' dir='ltr'>Virgilius:</span> <span class='ocrx_word' id='word_1_363' title='bbox 740 2770 827 2806; x_wconf 87' lang='lat' dir='ltr'>ani-</span> 
     </span>
     <span class='ocr_line' id='line_1_48' title="bbox 99 2825 829 2877; baseline 0.001 -15"><span class='ocrx_word' id='word_1_364' title='bbox 99 2840 182 2862; x_wconf 85' lang='lat' dir='ltr'>mas</span> <span class='ocrx_word' id='word_1_365' title='bbox 217 2825 505 2877; x_wconf 81' lang='lat' dir='ltr'>insepultorum</span> <span class='ocrx_word' id='word_1_366' title='bbox 545 2840 614 2877; x_wconf 80' lang='lat' dir='ltr'>per</span> <span class='ocrx_word' id='word_1_367' title='bbox 649 2827 677 2863; x_wconf 89' lang='lat' dir='ltr'>C</span> <span class='ocrx_word' id='word_1_368' title='bbox 705 2841 829 2864; x_wconf 86' lang='lat' dir='ltr'>annos</span> 
     </span>
     <span class='ocr_line' id='line_1_49' title="bbox 100 2883 829 2922; baseline 0.003 -2"><span class='ocrx_word' id='word_1_369' title='bbox 100 2897 234 2921; x_wconf 82' lang='lat' dir='ltr'>errare</span> <span class='ocrx_word' id='word_1_370' title='bbox 254 2897 335 2920; x_wconf 89' lang='lat' dir='ltr'>non</span> <span class='ocrx_word' id='word_1_371' title='bbox 355 2883 544 2920; x_wconf 77' lang='lat' dir='ltr'>admissas</span> <span class='ocrx_word' id='word_1_372' title='bbox 559 2890 603 2921; x_wconf 86' lang='lat' dir='ltr'>ut</span> <span class='ocrx_word' id='word_1_373' title='bbox 625 2884 829 2922; x_wconf 79' lang='lat' dir='ltr'>traiician-</span> 
     </span>
     <span class='ocr_line' id='line_1_50' title="bbox 101 2941 829 2992; baseline 0.004 -14"><span class='ocrx_word' id='word_1_374' title='bbox 101 2948 180 2979; x_wconf 84' lang='lat' dir='ltr'>tur.</span> <span class='ocrx_word' id='word_1_375' title='bbox 241 2941 365 2979; x_wconf 83' lang='lat' dir='ltr'>Cerda</span> <span class='ocrx_word' id='word_1_376' title='bbox 402 2941 452 2979; x_wconf 81' lang='lat' dir='ltr'>ad</span> <span class='ocrx_word' id='word_1_377' title='bbox 477 2942 607 2981; x_wconf 87' lang='lat' dir='ltr'>Servii</span> <span class='ocrx_word' id='word_1_378' title='bbox 645 2942 829 2992; x_wconf 81' lang='lat' dir='ltr'>ductum,</span> 
     </span>
    </p>
   </div>
   <div class='ocr_carea' id='block_1_10' title="bbox 885 2362 1620 2986">
    <p class='ocr_par' dir='ltr' id='par_1_19' title="bbox 885 2362 1620 2986">
     <span class='ocr_line' id='line_1_51' title="bbox 886 2362 1616 2403; baseline -0.004 -1"><span class='ocrx_word' id='word_1_379' title='bbox 886 2365 1036 2403; x_wconf 77' lang='lat' dir='ltr'>Verum</span> <span class='ocrx_word' id='word_1_380' title='bbox 1055 2378 1104 2402; x_wconf 78' lang='lat' dir='ltr'>ex</span> <span class='ocrx_word' id='word_1_381' title='bbox 1126 2366 1275 2401; x_wconf 81' lang='lat' dir='ltr'>Seneca</span> <span class='ocrx_word' id='word_1_382' title='bbox 1303 2363 1352 2401; x_wconf 86' lang='lat' dir='ltr'>de</span> <span class='ocrx_word' id='word_1_383' title='bbox 1369 2362 1453 2400; x_wconf 85' lang='lat' dir='ltr'>ritu</span> <span class='ocrx_word' id='word_1_384' title='bbox 1483 2368 1523 2400; x_wconf 86' lang='lat' dir='ltr'>et</span> <span class='ocrx_word' id='word_1_385' title='bbox 1551 2376 1616 2399; x_wconf 86' lang='lat' dir='ltr'>sa—</span> 
     </span>
     <span class='ocr_line' id='line_1_52' title="bbox 887 2421 1615 2474; baseline -0.003 -14"><span class='ocrx_word' id='word_1_386' title='bbox 887 2423 964 2461; x_wconf 80' lang='lat' dir='ltr'>cris</span> <span class='ocrx_word' id='word_1_387' title='bbox 1003 2422 1294 2474; x_wconf 79' lang='lat' dir='ltr'>Aegyptiorum</span> <span class='ocrx_word' id='word_1_388' title='bbox 1335 2421 1498 2459; x_wconf 84' lang='lat' dir='ltr'>Servius</span> <span class='ocrx_word' id='word_1_389' title='bbox 1529 2434 1615 2472; x_wconf 84' lang='lat' dir='ltr'>sup.</span> 
     </span>
     <span class='ocr_line' id='line_1_53' title="bbox 888 2478 1618 2529; baseline -0.003 -11"><span class='ocrx_word' id='word_1_390' title='bbox 888 2481 940 2519; x_wconf 88' lang='lat' dir='ltr'>ad</span> <span class='ocrx_word' id='word_1_391' title='bbox 962 2495 999 2519; x_wconf 91' lang='lat' dir='ltr'><strong>v.</strong></span> <span class='ocrx_word' id='word_1_392' title='bbox 1026 2480 1105 2522; x_wconf 82' lang='lat'>154</span> <span class='ocrx_word' id='word_1_393' title='bbox 1127 2487 1266 2518; x_wconf 85' lang='lat' dir='ltr'>narrat</span> <span class='ocrx_word' id='word_1_394' title='bbox 1284 2493 1382 2529; x_wconf 86' lang='lat' dir='ltr'>rem,</span> <span class='ocrx_word' id='word_1_395' title='bbox 1417 2492 1518 2529; x_wconf 84' lang='lat' dir='ltr'>quae</span> <span class='ocrx_word' id='word_1_396' title='bbox 1537 2478 1618 2516; x_wconf 86' lang='lat' dir='ltr'>hue</span> 
     </span>
     <span class='ocr_line' id='line_1_54' title="bbox 886 2537 1617 2590; baseline -0.004 -13"><span class='ocrx_word' id='word_1_397' title='bbox 886 2539 1070 2577; x_wconf 86' lang='lat' dir='ltr'>revocari</span> <span class='ocrx_word' id='word_1_398' title='bbox 1100 2538 1245 2590; x_wconf 81' lang='lat' dir='ltr'>possit:</span> <span class='ocrx_word' id='word_1_399' title='bbox 1294 2539 1334 2576; x_wconf 93' lang='lat' dir='ltr'>Si</span> <span class='ocrx_word' id='word_1_400' title='bbox 1371 2538 1545 2575; x_wconf 81' lang='lat' dir='ltr'>cadaver</span> <span class='ocrx_word' id='word_1_401' title='bbox 1576 2537 1617 2574; x_wconf 91' lang='lat' dir='ltr'>in</span> 
     </span>
     <span class='ocr_line' id='line_1_55' title="bbox 885 2596 1617 2647; baseline -0.003 -12"><span class='ocrx_word' id='word_1_402' title='bbox 885 2597 1012 2635; x_wconf 81' lang='lat' dir='ltr'>fluvio</span> <span class='ocrx_word' id='word_1_403' title='bbox 1036 2610 1211 2635; x_wconf 85' lang='lat' dir='ltr'>mersum</span> <span class='ocrx_word' id='word_1_404' title='bbox 1233 2597 1425 2647; x_wconf 84' lang='lat' dir='ltr'>periisset,</span> <span class='ocrx_word' id='word_1_405' title='bbox 1456 2609 1529 2633; x_wconf 84' lang='lat' dir='ltr'>nee</span> <span class='ocrx_word' id='word_1_406' title='bbox 1549 2596 1617 2633; x_wconf 87' lang='lat' dir='ltr'>in—</span> 
     </span>
     <span class='ocr_line' id='line_1_56' title="bbox 885 2655 1618 2704; baseline -0.004 -11"><span class='ocrx_word' id='word_1_407' title='bbox 885 2655 1117 2703; x_wconf 86' lang='lat' dir='ltr'>veniretur,</span> <span class='ocrx_word' id='word_1_408' title='bbox 1147 2663 1238 2704; x_wconf 76' lang='lat' dir='ltr'>posl</span> <span class='ocrx_word' id='word_1_409' title='bbox 1258 2662 1414 2691; x_wconf 78' lang='lat' dir='ltr'>centum</span> <span class='ocrx_word' id='word_1_410' title='bbox 1436 2656 1473 2690; x_wconf 63' lang='lat' dir='ltr'>et</span> <span class='ocrx_word' id='word_1_411' title='bbox 1491 2668 1618 2691; x_wconf 78' lang='lat' dir='ltr'>annos</span> 
     </span>
     <span class='ocr_line' id='line_1_57' title="bbox 887 2713 1617 2762; baseline 0 -13"><span class='ocrx_word' id='word_1_412' title='bbox 887 2715 1031 2750; x_wconf 75' lang='lat' dir='ltr'>ullima</span> <span class='ocrx_word' id='word_1_413' title='bbox 1069 2713 1258 2762; x_wconf 70' lang='lat' dir='ltr'>persolvi.</span> <span class='ocrx_word' id='word_1_414' title='bbox 1325 2720 1475 2762; x_wconf 66' lang='lat' dir='ltr'>stagna</span> <span class='ocrx_word' id='word_1_415' title='bbox 1510 2714 1617 2749; x_wconf 65' lang='lat' dir='ltr'>revi—</span> 
     </span>
     <span class='ocr_line' id='line_1_58' title="bbox 887 2770 1619 2818; baseline 0.003 -13"><span class='ocrx_word' id='word_1_416' title='bbox 887 2780 1001 2807; x_wconf 68' lang='lat' dir='ltr'>sunt:</span> <span class='ocrx_word' id='word_1_417' title='bbox 1036 2784 1125 2807; x_wconf 79' lang='lat' dir='ltr'>cuin</span> <span class='ocrx_word' id='word_1_418' title='bbox 1146 2776 1238 2806; x_wconf 83' lang='lat' dir='ltr'>ante</span> <span class='ocrx_word' id='word_1_419' title='bbox 1257 2770 1406 2818; x_wconf 83' lang='lat' dir='ltr'>reiecti,</span> <span class='ocrx_word' id='word_1_420' title='bbox 1438 2784 1619 2808; x_wconf 83' lang='lat' dir='ltr'>summo—</span> 
     </span>
     <span class='ocr_line' id='line_1_59' title="bbox 888 2828 1619 2874; baseline 0.001 -10"><span class='ocrx_word' id='word_1_421' title='bbox 888 2828 941 2874; x_wconf 81' lang='lat' dir='ltr'>ti,</span> <span class='ocrx_word' id='word_1_422' title='bbox 994 2828 1265 2874; x_wconf 78' lang='lat' dir='ltr'>recessissent,</span> <span class='ocrx_word' id='word_1_423' title='bbox 1314 2842 1423 2865; x_wconf 81' lang='lat' dir='ltr'>nunc</span> <span class='ocrx_word' id='word_1_424' title='bbox 1458 2828 1619 2866; x_wconf 83' lang='lat' dir='ltr'>admissi</span> 
     </span>
     <span class='ocr_line' id='line_1_60' title="bbox 889 2886 1619 2937; baseline 0.001 -15"><span class='ocrx_word' id='word_1_425' title='bbox 889 2893 929 2922; x_wconf 84' lang='lat' dir='ltr'>et</span> <span class='ocrx_word' id='word_1_426' title='bbox 953 2887 1102 2937; x_wconf 76' lang='lat' dir='ltr'>recepti</span> <span class='ocrx_word' id='word_1_427' title='bbox 1140 2886 1277 2923; x_wconf 85' lang='lat' dir='ltr'>visunt</span> <span class='ocrx_word' id='word_1_428' title='bbox 1309 2892 1471 2937; x_wconf 72' lang='lat' dir='ltr'>stagna,</span> <span class='ocrx_word' id='word_1_429' title='bbox 1504 2886 1619 2924; x_wconf 74' lang='lat' dir='ltr'>traii-</span> 
     </span>
     <span class='ocr_line' id='line_1_61' title="bbox 889 2944 1620 2986; baseline 0 -6"><span class='ocrx_word' id='word_1_430' title='bbox 889 2944 1063 2981; x_wconf 82' lang='lat' dir='ltr'>ciuntur.</span> <span class='ocrx_word' id='word_1_431' title='bbox 1126 2944 1221 2981; x_wconf 80' lang='lat' dir='ltr'>Mox</span> <span class='ocrx_word' id='word_1_432' title='bbox 1246 2944 1296 2982; x_wconf 82' lang='lat' dir='ltr'>ad</span> <span class='ocrx_word' id='word_1_433' title='bbox 1319 2958 1354 2983; x_wconf 87' lang='lat' dir='ltr'><strong>v.</strong></span> <span class='ocrx_word' id='word_1_434' title='bbox 1379 2947 1463 2986; x_wconf 79' lang='lat'>332</span> <span class='ocrx_word' id='word_1_435' title='bbox 1478 2945 1620 2981; x_wconf 71' lang='lat' dir='ltr'>Multa</span> 
     </span>
    </p>
   </div>
  </div>
 </body>
</html>
