1811 3388
367 199 777 251 AENEIDOS
815 203 956 255 LIB.
995 208 1080 269 VI,
1117 214 1413 270 767-773
1558 231 1660 278 975

141 321 206 370 Hi
229 322 324 370 tihi
346 326 695 390 Nomentum,
735 335 788 376 et
816 328 1026 394 Gabios,
1058 333 1362 404 urbemque
1384 342 1657 416 Fidenam,

139 472 196 493 sus
222 473 297 494 cum
321 473 421 507 seqq.
472 466 524 497 Ac
550 466 613 510 qul
633 476 997 513 gerunt—quercu,
1036 473 1085 505 Hi
1109 473 1184 509 tibi.
1233 477 1432 513 Praeferam
1464 482 1500 516 id
1535 488 1659 522 saltem

139 508 301 550 vulgatae
336 509 478 543 rationi.
516 523 547 544 v.
577 514 683 546 Nota.
742 518 868 548 Omnes
901 523 1017 550 tamen
1043 520 1153 555 Codd..
1188 523 1276 557 Pier.
1313 532 1349 557 et
1382 528 1502 562 Heius.
1526 538 1659 578 Atque,

136 555 232 597 quod
257 555 334 599 pari
359 557 464 589 modo
490 557 606 591 ieiune
631 561 783 604 positum
809 563 1009 598 offendebat
1035 578 1099 600 nos
1125 580 1229 613 supra
1253 572 1314 612 IV,
1339 574 1419 607 261.
1456 578 1534 619 (sed
1567 581 1658 623 vide,

137 612 225 644 quae
251 602 450 647 scripsimus
476 605 520 637 ad
545 605 643 639 illum
668 608 794 642 locum.
846 613 967 655 Atqui,
994 614 1087 656 quod
1114 626 1154 648 ex
1181 628 1248 649 uno
1275 619 1363 662 Reg.
1389 621 1552 666 affertur,
1595 639 1658 659 ex-

135 654 229 680 stare
256 649 360 682 etiam
386 650 420 682 in
445 651 553 685 Paris.
579 655 611 687 7.
638 655 669 688 8.
697 656 806 688 refert
831 658 1029 698 Potterius;
1066 673 1269 706 quamquam
1307 677 1394 710 quae
1427 680 1503 702 esse
1539 679 1659 715 potest

136 694 209 726 eius
232 695 341 738 fides,
376 697 434 741 qui
460 701 566 743 atqui
589 701 693 734 etiam
719 702 755 735 in
780 703 906 736 Medic.
934 712 968 738 et
992 707 1093 740 Rom.
1118 708 1190 751 legi
1219 711 1391 745 affirmare
1415 726 1485 748 non
1512 718 1657 753 dubita-

134 741 239 774 verit!
289 746 340 776 Ac
365 746 429 789 qui
450 751 566 778 tamen
590 749 765 793 antiquam
790 750 977 784 lectionem
1001 753 1131 796 fuisse,
1165 755 1270 791 liceat
1293 759 1445 794 fortasse
1480 765 1655 799 coniicere

134 799 153 819 e
176 790 295 833 gerit,
337 802 426 835 quae
465 798 519 824 est
555 793 655 836 prior
680 796 832 829 Medicei
865 797 984 831 lectio.
1033 801 1076 834 Et
1109 802 1220 846 prima
1247 805 1386 849 quidem
1422 811 1540 853 specie
1564 813 1655 846 nihil

132 834 214 868 huic
245 835 325 868 loco
360 837 498 881 aptius,
533 851 635 883 quam
659 845 710 875 At
738 845 819 888 qui,
857 844 945 877 nihil
971 847 1013 879 ab
1042 848 1166 881 eodem
1192 850 1358 893 alienius,
1386 867 1487 899 quam
1512 862 1652 904 Atque;

131 892 209 915 nam
235 883 329 926 quod
353 885 398 916 ad
426 885 667 929 explicandam
689 889 789 923 huius
816 891 1007 934 particulae
1032 895 1099 927 vim
1124 908 1162 928 ac
1187 904 1399 942 potestatem
1423 914 1442 934 e
1462 915 1653 949 praegres-

131 927 190 971 sis,
217 931 288 972 Qui
306 950 344 953 —
373 934 540 972 Quantas
558 953 600 957 —
625 935 763 969 Iahnius
789 938 931 970 assumit
957 953 1082 985 quarn,
1119 942 1141 975 i.
1168 955 1198 977 e.
1232 948 1448 992 Quamque
1482 952 1651 987 umbrata

128 984 287 1020 gerunt,
312 976 350 1009 id
373 977 435 1010 ille
461 979 620 1013 codicum
645 983 865 1017 auctoritatis
891 987 1148 1021 confirmandae
1174 1003 1275 1024 causa
1300 994 1404 1035 fecit,
1437 995 1547 1031 invita
1572 999 1649 1045 ipsa

129 1023 321 1063 sententia3
346 1035 460 1069 neque
486 1026 576 1059 enim
601 1028 638 1060 id
662 1029 720 1063 hic
744 1032 940 1075 quaeritur,
976 1046 1076 1078 quam
1103 1036 1156 1068 vel
1181 1038 1309 1081 magis,
1341 1041 1396 1073 vel
1432 1043 1542 1077 miuus
1569 1058 1649 1079 um·-

128 1068 228 1102 brata
252 1070 394 1105 fuerint.
443 1075 500 1114 At,
526 1080 563 1105 ut
586 1081 720 1109 taceam
744 1086 863 1123 atque,
890 1079 983 1113 haud
1006 1090 1192 1125 perspecta
1219 1086 1290 1118 eius
1315 1088 1507 1129 particulae
1533 1092 1648 1136 sigui-

128 1115 315 1159 ficatione,
339 1118 541 1163 saepissime
565 1121 600 1153 in
627 1125 731 1168 atqui
754 1131 922 1158 mutatum
950 1139 1025 1160 esse
1052 1141 1070 1161 a
1095 1129 1268 1174 librariis,
1303 1133 1404 1176 vide,
1439 1149 1539 1181 quam
1569 1147 1647 1173 tur-

127 1162 229 1195 betur
257 1164 367 1196 totius
394 1166 564 1199 orationis
591 1181 696 1202 nexus
723 1177 758 1202 et
784 1178 909 1214 tenor,
944 1173 972 1206 si
997 1187 1073 1208 cum
1100 1177 1235 1221 Heynio
1262 1180 1447 1224 scripseris
1472 1188 1542 1225 At,
1569 1189 1643 1231 qui.

126 1210 180 1241 Ita
205 1210 296 1243 enim
321 1211 379 1251 fit,
406 1220 443 1244 ut
468 1213 582 1246 missis
607 1216 674 1248 iam
699 1217 790 1259 illis,
816 1219 873 1264 qui
898 1221 1002 1254 modo
1029 1224 1198 1256 nominati
1224 1234 1323 1269 sunt,
1358 1229 1486 1271 Proca,
1514 1233 1643 1277 Capye,

126 1257 328 1299 Numitore,
354 1258 461 1292 silvio
486 1264 627 1304 Aenea,
661 1264 705 1296 ad
731 1264 818 1298 alios
850 1267 967 1299 nescio
995 1280 1081 1312 quos
1116 1279 1339 1306 convertatur
1365 1276 1489 1310 oratio.
1539 1281 1643 1320 Quod

125 1302 212 1335 mihi
236 1304 332 1337 nullo
359 1306 463 1339 modo
488 1308 574 1340 ferri
600 1321 704 1353 posse
729 1312 866 1345 videtur
891 1314 935 1346 ob
964 1327 1012 1349 VS.
1038 1317 1135 1350 778.:
1172 1319 1289 1360 „Quin
1326 1327 1360 1353 et
1385 1335 1448 1355 avo
1478 1326 1641 1360 comitem

124 1362 202 1382 sese
226 1351 421 1385 Mavortius
448 1353 556 1387 addet
585 1357 788 1391 Romulus.“
836 1360 987 1393 Primum
1014 1363 1103 1395 enirn
1132 1365 1220 1397 male
1246 1366 1296 1400 ita
1321 1367 1531 1404 divellentur
1553 1373 1640 1407 haec

124 1408 143 1430 a
169 1399 430 1442 superioribus,
464 1401 508 1433 ad
534 1414 621 1446 quae
649 1415 688 1436 ea
713 1405 931 1447 referuntur3
966 1414 1037 1440 tum
1062 1410 1150 1442 illud
1177 1414 1270 1454 Quin
1296 1423 1331 1446 ec
1363 1427 1432 1448 non
1464 1417 1639 1463 iutelligi-

122 1449 176 1476 tur
201 1454 302 1489 quam
328 1446 394 1478 vim
419 1447 569 1488 habeat3
595 1451 689 1493 quod
714 1452 804 1485 solet
827 1453 877 1486 ita
902 1455 1059 1498 proxime
1084 1460 1298 1501 praegressis
1324 1462 1469 1507 subiici,
1506 1472 1542 1497 ut
1569 1467 1639 1499 ali·
1680 1487 1686 1492 -

122 1491 206 1534 quid
230 1492 363 1533 simile,
389 1493 451 1526 sed
475 1495 567 1528 idem
592 1497 722 1539 maius,
756 1499 915 1533 addatur.
973 1503 1043 1534 lam
1080 1505 1174 1547 quod
1199 1513 1307 1550 poeta
1333 1508 1419 1542 dicit
1453 1524 1547 1552 „avo
1573 1526 1637 1546 co-

121 1539 240 1570 mitem
266 1551 345 1572 sese
369 1540 516 1583 addec‚“
541 1542 598 1585 id,
625 1545 826 1587 praemissis
855 1547 910 1580 his
936 1549 1126 1592 particulis,
1155 1550 1244 1586 hanc
1269 1554 1400 1587 habere
1425 1557 1531 1591 debet
1547 1559 1636 1592 vim:

122 1584 187 1617 erit
212 1584 247 1617 in
273 1586 417 1629 eodem,
444 1599 512 1632 quo
538 1601 631 1629 avus,
657 1603 800 1625 numero
827 1594 1015 1636 Romulus,
1038 1597 1087 1629 ita
1113 1605 1247 1641 tamen,
1274 1607 1310 1633 ut
1334 1613 1445 1645 nepos
1470 1605 1636 1639 maiorem

120 1631 244 1674 etiam,
269 1645 370 1677 quam
397 1646 502 1676 avuS,
535 1636 749 1680 adipiscatur
773 1639 937 1683 gloriam:
980 1654 1105 1688 nempe
1140 1657 1246 1679 novas
1280 1648 1433 1682 colonias
1460 1651 1636 1686 deducent

118 1677 268 1720 Procas,
293 1680 428 1725 Capys,
452 1683 636 1725 Numitor,
662 1685 813 1719 deducet
840 1687 953 1728 etiam,
979 1695 1015 1722 at
1041 1692 1159 1734 quam!
1185 1693 1363 1728 Romulus.
1414 1698 1509 1737 Quae
1530 1711 1635 1743 quum

118 1736 199 1758 vere
225 1725 424 1770 disputasse
448 1728 535 1761 mihi
560 1730 698 1772 videar,
739 1733 924 1767 videndum
958 1735 1025 1768 iam
1052 1736 1139 1779 erit,
1174 1747 1296 1783 spreto
1330 1741 1392 1774 illo
1428 1750 1463 1776 et
1495 1753 1632 1779 remoto

116 1775 167 1804 At
193 1774 275 1815 qui,
301 1774 384 1817 quid
408 1775 575 1809 faciamus
599 1777 754 1811 lectione
786 1787 920 1814 tantum
953 1794 1022 1815 non
1055 1785 1206 1818 omnium
1239 1788 1341 1820 codd.
1375 1789 1443 1822 fide
1478 1792 1633 1826 stabilita

115 1821 246 1863 Atque.
295 1821 432 1865 Nempe
447 1821 534 1855 haec
553 1825 721 1866 particula
741 1826 831 1860 hanc
850 1828 960 1861 habet
978 1831 1158 1874 propriam
1174 1833 1307 1875 vim‚—
1324 1835 1368 1867 de
1395 1849 1460 1880 qua
1483 1840 1633 1872 oninium

115 1866 246 1909 optime
276 1868 439 1910 exposuit
462 1870 621 1903 Handius
646 1871 680 1903 in
711 1884 752 1905 eo
778 1873 891 1916 libro,
926 1887 994 1919 quo
1028 1877 1122 1910 haud
1158 1880 1231 1913 scio
1268 1893 1312 1913 au
1337 1883 1514 1926 omnibus,
1549 1887 1630 1930 qui—

114 1923 260 1956 cumque
285 1914 329 1946 de
354 1922 451 1948 recta
477 1922 512 1948 et
538 1917 659 1950 subtiii
685 1920 724 1952 L.
749 1920 789 1953 L.
816 1922 1019 1966 cognitione
1056 1926 1197 1970 egregie
1222 1937 1442 1971 meruerunt,
1478 1932 1628 1976 palmam

114 1959 303 2002 eripuerit,
340 1960 375 1993 in
410 1975 516 1995 aureo
550 1963 613 1997 illo
640 1967 853 2008 Tui-sellino,
884 1989 921 1994 —
949 1976 986 2001 ut
1012 1973 1252 2016 comparandis
1288 1974 1459 2010 similibus
1486 1980 1628 2013 serviat.

114 2007 190 2046 Qua
216 2007 260 2039 ad
286 2007 377 2040 hunc
401 2009 515 2042 locum
541 2013 710 2045 translata
737 2022 882 2058 apparet
908 2015 998 2048 hanc
1023 2029 1099 2050 esse
1126 2019 1248 2052 horum
1273 2023 1455 2056 verborum
1482 2032 1629 2058 senten-

112 2053 212 2085 tiam:
250 2054 422 2098 Adspice,
459 2058 517 2100 qui
553 2057 716 2091 iuvenes!
753 2068 898 2104 quantas
934 2069 1112 2096 ostentant
1147 2067 1255 2098 vires!
1281 2087 1325 2092 —
1364 2071 1457 2113 quod
1491 2079 1628 2115 spectat

111 2100 156 2132 ad
179 2100 445 2141 fortitudinem;
471 2123 514 2127 —
540 2107 652 2149 Atque
678 2106 821 2140 iidem
846 2108 963 2141 civiles
988 2117 1115 2153 gerunt
1139 2124 1285 2146 coronas
1319 2115 1363 2147 ob
1391 2116 1503 2158 cives,
1537 2131 1626 2162 pro-

110 2145 192 2178 latis
217 2147 356 2192 imperii
382 2149 528 2191 finibus,
554 2151 588 2183 in
615 2152 770 2186 colonias
796 2155 984 2194 deduc-1033
1019 2157 1112 2189 sive:
1148 2165 1183 2190 et
1219 2167 1255 2191 ut
1279 2161 1331 2193 illi
1358 2162 1451 2195 bello
1478 2166 1625 2198 evadent

111 2192 317 2236 clarissimi,
342 2195 389 2228 ita
410 2196 506 2240 pacis
529 2197 660 2231 artibus
688 2200 820 2241 optime
847 2202 890 2233 de
916 2202 1047 2235 civibus
1075 2204 1144 2236 suis
1170 2208 1411 2247 merebuntur;
1438 2223 1531 2243 uam
1557 2213 1625 2244 de·-

110 2240 238 2273 ducent
273 2242 366 2274 cives
402 2244 437 2275 in
472 2243 639 2278 colonias.
689 2247 792 2287 Quod
825 2248 946 2281 addidi
982 2262 1085 2289 nam,
1122 2251 1157 2283 id
1193 2254 1276 2285 satis
1310 2262 1445 2288 constat
1476 2257 1509 2289 in
1539 2270 1624 2302 gra.-

108 2286 206 2319 viore
233 2288 395 2321 oratione
419 2302 524 2334 saepe
551 2292 665 2324 omitti
691 2305 708 2325 a
734 2295 870 2338 poeti33
907 2296 1011 2329 modo
1038 2296 1070 2329 in
1098 2298 1165 2330 fine
1190 2311 1238 2332 vs·
1265 2302 1343 2336 772.
1369 2304 1471 2335 colon
1497 2316 1621 2348 ponas.

107 2337 221 2378 Atque
240 2334 289 2367 sic
311 2346 408 2368 suum
429 2336 510 2369 huic
528 2336 608 2370 loco
626 2338 777 2372 nitorem
796 2342 991 2374 restituisse
1011 2344 1096 2376 mihi
1116 2344 1247 2379 videor.
1296 2348 1454 2382 Ceterum
1475 2363 1543 2384 non
1568 2359 1622 2386 est

106 2392 272 2422 necesse,
297 2383 449 2415 omnium
480 2384 601 2416 harum
629 2386 873 2422 deductionem
904 2389 1117 2423 coloniarum
1151 2391 1220 2425 illis
1250 2394 1357 2427 tribui
1390 2396 1496 2437 solis3
1534 2400 1619 2433 satis

106 2433 203 2468 erat,
231 2440 271 2460 ex
292 2428 422 2469 multis,
448 2430 506 2473 qui
525 2430 682 2465 colonias
704 2433 888 2467 deducturi
917 2443 1056 2477 essent,
1090 2445 1240 2482 quatuor
1259 2441 1476 2483 nominasse3
1507 2456 1620 2490 neque

104 2486 123 2506 a
142 2480 250 2518 poeta
272 2475 391 2507 eadem
415 2476 564 2519 exigitur
588 2478 684 2521 fides,
710 2492 796 2523 quae
814 2482 856 2513 ab
881 2481 1060 2516 historico.
1093 2485 1189 2528 lVr.)
1237 2497 1372 2532 gerant
1393 2491 1520 2524 Moret.
1548 2505 1618 2526 sec.

104 2528 140 2553 et
159 2521 318 2555 Parrhas.
368 2530 499 2567 tegunt
515 2523 630 2566 Bigot.
724 2528 792 2562 773
810 2528 1034 2563 ‚Numentum
1052 2531 1152 2565 Leid.
1175 2534 1320 2567 Mentel.
1351 2548 1404 2580 pr.
1452 2540 1498 2571 At
1524 2539 1615 2573 Vra-

102 2625 237 2664 adhuc
282 2628 445 2666 fuerant
467 2658 476 2676 ,
548 2637 664 2669 erant
710 2632 831 2672 rebus
888 2634 1059 2687 insignes
1074 2638 1289 2689 prodeunt.
1340 2643 1535 2683 Coronam
1557 2647 1616 2683 ci-

100 2683 203 2721 bello
223 2685 341 2735 gestis
362 2686 478 2724 clari:
502 2688 568 2737 qui
591 2697 827 2740 sequuntur,
886 2693 1038 2744 vicam,
1069 2695 1146 2733 hoc
1170 2704 1250 2746 est,
1282 2713 1511 2749 querceam,
1544 2716 1613 2753 ge-

100 2741 252 2779 artibus
281 2744 404 2793 pacis:
436 2758 537 2793 quae
570 2745 829 2787 declarantur
886 2757 1013 2801 stant,
1045 2753 1128 2792 scil.
1150 2755 1200 2792 ob
1220 2756 1324 2794 cives
1344 2766 1543 2808 servatos,
1573 2767 1612 2798 et

98 2811 170 2849 per
200 2799 374 2838 colonias
404 2802 597 2840 deductas
628 2811 667 2842 et
701 2819 827 2845 novas
886 2808 934 2846 de
954 2823 1037 2862 rep.
1070 2811 1169 2849 bene
1198 2815 1341 2853 meriti.
1401 2816 1608 2863 zmzbrata;

98 2856 215 2893 urbes
244 2858 439 2896 conditas.
476 2859 562 2912 (sed
594 2862 676 2901 vid.
705 2863 750 2902 V.
783 2866 825 2904 L.
884 2868 1109 2918 praeiverat
1133 2871 1288 2909 Lucret.
1322 2873 1368 2920 ΙΙ,
1400 2876 1480 2914 628
1515 2876 1609 2911 ηἰη-

101 2915 169 2953 W
165 2912 215 2967 r.)
274 2915 412 2966 Itaque
432 2918 589 2956 coronis
612 2920 746 2959 civicis
767 2922 825 2961 illi
880 2934 1061 2978 gzcntqzae
1078 2941 1258 2966 rosarum
1276 2929 1483 2979 Floribus,
1516 2944 1608 2969 um-
