1827 3436
396 215 810 268 AENE1DOS
848 217 990 265 ΜΒ.
1029 217 1067 277 1,
1097 221 1391 268 711-722
1551 226 1651 273 203

136 348 369 401 Insideat
390 352 620 411 quantus
644 342 872 390 miserae
897 341 1053 391 deus!
1091 346 1158 391 At
1179 359 1393 392 memor
1415 343 1502 393 ille

136 419 318 472 Matris
341 413 622 476 Acidaliae,
641 411 916 478 paullatim
942 411 1160 462 abolere
1186 413 1484 476 Sychaeum
1555 420 1585 464 7
1591 420 1658 467 20

137 489 344 555 Incipit,
385 494 437 534 et
459 485 579 532 vivo
607 491 778 532 tentat
798 491 1141 547 praevertere
1165 500 1350 532 amore

137 563 250 610 Iam
272 555 488 624 pridem
512 552 716 603 resides
740 553 947 602 animos
974 552 1302 619 desuetaque
1331 551 1504 602 corda.

210 656 326 703 719.
374 651 591 699 INsinAT

235 790 304 827 719
331 788 473 824 insidat
497 787 650 820 Medicei
675 795 711 822 et
735 783 949 833 optimorum
974 787 1078 821 codd.
1107 799 1165 832 ap.
1189 787 1310 820 Heins.
1335 793 1390 820 est
1413 784 1531 827 lectio,
1566 795 1666 829 quam

144 846 180 873 et
205 841 304 872 Serv.
331 849 371 870 ac
396 838 555 869 Donatus
582 841 798 879 agnoscunt,
823 847 898 868 cum
919 835 1058 876 Nonio,
1083 841 1259 880 tamquam
1280 833 1530 873 archaismum,
1555 831 1662 864 adeo-

142 898 209 932 que
232 884 443 918 doctiorem.
492 882 610 927 Vulgo
638 882 817 919 insideac;
853 894 955 927 quam
980 882 1084 916 codd.
1118 889 1154 915 et
1190 882 1269 915 edd.
1297 881 1464 914 familiam
1489 878 1596 920 ducit,
1630 883 1668 910 ut

141 933 246 975 alias,
271 934 460 965 Romanus.
508 930 561 962 De
587 941 663 962 voc.
688 929 722 961 vi
746 941 777 961 v.
803 930 968 962 German.
992 929 1072 962 Val.
1099 930 1254 972 (insidat
1272 929 1457 972 pauciores
1482 926 1565 959 libri
1593 936 1668 958 cum

141 980 251 1015 Paris.
276 979 310 1014 3.
338 985 374 1011 et
399 978 452 1019 8.;
496 977 581 1009 item
612 975 742 1009 Medic.
769 977 863 1022 apud
897 976 1058 1020 Foggin.,
1095 977 1189 1021 quod
1227 976 1255 1008 si
1281 975 1316 1007 in
1352 975 1429 1020 ipso
1457 980 1510 1006 est
1535 972 1668 1012 codice,

142 1026 300 1067 mireris,
326 1025 355 1058 si
380 1024 574 1066 Heinsium,
599 1023 756 1068 singulos
782 1024 817 1056 11.
843 1023 867 1056 l.
896 1024 1056 1065 codices,
1083 1023 1142 1068 qui
1166 1022 1310 1056 lectioni
1335 1022 1417 1054 huic
1440 1019 1669 1066 patrocinan—

143 1082 220 1118 tur,
253 1079 520 1113 recensentem,
556 1070 740 1115 effugerit,
774 1070 983 1116 praesertim
1018 1083 1122 1115 quum
1155 1071 1264 1104 verbo
1290 1070 1412 1102 sidere
1435 1067 1580 1100 mirifice
1612 1065 1670 1098 fa-

144 1128 242 1163 veat3
267 1121 338 1153 vid.
364 1121 408 1154 V.
434 1120 475 1152 L.
501 1118 546 1151 ad
571 1118 643 1151 Ecl.
669 1119 746 1158 VH,
774 1121 807 1152 1.
856 1118 978 1151 Plures
1004 1130 1169 1159 numero,
1204 1130 1270 1150 nec
1289 1128 1373 1161 prae
1392 1115 1462 1148 illis
1482 1112 1671 1159 spernendi

145 1168 308 1210 codices,
333 1167 368 1199 in
392 1167 519 1211 quibus
544 1167 643 1198 Rom.
663 1172 699 1197 et
719 1165 841 1206 Palae,
866 1166 1040 1209 praebent
1064 1165 1244 1203 insideat3
1279 1171 1459 1207 utramque
1482 1160 1670 1194 lectionem

145 1216 245 1250 novit
268 1214 421 1249 Servius.
472 1212 565 1254 Quid
591 1213 638 1245 sit
662 1212 769 1253 illud,
795 1213 891 1257 quod
915 1213 951 1245 in
975 1217 1082 1244 verbo
1108 1212 1247 1245 insidat
1271 1210 1472 1248 Fabricius,
1506 1206 1671 1240 Heinsius

147 1270 183 1297 et
207 1262 365 1308 Heynius
391 1260 670 1305 deprehendisse
694 1259 761 1291 sibi
786 1258 852 1292 visi
877 1267 955 1292 sunt
983 1256 1187 1303 α’ρχαϊκόν,
1213 1260 1329 1291 fateor
1354 1269 1409 1289 me
1434 1268 1503 1288 non
1529 1253 1672 1298 perspi-

147 1323 239 1345 cere.
288 1309 406 1344 Verba
430 1308 592 1341 insidere
615 1313 651 1339 et
685 1307 847 1341 insidere
880 1319 986 1351 quum
1018 1312 1115 1339 certo
1149 1304 1350 1338 discrimine
1383 1302 1558 1336 disiuncta
1592 1301 1671 1339 sint,

146 1358 277 1402 ubique
301 1355 490 1389 videndum
517 1354 604 1395 erit,
647 1359 763 1386 utrum
798 1353 921 1398 cuique
956 1353 1153 1386 sententiae
1179 1353 1293 1397 aptius
1318 1351 1375 1383 sit.
1433 1352 1503 1382 Iam
1527 1349 1671 1381 verbum

147 1405 311 1439 insidere
334 1402 509 1448 quietem,
533 1401 695 1434 insidere
719 1408 852 1434 motum
876 1401 1029 1440 indicat3
1066 1400 1134 1433 hoc
1168 1400 1318 1432 alienum
1343 1398 1385 1430 ab
1412 1397 1446 1429 h.
1477 1396 1523 1436 l.;
1559 1406 1672 1439 neque

149 1452 241 1486 enim
281 1451 357 1496 ipse
400 1448 536 1492 Cupido
582 1448 727 1481 advolat
768 1448 802 1480 in
845 1448 1012 1492 gremium
1057 1447 1226 1488 Didonis,
1281 1446 1363 1485 sed,
1406 1443 1500 1488 quod
1543 1455 1584 1475 ex
1616 1441 1670 1482 iis,

149 1512 238 1544 quae
274 1498 380 1530 modo
420 1495 656 1540 praecedunt,
692 1494 921 1540 intelligitur,
964 1495 1144 1527 insidet
1178 1493 1310 1538 gremio
1347 1490 1495 1523 Didonis
1528 1488 1674 1533 abipsa

149 1545 346 1591 impositus.
396 1543 554 1577 Sensisse
579 1543 648 1576 hoc
672 1542 812 1575 videtur
837 1544 1034 1583 Gesnerus,
1069 1541 1105 1573 iu
1129 1541 1313 1574 Thesauro
1338 1540 1378 1571 L.
1403 1539 1444 1570 L.
1470 1537 1559 1569 hanc
1584 1547 1674 1579 pro-

149 1605 285 1639 ponens
313 1590 601 1636 explicationem:
640 1590 802 1630 „insidat
827 1590 849 1623 i.
878 1602 906 1622 e.
933 1591 970 1622 isc
996 1590 1097 1622 illam
1118 1589 1303 1634 paulatim
1330 1584 1528 1619 descendat
1560 1584 1674 1615 imas-

151 1654 221 1686 que
248 1639 431 1672 medullas
459 1641 644 1683 occupet.“
702 1640 747 1669 At
772 1649 815 1669 ne
852 1637 920 1669 hoc
945 1636 1085 1681 quidem
1109 1635 1292 1681 procedit3
1329 1645 1409 1665 nam
1434 1643 1474 1664 ea
1500 1628 1676 1663 sententia

150 1686 320 1732 proximis
347 1686 484 1717 demum
510 1683 667 1717 versibus
693 1684 856 1717 conclusa
886 1691 948 1716 est.
999 1685 1097 1724 Quae
1130 1695 1233 1727 quum
1266 1681 1316 1713 ita
1342 1679 1430 1719 sint,
1465 1689 1536 1710 nou
1571 1675 1676 1709 dubi-

151 1734 222 1767 tavi
248 1733 410 1766 insideat
434 1743 613 1764 revocare.
670 1730 791 1764 Altera
823 1730 929 1763 lectio
965 1730 1047 1762 inde
1074 1738 1150 1762 orta
1175 1729 1334 1768 videtur,
1382 1725 1476 1771 quod
1509 1723 1677 1757 mendose

156 1782 326 1826 scriptum
352 1781 467 1811 fuerat
491 1779 666 1818 insicliac,
704 1778 799 1822 quod
821 1778 934 1822 ipsum
963 1778 1017 1810 vix
1043 1776 1185 1810 dubium
1212 1782 1265 1808 est
1289 1773 1372 1819 quin
1397 1771 1545 1813 scholii,
1583 1769 1677 1814 quod

154 1829 282 1873 legitur
308 1828 343 1859 iu
369 1826 491 1859 Servio
520 1825 696 1865 Danielis,
731 1826 888 1867 auctori,
932 1825 1089 1857 insidias
1105 1824 1229 1869 saciat
1254 1818 1523 1865 interpretanti,
1550 1818 1678 1850 obver-

155 1884 267 1909 satum
302 1874 418 1907 fuerit.
478 1872 611 1906 similia
644 1873 789 1914 menda,
830 1885 870 1905 ex
905 1871 1057 1916 repetita
1092 1871 1207 1915 aliqua
1242 1869 1371 1915 prioris
1398 1866 1554 1911 syllabae
1576 1865 1679 1896 litera

161 1929 255 1962 nata,
287 1921 396 1954 multa
422 1920 456 1952 in
483 1920 588 1953 codd.
614 1920 842 1960 oss'endimus3
869 1920 937 1952 vid.
964 1920 1008 1952 V.
1034 1919 1074 1951 L.
1102 1919 1146 1951 ad
1170 1930 1220 1950 vs.
1248 1915 1324 1951 104.
1358 1914 1453 1956 Wr.)
1504 1919 1679 1957 quantum

156 1983 200 2003 m.
228 1971 262 2002 d.
291 1981 334 2002 ac
359 1981 494 2001 memor
519 1969 641 2000 Franc.
681 1968 738 2011 (ac
764 1980 807 2000 m.
834 1966 938 1999 etiam
962 1965 1116 2009 Sangall.
1146 1964 1239 2007 Wr.)
1335 1963 1403 1998 720
1428 1960 1570 1994 obolere
1591 1957 1680 1991 alter

156 2019 297 2061 Menag.
395 2017 462 2050 721
494 2022 710 2061 pervertere
734 2015 905 2047 Montalb.
939 2013 1040 2046 Leid.
1084 2019 1299 2059 pervertere
1324 2020 1479 2042 amorem
1507 2006 1562 2038 ed.
1591 2007 1680 2037 Ven.

159 2072 193 2098 et
217 2064 268 2097 sic
294 2065 469 2096 Romanus
508 2061 690 2105 antiquiss.
746 2070 989 2108 praevertere
1020 2068 1141 2093 tentat
1175 2070 1299 2092 amore
1334 2058 1451 2100 Puget.
1490 2056 1682 2098 (temptare

158 2120 303 2145 vertere
328 2109 468 2149 Medic„
494 2108 732 2154 superscripta
753 2123 778 2155 p
804 2116 839 2141 et
858 2122 891 2142 a.
922 2108 1018 2149 JVr.)

161 2160 285 2202 (nimio
311 2158 377 2191 Alb
386 2182 393 2189 .
420 2156 516 2197 llf'r.)

162 2312 347 2351 Servius:
378 2310 659 2360 ‚,sustinet,
690 2317 739 2349 ut
772 2324 895 2362 supra

160 2385 220 2410 vs.
236 2373 331 2412 692.
348 2369 484 2418 solum
500 2371 695 2420 gremio.“
719 2371 769 2407 Et
790 2369 895 2406 conf.

162 2429 281 2468 Hom.
301 2428 344 2465 Il.
366 2427 476 2475 XXI,
499 2428 595 2468 506.
617 2428 665 2465 ab
688 2429 773 2480 ipso
783 2427 897 2479 Hey-

164 2488 230 2526 nio
259 2486 311 2523 ad
336 2485 402 2534 IV,
429 2484 496 2526 84.
524 2484 636 2524 laud.
663 2485 781 2538 Ilfr.)
816 2488 896 2522 mi—

164 2560 274 2583 serae
300 2557 374 2596 pro
403 2542 498 2590 sihi,
533 2551 682 2595 quanta
716 2559 807 2582 cum
837 2544 898 2582 vi!

165 2610 206 2642 et
224 2616 275 2640 ex
295 2607 434 2654 poetae
457 2603 698 2651 cogitatione
720 2609 759 2640 et
781 2615 900 2640 sensu

168 2661 317 2713 egregie
337 2666 397 2697 est
416 2659 634 2699 insertum:
667 2663 796 2699 inscia
816 2662 900 2698 Di-

166 2720 217 2757 do
232 2718 394 2757 Insidczt
410 2729 588 2769 «lucullus
611 2722 778 2757 miserae
791 2719 901 2755 deu-v.

170 2776 269 2830 (vid.
303 2777 348 2814 V.
387 2776 427 2813 L.
459 2774 509 2812 ad
552 2792 608 2816 vs,
643 2780 740 2819 718.
783 2775 901 2829 lVr.)

168 2835 365 2873 Acidalia
388 2834 524 2873 Venus
543 2837 591 2873 ab
612 2836 792 2873 Acidalio
811 2835 903 2872 son-

169 2900 230 2943 te,
263 2893 331 2944 qui
353 2897 411 2928 est
433 2891 477 2929 in
497 2893 753 2932 Orchomeno
775 2894 903 2931 Boeo-

169 2952 246 2989 tiae
277 2950 453 2998 civitate,
486 2954 526 2990 in
556 2967 636 3004 quo
667 2966 706 2990 se
741 2952 904 2990 Gratiae

1072 2108 1154 2139 vino
1181 2114 1206 2138 t.
1228 2119 1266 2151 p.
1293 2115 1450 2137 amorem
1469 2100 1576 2133 Goth.
1598 2105 1680 2130 tert.

613 2157 683 2190 722
708 2157 873 2188 dissueta
900 2168 955 2200 qu.
982 2156 1110 2188 Moret.
1138 2160 1173 2185 et
1199 2152 1308 2187 Wall.
1345 2151 1479 2194 (animo
1506 2154 1683 2190 suetoque

160 2206 302 2246 Medic.,
327 2204 465 2249 syllaba
492 2204 537 2236 de
561 2204 811 2248 superscripta.
840 2203 935 2246 ll'r.)

953 2310 1106 2355 lavant,
1138 2319 1236 2357 quas
1257 2301 1403 2342 Veneri
1424 2304 1582 2338 constat
1603 2308 1684 2334 esse

955 2372 1141 2404 sacratas.
1158 2364 1265 2401 Seri).
1285 2360 1438 2398 abolere
1454 2357 1684 2402 Sic-haeum,

954 2424 995 2463 h.
1019 2437 1051 2462 e.
1073 2421 1229 2460 Sichaei
1251 2417 1496 2464 memoriam,
1529 2412 1686 2452 deside-

954 2483 1074 2530 rium,
1107 2492 1296 2518 amorem.
1335 2481 1584 2527 praevertere
1615 2484 1686 2508 ex—

958 2541 1099 2592 quisite
1137 2552 1212 2590 pro
1249 2533 1438 2586 simplici,
1491 2541 1688 2581 occupare

959 2611 1105 2637 amore.
1158 2596 1270 2643 Nam,
1303 2591 1410 2643 quod
1434 2600 1687 2640 occupanmS,

959 2658 1001 2696 in
1031 2670 1076 2693 eo
1109 2653 1227 2692 simul
1258 2648 1551 2704 praevertimus
1580 2645 1687 2691 alios,

962 2728 1011 2754 ne
1041 2716 1248 2765 occupent.
1298 2707 1497 2761 (Seu-vius:
1529 2706 1688 2753 „Prae—

963 2782 1134 2819 verlere,
1169 2777 1482 2822 praeoccupare:
1522 2766 1688 2813 propter

963 2831 1157 2869 Iunonem
1188 2828 1270 2865 sine
1296 2824 1459 2863 dubio.“
1519 2820 1606 2858 Hoc
1627 2829 1689 2854 se—

964 2888 1104 2941 quitur
1130 2883 1340 2925 Wunderl.
1381 2880 1457 2918 Sed
1487 2879 1568 2930 ipse
1597 2888 1688 2911 sen-

965 2947 1180 2985 tentiarum
1204 2955 1332 2981 nexus
1352 2937 1505 2984 suadet,
1527 2941 1572 2973 ut
1592 2932 1688 2970 haec
