1811 3388
5 1817 15 1960 ι

0 2109 21 2268 l

371 161 791 213 AENEIDos
838 162 980 210 LIB.
1018 161 1354 223 v1‚55—69
1514 174 1611 220 353

105 292 212 338 Vos
235 304 454 355 quoque
472 290 796 350 Pergameae
823 287 927 335 iam
951 285 1027 335 fas
1053 295 1130 335 est
1153 303 1365 351 parcere
1387 290 1544 353 genti,

103 359 276 424 Dique
318 358 557 422 deaeque
609 372 799 405 omnes
824 397 836 419 ,
895 356 1087 422 quibus
1135 356 1334 404 obstitit
1370 358 1525 406 Ilium
1565 369 1615 408 et

883 427 1068 489 ingens

107 496 285 545 Gloria
306 494 617 546 Dardaniae.
692 497 908 560 Tuque,
949 512 980 544 o
1011 494 1332 544 sanctissima
1354 504 1511 558 vateS,
1551 499 1616 548 65

104 565 338 614 Praescia
356 565 589 625 venturi,
624 563 712 625 da,
749 581 859 613 non
884 565 1118 614 indebita
1149 580 1312 628 posco

104 637 286 698 Regna
315 635 447 683 meis
472 633 615 697 fatis,
652 635 801 684 Latio
829 635 1107 684 considere
1129 637 1381 695 Teucros,

103 705 444 769 Errantisque
470 704 625 764 deos,
665 704 957 770 agitataque
979 704 1196 753 numina
1218 703 1422 752 Troiae.

106 777 247 821 Tum
287 774 512 822 Phoebo
546 783 598 822 et
631 774 836 823 Triviae
869 773 1041 822 solido
1075 774 1141 822 de
1170 788 1441 821 marmore
1477 781 1613 820 tem-

885 843 1035 908 plum

173 917 250 963 69.
290 926 556 974 TEMPLUM‚

197 1028 242 1064 63
276 1029 417 1073 parcite
459 1028 591 1071 aliquot
632 1028 745 1070 Pier.,
789 1029 883 1073 quod
929 1035 964 1062 et
1006 1029 1118 1073 ipsum
1151 1027 1289 1071 placere
1323 1033 1460 1071 potest.
1495 1026 1613 1070 (idque

105 1075 263 1118 reposuit
289 1075 430 1109 VVakef.
460 1076 556 1117 lVr.)
603 1078 646 1108 At
681 1088 745 1108 nec
778 1076 915 1120 vulgata
941 1076 1068 1116 habet,
1104 1075 1197 1120 quod
1233 1086 1361 1106 novare
1386 1085 1527 1106 necesse
1553 1073 1610 1106 sit.

107 1122 338 1167 (Pergamiae
356 1122 575 1154 scribendum
600 1122 720 1163 videri,
747 1122 993 1156 declaravimus
1019 1124 1062 1155 ad
1087 1124 1145 1163 ΙΙΙ,
1173 1122 1249 1155 133.
1281 1120 1374 1163 in.)
1454 1120 1499 1153 64
1516 1120 1613 1151 Ilion

106 1177 141 1200 et
165 1169 310 1201 Dorvill.
360 1169 454 1201 Ilion
480 1171 611 1213 ingens
635 1169 693 1201 alii
723 1169 839 1210 Pierii,
872 1170 990 1213 lapsu,
1029 1181 1128 1214 quem
1165 1167 1249 1200 alias
1284 1178 1420 1212 quoque
1454 1166 1612 1198 vidimus.

107 1215 189 1258 (vid.
215 1217 258 1248 V.
286 1216 325 1247 L.
348 1215 392 1247 ad
418 1217 441 1256 Ι,
467 1216 522 1249 63.
553 1216 649 1257 Wr.)
700 1216 743 1250 65
776 1217 1032 1249 Dardanidum
1065 1216 1119 1249 ed.
1153 1216 1241 1246 ven.
1338 1214 1381 1247 66
1409 1215 1497 1245 Bene
1523 1214 1612 1244 Bur-

106 1274 248 1294 mannus
274 1261 435 1294 distinxit
460 1267 541 1306 post
565 1261 665 1304 fatis,
693 1269 730 1294 ut
755 1263 813 1295 sit:
853 1264 900 1295 da
924 1264 1034 1296 Latio
1059 1262 1246 1295 considere
1276 1262 1443 1292 Teucros.
1493 1261 1535 1290 Et
1563 1258 1613 1290 sic

106 1308 173 1341 iam
203 1308 284 1340 inde
311 1309 352 1340 ab
378 1308 468 1340 Aldo
501 1308 774 1352 interpunxerat.
821 1309 958 1353 (eodem
991 1309 1095 1341 modo
1132 1308 1166 1339 in
1192 1306 1350 1339 Medicco
1376 1305 1611 1349 distinguitur.

110 1355 206 1397 Wr.)
257 1355 325 1387 Alii
350 1354 418 1388 sic:
467 1355 514 1386 da
540 1356 627 1397 <non
653 1357 677 1388 i.
698 1356 823 1401 posco)
859 1359 990 1401 Regna
1021 1369 1063 1388 m.
1094 1354 1128 1401 s
1222 1355 1265 1388 67
1291 1354 1488 1385 con-sistere
1513 1353 1611 1383 Rom·

107 1408 140 1434 et
165 1401 300 1446 aliquot
325 1402 439 1442 codd.,
466 1413 550 1445 quos
579 1401 723 1434 Ursinus
748 1402 902 1442 viderat,
945 1402 1051 1436 Goth.
1078 1414 1145 1434 sec.
1171 1412 1245 1433 cum
1270 1399 1382 1431 tribus
1407 1411 1460 1442 ap.
1488 1400 1612 1436 Burm.,

106 1456 275 1492 perpetua
299 1448 480 1481 varietate.
514 1448 557 1480 cf,
582 1450 606 1489 Ι,
633 1450 711 1483 572.
746 1451 804 1489 ΙΙΙ,
832 1450 899 1484 162
932 1456 967 1481 et
991 1449 1036 1482 al.
1138 1448 1182 1481 69
1216 1446 1349 1491 templa
1381 1446 1495 1488 vulgg.
1532 1444 1611 1476 edd.

106 1501 187 1527 ante
218 1495 335 1527 Heius.
369 1502 404 1527 et
428 1494 543 1534 codd„
581 1495 642 1528 sed
674 1495 749 1527 fere
781 1495 1015 1535 recentiores,
1051 1500 1089 1526 ut
1122 1500 1195 1526 tres
1232 1492 1341 1525 Goth.
1375 1492 1472 1534 (item
1502 1490 1611 1523 Palat.

108 1553 182 1573 cum
207 1543 239 1575 6.
265 1543 297 1576 7.
325 1543 379 1576 11.
408 1542 463 1576 12.
496 1542 590 1585 Wr.)
639 1542 682 1573 Et
707 1548 849 1585 poterat
873 1542 957 1574 illud
982 1542 1121 1585 placere
1139 1566 1148 1581 ‚
1174 1539 1334 1584 quoniam
1359 1538 1403 1570 de
1427 1549 1494 1569 uno
1518 1544 1612 1569 tem-

106 1587 168 1631 plo
195 1588 326 1621 Dianae
349 1600 425 1620 cum
448 1587 613 1631 Apolline
639 1588 754 1620 dicato
780 1590 911 1621 Romae
936 1600 1003 1620 non
1030 1587 1223 1621 constabat.
1271 1584 1520 1628 Spanhemius,
1544 1583 1612 1615 iam

107 1635 301 1667 Burmanno
326 1634 497 1675 laudatus,
523 1634 567 1666 de
592 1646 654 1666 usu
680 1642 714 1666 et
737 1642 866 1678 praest.
891 1636 992 1667 Num.
1011 1636 1052 1667 T.
1072 1635 1112 1671 ΙΙ,
1140 1645 1174 1676 p.
1203 1633 1268 1666 129
1294 1643 1334 1663 ex
1349 1632 1506 1663 Varrone
1520 1630 1558 1661 L.
1571 1630 1612 1662 L.

107 1682 156 1714 IV
180 1681 281 1714 affert
302 1681 430 1721 locum,
453 1680 544 1713 unde
568 1680 775 1714 Noctilucae
798 1681 965 1726 templum
985 1681 1021 1713 in
1045 1679 1179 1713 Palatio
1204 1678 1322 1719 fuisse,
1347 1677 1383 1710 h.
1410 1689 1439 1709 e.
1467 1676 1612 1717 Dianae,

102 1776 271 1827 paliqae
306 1777 476 1826 reposti5
519 1774 716 1813 Cantaber
742 1783 834 1812 ante

109 1847 252 1870 omnes,
279 1854 335 1861 -—
359 1841 570 1883 praetenta
594 1838 639 1870 ut
671 1832 833 1870 Sicanio

103 1898 313 1940 praetenta
352 1892 442 1927 sina
470 1891 604 1927 insula
631 1890 696 1938 Ill,
737 1892 832 1931 692.

108 1948 257 1985 ltaliae
298 1946 502 1998 fugientis
534 1946 616 1985 vid.
648 1947 695 1996 V,
738 1949 831 1987 629.

111 2003 208 2052 (vid.
230 2003 275 2041 V.
297 2004 339 2042 L.
369 2003 420 2041 ad
453 2017 510 2042 vs.
534 2007 601 2044 61.
627 2025 684 2032 —-
709 2018 833 2053 pren-

110 2062 242 2097 dimus
265 2074 366 2109 oras,
379 2060 461 2099 vid.
480 2061 570 2098 Not.
590 2060 640 2097 ad
661 2060 724 2108 IV,
738 2061 832 2101 346.

116 2116 229 2169 llfr.)
306 2119 482 2155 'liviana
511 2119 709 2166 Fortuna,
760 2116 832 2154 ad-

110 2188 225 2213 versa
237 2188 289 2212 sc.
320 2174 416 2212 Mox
427 2174 597 2221 obstiti&
619 2187 719 2225 quae
736 2188 833 2212 con-

110 2232 206 2270 siliis
244 2232 391 2270 nostris
436 2232 658 2280 obsistunt,
708 2231 835 2270 invisa

111 2295 218 2327 sunt.

169 2348 364 2390 65-68,
387 2346 486 2384 Vide
500 2361 537 2385 v.
560 2346 614 2388 84
633 2359 715 2396 sqq.
747 2347 834 2394 Da,

111 2405 291 2443 Servius:
330 2405 416 2452 dic,
470 2412 601 2442 utram
633 2405 834 2455 possimus

111 2463 320 2500 considere.
360 2462 472 2499 Male.
532 2461 586 2499 At
602 2467 710 2498 recte
728 2461 834 2498 Bur-

111 2533 283 2557 mannus
326 2519 492 2558 alteram
535 2518 836 2570 interpretatio-

113 2590 203 2614 nem
225 2583 382 2615 tuetur:
413 2577 483 2623 cla,
520 2577 593 2625 sac,
626 2576 757 2623 effice,
789 2580 835 2613 ut

114 2635 281 2684 passim,
320 2648 359 2672 v.
388 2648 421 2674 c.
451 2634 538 2682 XII,
571 2637 636 2675 97.
697 2633 835 2671 Solent

114 2697 248 2729 autem
279 2691 320 2728 in
345 2691 542 2729 vaticiniis
560 2691 742 2729 notiones
760 2690 834 2728 hac

113 2748 218 2785 inter
236 2761 276 2785 se
296 2749 528 2799 permutari,
559 2755 626 2796 ut,
658 2762 746 2785 cum
770 2748 834 2785 di-

112 2818 227 2844 versa
253 2805 355 2853 sint,
390 2807 621 2855 praedicere
650 2812 689 2842 et
708 2820 832 2854 prae-

111 2864 220 2900 dic-la
250 2861 428 2911 efficere,
457 2868 571 2900 vates
602 2868 731 2899 tamen
759 2861 833 2899 sibi

892 1780 1089 1825 arrogent,
1121 1779 1192 1811 aut
1210 1778 1259 1810 ut
1276 1771 1435 1810 vatibus
1455 1770 1612 1808 tribua-

893 1840 961 1871 tur
989 1832 1159 1869 alterum
1186 1829 1275 1868 hoc.
1335 1829 1471 1878 ltaque
1493 1842 1513 1864 a
1538 1841 1614 1865 va-

890 1891 995 1928 tibus
1014 1888 1258 1940 postulatum
1273 1886 1446 1937 legimus,
1467 1891 1512 1922 ut
1527 1897 1613 1921 me-

893 1948 993 1986 liora
1017 1960 1063 1983 ac
1085 1945 1251 1983 laetiora
1277 1943 1534 1994 praedicant,
1567 1955 1612 1979 ac

892 2004 924 2041 si
948 2003 1024 2054 ipsi
1054 2015 1190 2040 rerum
1215 2007 1355 2039 eventa
1387 2000 1611 2050 disponant.

893 2059 992 2112 (vid.
1013 2060 1102 2098 Not.
1124 2059 1174 2096 ad
1194 2058 1257 2106 ΙΙΙ,
1280 2058 1346 2098 85.
1373 2055 1489 2108 llsr.)
1522 2056 1612 2104 Pro,

879 2118 961 2168 sac
983 2132 1053 2154 nos
1073 2116 1285 2163 considere,
1300 2126 1417 2164 quarn
1437 2114 1612 2163 graviter

892 2175 967 2212 ista
988 2188 1026 2212 v.
1051 2176 1116 2214 67.
1138 2175 1204 2214 68.
1262 2174 1423 2222 agilala
1445 2172 1612 2207 numina

891 2238 1053 2283 penates
1066 2230 1133 2280 qui
1146 2229 1264 2267 modo
1287 2234 1463 2265 errantes
1476 2233 1612 2275 erant3

892 2303 985 2327 nam
1012 2287 1200 2326 erroribus
1230 2288 1450 2337 agitamur,
1484 2297 1611 2322 vexa-

892 2359 994 2384 mur.

950 2400 1145 2444 69-74.
1176 2399 1238 2438 Ad
1259 2399 1450 2450 templum
1477 2398 1517 2435 in
1534 2397 1611 2434 Pa-

891 2460 989 2498 latio
1012 2458 1060 2496 ab
1085 2458 1263 2508 Augusto
1292 2458 1438 2494 sactum
1457 2455 1610 2506 respici,

891 2524 938 2556 ut
960 2516 1109 2555 Aeneas
1131 2529 1181 2553 ex
1200 2520 1452 2566 posterorum
1474 2525 1612 2563 perso—

892 2589 942 2612 na
962 2580 1057 2612 vota
1077 2573 1209 2620 saciat,
1249 2573 1326 2610 iam
1347 2570 1507 2608 Servius
1535 2584 1611 2607 no-

893 2633 1007 2670 tavit.
1039 2632 1086 2669 cf.
1107 2633 1270 2668 Sueton.
1288 2630 1428 2667 octav.
1452 2631 1517 2668 29.
1551 2627 1611 2663 Ex

892 2689 1045 2740 Virgilii
1077 2694 1209 2726 autem
1244 2687 1375 2725 verbis
1406 2685 1475 2723 vix
1497 2684 1610 2720 aliter

891 2747 1054 2795 sentias,
1105 2759 1222 2796 quani
1237 2774 1246 2792 ‚
1292 2758 1381 2781 cuin
1418 2741 1609 2792 Apolline,

890 2804 1036 2841 Dianae
1079 2815 1236 2853 quoque
1267 2801 1392 2838 sorori
1420 2797 1608 2847 templum

890 2861 1115 2898 Palatinum
1154 2860 1269 2896 suisze
1310 2861 1604 2900 consecratu1n3
