<?xml version="1.0" encoding="UTF-8"?>
<!DOCTYPE html PUBLIC "-//W3C//DTD XHTML 1.0 Transitional//EN"
    "http://www.w3.org/TR/xhtml1/DTD/xhtml1-transitional.dtd">
<html xmlns="http://www.w3.org/1999/xhtml" xml:lang="en" lang="en">
 <head>
  <title>
</title>
<meta http-equiv="Content-Type" content="text/html;charset=utf-8" />
  <meta name='ocr-system' content='tesseract 3.04.00' />
  <meta name='ocr-capabilities' content='ocr_page ocr_carea ocr_par ocr_line ocrx_word'/>
</head>
<body>
  <div class='ocr_page' id='page_1' title='image "./publiusvirgilius02virguoft/publiusvirgilius02virguoft_0245.png"; bbox 0 0 1827 3436; ppageno 0'>
   <div class='ocr_carea' id='block_1_1' title="bbox 526 261 1613 325">
    <p class='ocr_par' dir='ltr' id='par_1_1' title="bbox 526 261 1613 325">
     <span class='ocr_line' id='line_1_1' title="bbox 526 261 1613 325; baseline 0.017 -18"><span class='ocrx_word' id='word_1_1' title='bbox 526 262 644 309; x_wconf 91' lang='lat' dir='ltr'>AD</span> <span class='ocrx_word' id='word_1_2' title='bbox 716 261 1115 313; x_wconf 88' lang='lat' dir='ltr'>LIBRUM</span> <span class='ocrx_word' id='word_1_3' title='bbox 1187 266 1210 313; x_wconf 93' lang='lat' dir='ltr'>I</span> <span class='ocrx_word' id='word_1_4' title='bbox 1515 280 1613 325; x_wconf 75' lang='lat'>237</span> 
     </span>
    </p>
   </div>
   <div class='ocr_carea' id='block_1_2' title="bbox 101 387 1622 1030">
    <p class='ocr_par' dir='ltr' id='par_1_2' title="bbox 101 387 1622 1030">
     <span class='ocr_line' id='line_1_2' title="bbox 107 387 1616 444; baseline 0.007 -14"><span class='ocrx_word' id='word_1_5' title='bbox 107 391 310 444; x_wconf 83' lang='lat' dir='ltr'>Augustus</span> <span class='ocrx_word' id='word_1_6' title='bbox 345 389 386 428; x_wconf 90' lang='lat' dir='ltr'>in</span> <span class='ocrx_word' id='word_1_7' title='bbox 419 387 514 428; x_wconf 87' lang='lat' dir='ltr'>Fori</span> <span class='ocrx_word' id='word_1_8' title='bbox 546 389 606 427; x_wconf 86' lang='lat' dir='ltr'>sui</span> <span class='ocrx_word' id='word_1_9' title='bbox 644 390 830 442; x_wconf 84' lang='lat' dir='ltr'>partibus</span> <span class='ocrx_word' id='word_1_10' title='bbox 865 391 1132 432; x_wconf 85' lang='lat' dir='ltr'><strong>celeberrimis</strong></span> <span class='ocrx_word' id='word_1_11' title='bbox 1175 394 1392 436; x_wconf 76' lang='lat' dir='ltr'><strong>dicaverat.</strong></span> <span class='ocrx_word' id='word_1_12' title='bbox 1469 400 1524 439; x_wconf 85' lang='lat' dir='ltr'>Ut</span> <span class='ocrx_word' id='word_1_13' title='bbox 1553 408 1616 440; x_wconf 82' lang='lat' dir='ltr'>ta-</span> 
     </span>
     <span class='ocr_line' id='line_1_3' title="bbox 105 446 1617 502; baseline 0.005 -14"><span class='ocrx_word' id='word_1_14' title='bbox 105 463 195 489; x_wconf 89' lang='lat' dir='ltr'>men</span> <span class='ocrx_word' id='word_1_15' title='bbox 220 449 421 502; x_wconf 80' lang='lat' dir='ltr'>picturam</span> <span class='ocrx_word' id='word_1_16' title='bbox 451 446 559 485; x_wconf 88' lang='lat' dir='ltr'>hanc</span> <span class='ocrx_word' id='word_1_17' title='bbox 586 447 772 500; x_wconf 81' lang='lat' dir='ltr'>Virgilius</span> <span class='ocrx_word' id='word_1_18' title='bbox 798 448 866 488; x_wconf 89' lang='lat' dir='ltr'>hic</span> <span class='ocrx_word' id='word_1_19' title='bbox 895 457 990 489; x_wconf 84' lang='lat' dir='ltr'>ante</span> <span class='ocrx_word' id='word_1_20' title='bbox 1021 451 1157 490; x_wconf 90' lang='lat' dir='ltr'>oculos</span> <span class='ocrx_word' id='word_1_21' title='bbox 1183 451 1368 492; x_wconf 85' lang='lat' dir='ltr'>habuisse</span> <span class='ocrx_word' id='word_1_22' title='bbox 1394 456 1522 496; x_wconf 79' lang='lat' dir='ltr'>videri</span> <span class='ocrx_word' id='word_1_23' title='bbox 1548 460 1617 497; x_wconf 84' lang='lat' dir='ltr'>de-</span> 
     </span>
     <span class='ocr_line' id='line_1_4' title="bbox 104 505 1618 561; baseline 0.007 -16"><span class='ocrx_word' id='word_1_24' title='bbox 104 509 219 556; x_wconf 88' lang='lat' dir='ltr'>beat,</span> <span class='ocrx_word' id='word_1_25' title='bbox 251 505 362 557; x_wconf 90' lang='lat' dir='ltr'>quod</span> <span class='ocrx_word' id='word_1_26' title='bbox 393 505 472 543; x_wconf 85' lang='lat' dir='ltr'>iam</span> <span class='ocrx_word' id='word_1_27' title='bbox 504 505 546 543; x_wconf 90' lang='lat' dir='ltr'>in</span> <span class='ocrx_word' id='word_1_28' title='bbox 579 507 782 545; x_wconf 81' lang='lat' dir='ltr'>Servianis</span> <span class='ocrx_word' id='word_1_29' title='bbox 810 508 1036 561; x_wconf 84' lang='lat' dir='ltr'>suspicatus</span> <span class='ocrx_word' id='word_1_30' title='bbox 1064 510 1224 561; x_wconf 87' lang='lat' dir='ltr'>aliquis,</span> <span class='ocrx_word' id='word_1_31' title='bbox 1256 525 1413 550; x_wconf 88' lang='lat' dir='ltr'>necesse</span> <span class='ocrx_word' id='word_1_32' title='bbox 1438 528 1518 553; x_wconf 89' lang='lat' dir='ltr'>non</span> <span class='ocrx_word' id='word_1_33' title='bbox 1548 524 1618 556; x_wconf 88' lang='lat' dir='ltr'>est.</span> 
     </span>
     <span class='ocr_line' id='line_1_5' title="bbox 104 563 1619 625; baseline 0.006 -22"><span class='ocrx_word' id='word_1_34' title='bbox 104 564 221 603; x_wconf 89' lang='lat' dir='ltr'>Notio</span> <span class='ocrx_word' id='word_1_35' title='bbox 245 563 345 602; x_wconf 89' lang='lat' dir='ltr'>haec</span> <span class='ocrx_word' id='word_1_36' title='bbox 375 563 597 602; x_wconf 85' lang='lat' dir='ltr'>admodum</span> <span class='ocrx_word' id='word_1_37' title='bbox 620 564 737 603; x_wconf 87' lang='lat' dir='ltr'>obvia</span> <span class='ocrx_word' id='word_1_38' title='bbox 759 571 800 603; x_wconf 85' lang='lat' dir='ltr'>et</span> <span class='ocrx_word' id='word_1_39' title='bbox 825 567 1070 618; x_wconf 90' lang='lat' dir='ltr'>communis,</span> <span class='ocrx_word' id='word_1_40' title='bbox 1106 574 1153 607; x_wconf 89' lang='lat' dir='ltr'>ut</span> <span class='ocrx_word' id='word_1_41' title='bbox 1178 569 1436 621; x_wconf 85' lang='lat' dir='ltr'>Discordiam,</span> <span class='ocrx_word' id='word_1_42' title='bbox 1456 573 1619 625; x_wconf 86' lang='lat' dir='ltr'>Bellum,</span> 
     </span>
     <span class='ocr_line' id='line_1_6' title="bbox 105 621 1619 680; baseline 0.006 -19"><span class='ocrx_word' id='word_1_43' title='bbox 105 624 294 670; x_wconf 74' lang='lat' dir='ltr'>Martem,</span> <span class='ocrx_word' id='word_1_44' title='bbox 337 621 517 671; x_wconf 83' lang='lat' dir='ltr'>vinctos,</span> <span class='ocrx_word' id='word_1_45' title='bbox 558 623 733 674; x_wconf 79' lang='lat' dir='ltr'>religatis</span> <span class='ocrx_word' id='word_1_46' title='bbox 765 630 859 676; x_wconf 89' lang='lat' dir='ltr'>post</span> <span class='ocrx_word' id='word_1_47' title='bbox 890 631 1047 677; x_wconf 87' lang='lat' dir='ltr'>tergum</span> <span class='ocrx_word' id='word_1_48' title='bbox 1078 627 1282 677; x_wconf 79' lang='lat' dir='ltr'>manibus,</span> <span class='ocrx_word' id='word_1_49' title='bbox 1313 627 1461 680; x_wconf 74' lang='lat' dir='ltr'>fingere</span> <span class='ocrx_word' id='word_1_50' title='bbox 1491 632 1619 670; x_wconf 88' lang='lat' dir='ltr'>animo</span> 
     </span>
     <span class='ocr_line' id='line_1_7' title="bbox 103 679 1621 738; baseline 0.006 -19"><span class='ocrx_word' id='word_1_51' title='bbox 103 681 241 730; x_wconf 70' lang='lat' dir='ltr'>liceat,</span> <span class='ocrx_word' id='word_1_52' title='bbox 271 679 455 732; x_wconf 83' lang='lat' dir='ltr'>inprimis</span> <span class='ocrx_word' id='word_1_53' title='bbox 488 679 596 719; x_wconf 86' lang='lat' dir='ltr'>inter</span> <span class='ocrx_word' id='word_1_54' title='bbox 626 694 713 730; x_wconf 83' lang='lat' dir='ltr'>eOS,</span> <span class='ocrx_word' id='word_1_55' title='bbox 746 682 815 733; x_wconf 90' lang='lat' dir='ltr'>qui</span> <span class='ocrx_word' id='word_1_56' title='bbox 850 682 1103 736; x_wconf 87' lang='lat' dir='ltr'>triumphum</span> <span class='ocrx_word' id='word_1_57' title='bbox 1139 685 1219 736; x_wconf 76' lang='lat' dir='ltr'>agi,</span> <span class='ocrx_word' id='word_1_58' title='bbox 1251 685 1292 723; x_wconf 90' lang='lat' dir='ltr'>in</span> <span class='ocrx_word' id='word_1_59' title='bbox 1329 699 1454 738; x_wconf 89' lang='lat' dir='ltr'>eoque</span> <span class='ocrx_word' id='word_1_60' title='bbox 1488 688 1621 728; x_wconf 87' lang='lat' dir='ltr'>hostes</span> 
     </span>
     <span class='ocr_line' id='line_1_8' title="bbox 104 737 1622 791; baseline 0.007 -15"><span class='ocrx_word' id='word_1_61' title='bbox 104 744 241 790; x_wconf 85' lang='lat' dir='ltr'>captos</span> <span class='ocrx_word' id='word_1_62' title='bbox 284 737 431 776; x_wconf 84' lang='lat' dir='ltr'>vinctis</span> <span class='ocrx_word' id='word_1_63' title='bbox 468 744 560 789; x_wconf 89' lang='lat' dir='ltr'>post</span> <span class='ocrx_word' id='word_1_64' title='bbox 597 744 755 791; x_wconf 85' lang='lat' dir='ltr'>tergum</span> <span class='ocrx_word' id='word_1_65' title='bbox 792 741 975 779; x_wconf 82' lang='lat' dir='ltr'>manibus</span> <span class='ocrx_word' id='word_1_66' title='bbox 1014 741 1107 780; x_wconf 89' lang='lat' dir='ltr'>duci</span> <span class='ocrx_word' id='word_1_67' title='bbox 1143 742 1346 783; x_wconf 78' lang='lat' dir='ltr'>viderant.</span> <span class='ocrx_word' id='word_1_68' title='bbox 1433 746 1622 786; x_wconf 82' lang='lat' dir='ltr'>Occurrit</span> 
     </span>
     <span class='ocr_line' id='line_1_9' title="bbox 103 795 1620 857; baseline 0.006 -23"><span class='ocrx_word' id='word_1_69' title='bbox 103 807 262 848; x_wconf 87' lang='lat' dir='ltr'>quoque</span> <span class='ocrx_word' id='word_1_70' title='bbox 293 795 420 833; x_wconf 87' lang='lat' dir='ltr'>simile</span> <span class='ocrx_word' id='word_1_71' title='bbox 444 804 726 847; x_wconf 81' lang='lat' dir='ltr'>argumentum</span> <span class='ocrx_word' id='word_1_72' title='bbox 749 798 789 836; x_wconf 90' lang='lat' dir='ltr'>in</span> <span class='ocrx_word' id='word_1_73' title='bbox 814 799 912 837; x_wconf 84' lang='lat' dir='ltr'>artis</span> <span class='ocrx_word' id='word_1_74' title='bbox 939 800 1092 851; x_wconf 86' lang='lat' dir='ltr'>priscae</span> <span class='ocrx_word' id='word_1_75' title='bbox 1117 800 1317 852; x_wconf 79' lang='lat' dir='ltr'>operibus.</span> <span class='ocrx_word' id='word_1_76' title='bbox 1376 802 1474 843; x_wconf 83' lang='lat' dir='ltr'>Erat</span> <span class='ocrx_word' id='word_1_77' title='bbox 1497 807 1620 857; x_wconf 88' lang='lat' dir='ltr'>Spar—</span> 
     </span>
     <span class='ocr_line' id='line_1_10' title="bbox 102 854 1619 915; baseline 0.005 -23"><span class='ocrx_word' id='word_1_78' title='bbox 102 861 167 892; x_wconf 81' lang='lat' dir='ltr'>tae</span> <span class='ocrx_word' id='word_1_79' title='bbox 197 858 314 892; x_wconf 86' lang='lat' dir='ltr'>vetus</span> <span class='ocrx_word' id='word_1_80' title='bbox 344 854 498 906; x_wconf 82' lang='lat' dir='ltr'>signum</span> <span class='ocrx_word' id='word_1_81' title='bbox 531 854 672 893; x_wconf 81' lang='lat' dir='ltr'>Martis</span> <span class='ocrx_word' id='word_1_82' title='bbox 706 855 869 894; x_wconf 89' lang='lat' dir='ltr'>vinculo</span> <span class='ocrx_word' id='word_1_83' title='bbox 904 857 1099 908; x_wconf 85' lang='lat' dir='ltr'>impediti.</span> <span class='ocrx_word' id='word_1_84' title='bbox 1166 859 1334 898; x_wconf 87' lang='lat' dir='ltr'>Pausan.</span> <span class='ocrx_word' id='word_1_85' title='bbox 1367 861 1443 911; x_wconf 88' lang='lat' dir='ltr'>III,</span> <span class='ocrx_word' id='word_1_86' title='bbox 1480 856 1543 905; x_wconf 51' lang='lat' dir='ltr'>15ss</span> <span class='ocrx_word' id='word_1_87' title='bbox 1582 878 1619 915; x_wconf 86' lang='lat' dir='ltr'>p.</span> 
     </span>
     <span class='ocr_line' id='line_1_11' title="bbox 101 911 1619 968; baseline 0.007 -19"><span class='ocrx_word' id='word_1_88' title='bbox 101 911 198 954; x_wconf 80' lang='lat'>245.</span> <span class='ocrx_word' id='word_1_89' title='bbox 256 911 451 950; x_wconf 82' lang='lat' dir='ltr'>Nostrum</span> <span class='ocrx_word' id='word_1_90' title='bbox 476 919 569 950; x_wconf 86' lang='lat' dir='ltr'>ante</span> <span class='ocrx_word' id='word_1_91' title='bbox 600 913 737 952; x_wconf 90' lang='lat' dir='ltr'>oculos</span> <span class='ocrx_word' id='word_1_92' title='bbox 768 914 912 953; x_wconf 82' lang='lat' dir='ltr'>habuit</span> <span class='ocrx_word' id='word_1_93' title='bbox 940 916 1129 968; x_wconf 87' lang='lat' dir='ltr'>Calpurn.</span> <span class='ocrx_word' id='word_1_94' title='bbox 1159 917 1185 966; x_wconf 87' lang='grc' dir='ltr'>Ι,</span> <span class='ocrx_word' id='word_1_95' title='bbox 1207 916 1262 958; x_wconf 83' lang='lat'>46</span> <span class='ocrx_word' id='word_1_96' title='bbox 1296 918 1346 955; x_wconf 91' lang='lat' dir='ltr'>de</span> <span class='ocrx_word' id='word_1_97' title='bbox 1375 919 1619 959; x_wconf 83' lang='lat' dir='ltr'>Numeriano</span> 
     </span>
     <span class='ocr_line' id='line_1_12' title="bbox 102 970 1619 1030; baseline 0.006 -22"><span class='ocrx_word' id='word_1_98' title='bbox 102 970 284 1008; x_wconf 82' lang='lat' dir='ltr'>Caesare:</span> <span class='ocrx_word' id='word_1_99' title='bbox 322 970 436 1008; x_wconf 72' lang='lat' dir='ltr'>dabit</span> <span class='ocrx_word' id='word_1_100' title='bbox 464 972 593 1022; x_wconf 77' lang='lat' dir='ltr'>impia</span> <span class='ocrx_word' id='word_1_101' title='bbox 624 974 782 1009; x_wconf 55' lang='lat' dir='ltr'>rinelas</span> <span class='ocrx_word' id='word_1_102' title='bbox 814 974 913 1011; x_wconf 77' lang='lat' dir='ltr'>Post</span> <span class='ocrx_word' id='word_1_103' title='bbox 943 982 1099 1024; x_wconf 68' lang='lat' dir='ltr'>tetgum</span> <span class='ocrx_word' id='word_1_104' title='bbox 1125 976 1301 1013; x_wconf 79' lang='lat' dir='ltr'>Bellona</span> <span class='ocrx_word' id='word_1_105' title='bbox 1336 990 1496 1027; x_wconf 75' lang='lat' dir='ltr'>manus,</span> <span class='ocrx_word' id='word_1_106' title='bbox 1522 994 1619 1030; x_wconf 78' lang='lat' dir='ltr'>spo-</span> 
     </span>
    </p>
   </div>
   <div class='ocr_carea' id='block_1_3' title="bbox 77 1029 1618 1085">
    <p class='ocr_par' dir='ltr' id='par_1_3' title="bbox 77 1029 1618 1085">
     <span class='ocr_line' id='line_1_13' title="bbox 77 1029 1618 1085; baseline 0.006 -21"><span class='ocrx_word' id='word_1_107' title='bbox 77 1029 282 1079; x_wconf 63' lang='lat' dir='ltr'>liataque</span> <span class='ocrx_word' id='word_1_108' title='bbox 307 1029 395 1066; x_wconf 81' lang='lat' dir='ltr'>telis</span> <span class='ocrx_word' id='word_1_109' title='bbox 423 1030 475 1066; x_wconf 81' lang='lat' dir='ltr'>ln</span> <span class='ocrx_word' id='word_1_110' title='bbox 506 1043 582 1067; x_wconf 80' lang='lat' dir='ltr'>sua</span> <span class='ocrx_word' id='word_1_111' title='bbox 610 1044 777 1067; x_wconf 60' lang='lat' dir='ltr'>vesanos</span> <span class='ocrx_word' id='word_1_112' title='bbox 804 1030 996 1083; x_wconf 75' lang='lat' dir='ltr'>torquebit</span> <span class='ocrx_word' id='word_1_113' title='bbox 1030 1034 1180 1070; x_wconf 70' lang='lat' dir='ltr'>viscera</span> <span class='ocrx_word' id='word_1_114' title='bbox 1217 1048 1385 1084; x_wconf 70' lang='lat' dir='ltr'>mor-3113,</span> <span class='ocrx_word' id='word_1_115' title='bbox 1422 1038 1496 1085; x_wconf 81' lang='lat' dir='ltr'>Et,</span> <span class='ocrx_word' id='word_1_116' title='bbox 1530 1051 1618 1074; x_wconf 89' lang='lat' dir='ltr'>mo—</span> 
     </span>
    </p>
   </div>
   <div class='ocr_carea' id='block_1_4' title="bbox 91 1085 1618 3049">
    <p class='ocr_par' dir='ltr' id='par_1_4' title="bbox 91 1085 1618 3049">
     <span class='ocr_line' id='line_1_14' title="bbox 99 1085 1618 1142; baseline 0.007 -19"><span class='ocrx_word' id='word_1_117' title='bbox 99 1085 150 1123; x_wconf 84' lang='lat' dir='ltr'>do</span> <span class='ocrx_word' id='word_1_118' title='bbox 189 1100 295 1138; x_wconf 78' lang='lat' dir='ltr'>quae</span> <span class='ocrx_word' id='word_1_119' title='bbox 336 1094 414 1124; x_wconf 77' lang='lat' dir='ltr'>tolo</span> <span class='ocrx_word' id='word_1_120' title='bbox 450 1088 594 1124; x_wconf 68' lang='lat' dir='ltr'>civilia</span> <span class='ocrx_word' id='word_1_121' title='bbox 629 1087 785 1125; x_wconf 74' lang='lat' dir='ltr'>distulit</span> <span class='ocrx_word' id='word_1_122' title='bbox 816 1089 929 1137; x_wconf 79' lang='lat' dir='ltr'>orbe,</span> <span class='ocrx_word' id='word_1_123' title='bbox 969 1090 1112 1127; x_wconf 80' lang='lat' dir='ltr'>Secum</span> <span class='ocrx_word' id='word_1_124' title='bbox 1150 1089 1255 1128; x_wconf 80' lang='lat' dir='ltr'>bella</span> <span class='ocrx_word' id='word_1_125' title='bbox 1284 1101 1409 1142; x_wconf 79' lang='lat' dir='ltr'>geret.</span> <span class='ocrx_word' id='word_1_126' title='bbox 1487 1094 1618 1133; x_wconf 85' lang='lat' dir='ltr'>Huius</span> 
     </span>
     <span class='ocr_line' id='line_1_15' title="bbox 91 1144 1617 1201; baseline 0.007 -21"><span class='ocrx_word' id='word_1_127' title='bbox 91 1152 215 1195; x_wconf 82' lang='lat' dir='ltr'>porta</span> <span class='ocrx_word' id='word_1_128' title='bbox 242 1144 357 1192; x_wconf 70' lang='lat' dir='ltr'>(lira,</span> <span class='ocrx_word' id='word_1_129' title='bbox 391 1144 484 1196; x_wconf 84' lang='lat' dir='ltr'>quia</span> <span class='ocrx_word' id='word_1_130' title='bbox 512 1144 576 1182; x_wconf 85' lang='lat' dir='ltr'>dei</span> <span class='ocrx_word' id='word_1_131' title='bbox 607 1145 685 1183; x_wconf 86' lang='lat' dir='ltr'>diri</span> <span class='ocrx_word' id='word_1_132' title='bbox 713 1151 754 1184; x_wconf 87' lang='lat' dir='ltr'>et</span> <span class='ocrx_word' id='word_1_133' title='bbox 784 1146 1063 1197; x_wconf 86' lang='lat' dir='ltr'>abominandi,</span> <span class='ocrx_word' id='word_1_134' title='bbox 1095 1148 1421 1201; x_wconf 72' lang='lat' dir='ltr'>clauditurfirro</span> <span class='ocrx_word' id='word_1_135' title='bbox 1447 1161 1482 1189; x_wconf 81' lang='lat' dir='ltr'>et</span> <span class='ocrx_word' id='word_1_136' title='bbox 1506 1167 1617 1190; x_wconf 76' lang='lat' dir='ltr'>com-</span> 
     </span>
     <span class='ocr_line' id='line_1_16' title="bbox 95 1201 1616 1263; baseline 0.004 -25"><span class='ocrx_word' id='word_1_137' title='bbox 95 1201 278 1252; x_wconf 76' lang='lat' dir='ltr'>pagibus</span> <span class='ocrx_word' id='word_1_138' title='bbox 305 1204 404 1239; x_wconf 77' lang='lat' dir='ltr'>artis</span> <span class='ocrx_word' id='word_1_139' title='bbox 433 1217 461 1243; x_wconf 80' lang='lat' dir='ltr'>s.</span> <span class='ocrx_word' id='word_1_140' title='bbox 491 1203 663 1241; x_wconf 81' lang='lat' dir='ltr'>vinculis</span> <span class='ocrx_word' id='word_1_141' title='bbox 696 1202 735 1241; x_wconf 93' lang='lat' dir='ltr'>h.</span> <span class='ocrx_word' id='word_1_142' title='bbox 768 1217 799 1243; x_wconf 91' lang='lat' dir='ltr'>e.</span> <span class='ocrx_word' id='word_1_143' title='bbox 832 1205 986 1242; x_wconf 84' lang='lat' dir='ltr'>foribus</span> <span class='ocrx_word' id='word_1_144' title='bbox 1013 1206 1185 1245; x_wconf 81' lang='lat' dir='ltr'>serratis.</span> <span class='ocrx_word' id='word_1_145' title='bbox 1231 1207 1347 1246; x_wconf 82' lang='lat' dir='ltr'>Hom.</span> <span class='ocrx_word' id='word_1_146' title='bbox 1380 1206 1510 1263; x_wconf 54' lang='grc' dir='ltr'>θύρη</span> <span class='ocrx_word' id='word_1_147' title='bbox 1537 1227 1616 1250; x_wconf 68' lang='grc' dir='ltr'>πυ-</span> 
     </span>
     <span class='ocr_line' id='line_1_17' title="bbox 98 1257 1614 1317; baseline 0.003 -17"><span class='ocrx_word' id='word_1_148' title='bbox 98 1259 210 1300; x_wconf 81' lang='grc' dir='ltr'><strong><em>κιναὶ</em></strong></span> <span class='ocrx_word' id='word_1_149' title='bbox 244 1266 283 1296; x_wconf 73' lang='lat' dir='ltr'>et</span> <span class='ocrx_word' id='word_1_150' title='bbox 314 1263 498 1309; x_wconf 75' lang='grc' dir='ltr'><em>πυκινῶς</em></span> <span class='ocrx_word' id='word_1_151' title='bbox 528 1257 732 1314; x_wconf 59' lang='grc' dir='ltr'><em>ἀραρυῖαι.</em></span> <span class='ocrx_word' id='word_1_152' title='bbox 793 1264 889 1299; x_wconf 72' lang='lat' dir='ltr'>lani·</span> <span class='ocrx_word' id='word_1_153' title='bbox 919 1265 1134 1314; x_wconf 77' lang='lat' dir='ltr'>templum,</span> <span class='ocrx_word' id='word_1_154' title='bbox 1166 1264 1275 1315; x_wconf 88' lang='lat' dir='ltr'>quod</span> <span class='ocrx_word' id='word_1_155' title='bbox 1309 1267 1438 1303; x_wconf 69' lang='lat' dir='ltr'>lanus</span> <span class='ocrx_word' id='word_1_156' title='bbox 1475 1269 1614 1317; x_wconf 74' lang='lat' dir='ltr'>Qniri-</span> 
     </span>
     <span class='ocr_line' id='line_1_18' title="bbox 98 1317 1615 1378; baseline 0.006 -24"><span class='ocrx_word' id='word_1_157' title='bbox 98 1332 197 1366; x_wconf 64' lang='grc' dir='ltr'>ηας,</span> <span class='ocrx_word' id='word_1_158' title='bbox 239 1317 306 1356; x_wconf 84' lang='lat' dir='ltr'>vel</span> <span class='ocrx_word' id='word_1_159' title='bbox 344 1319 473 1355; x_wconf 71' lang='lat' dir='ltr'>scmus</span> <span class='ocrx_word' id='word_1_160' title='bbox 507 1320 691 1369; x_wconf 80' lang='lat' dir='ltr'>Quirini,</span> <span class='ocrx_word' id='word_1_161' title='bbox 729 1320 793 1357; x_wconf 85' lang='lat' dir='ltr'>vel</span> <span class='ocrx_word' id='word_1_162' title='bbox 821 1321 950 1358; x_wconf 72' lang='lat' dir='ltr'>sanus</span> <span class='ocrx_word' id='word_1_163' title='bbox 986 1324 1174 1372; x_wconf 68' lang='lat' dir='ltr'>geminus</span> <span class='ocrx_word' id='word_1_164' title='bbox 1211 1323 1457 1374; x_wconf 78' lang='lat' dir='ltr'>appellatur,</span> <span class='ocrx_word' id='word_1_165' title='bbox 1488 1326 1615 1378; x_wconf 50' lang='lat' dir='ltr'>respia</span> 
     </span>
     <span class='ocr_line' id='line_1_19' title="bbox 99 1376 1613 1434; baseline 0.006 -22"><span class='ocrx_word' id='word_1_166' title='bbox 99 1388 188 1413; x_wconf 91' lang='lat' dir='ltr'>cere</span> <span class='ocrx_word' id='word_1_167' title='bbox 215 1382 386 1427; x_wconf 84' lang='lat' dir='ltr'>putatur</span> <span class='ocrx_word' id='word_1_168' title='bbox 417 1382 457 1414; x_wconf 86' lang='lat' dir='ltr'>et</span> <span class='ocrx_word' id='word_1_169' title='bbox 489 1383 610 1415; x_wconf 89' lang='lat' dir='ltr'>recte.</span> <span class='ocrx_word' id='word_1_170' title='bbox 652 1376 750 1415; x_wconf 90' lang='lat' dir='ltr'>Aen.</span> <span class='ocrx_word' id='word_1_171' title='bbox 779 1378 862 1426; x_wconf 83' lang='lat' dir='ltr'>Vll,</span> <span class='ocrx_word' id='word_1_172' title='bbox 896 1381 996 1419; x_wconf 78' lang='lat'>607:</span> <span class='ocrx_word' id='word_1_173' title='bbox 1028 1380 1129 1416; x_wconf 78' lang='lat' dir='ltr'>Sunt</span> <span class='ocrx_word' id='word_1_174' title='bbox 1159 1384 1348 1430; x_wconf 74' lang='lat' dir='ltr'>geminae</span> <span class='ocrx_word' id='word_1_175' title='bbox 1382 1384 1495 1420; x_wconf 81' lang='lat' dir='ltr'>Belli</span> <span class='ocrx_word' id='word_1_176' title='bbox 1512 1399 1613 1434; x_wconf 43' lang='lat' dir='ltr'>pora</span> 
     </span>
     <span class='ocr_line' id='line_1_20' title="bbox 98 1434 1613 1488; baseline 0.005 -18"><span class='ocrx_word' id='word_1_177' title='bbox 98 1442 185 1482; x_wconf 80' lang='lat' dir='ltr'>lae,</span> <span class='ocrx_word' id='word_1_178' title='bbox 219 1435 276 1470; x_wconf 75' lang='lat' dir='ltr'>sic</span> <span class='ocrx_word' id='word_1_179' title='bbox 306 1435 465 1470; x_wconf 79' lang='lat' dir='ltr'>nomine</span> <span class='ocrx_word' id='word_1_180' title='bbox 491 1434 645 1472; x_wconf 72' lang='lat' dir='ltr'>[lic-unt.</span> <span class='ocrx_word' id='word_1_181' title='bbox 713 1435 877 1473; x_wconf 77' lang='lat' dir='ltr'>Centum</span> <span class='ocrx_word' id='word_1_182' title='bbox 906 1439 1014 1473; x_wconf 70' lang='lat' dir='ltr'>aerei</span> <span class='ocrx_word' id='word_1_183' title='bbox 1041 1438 1207 1474; x_wconf 74' lang='lat' dir='ltr'>cludunt</span> <span class='ocrx_word' id='word_1_184' title='bbox 1245 1447 1394 1488; x_wconf 63' lang='lat' dir='ltr'>vectes,</span> <span class='ocrx_word' id='word_1_185' title='bbox 1429 1449 1613 1478; x_wconf 77' lang='lat' dir='ltr'>aelerna-</span> 
     </span>
     <span class='ocr_line' id='line_1_21' title="bbox 98 1490 1612 1542; baseline 0.005 -15"><span class='ocrx_word' id='word_1_186' title='bbox 98 1506 174 1542; x_wconf 60' lang='grc' dir='ltr'>(μα)</span> <span class='ocrx_word' id='word_1_187' title='bbox 196 1490 299 1541; x_wconf 79' lang='lat' dir='ltr'>ferri</span> <span class='ocrx_word' id='word_1_188' title='bbox 323 1491 486 1529; x_wconf 58' lang='lat' dir='ltr'>Robora</span> <span class='ocrx_word' id='word_1_189' title='bbox 503 1523 512 1540; x_wconf 88' lang='lat'>,</span> <span class='ocrx_word' id='word_1_190' title='bbox 547 1507 618 1530; x_wconf 80' lang='lat' dir='ltr'>nec·</span> <span class='ocrx_word' id='word_1_191' title='bbox 648 1501 777 1530; x_wconf 62' lang='lat' dir='ltr'>eustos</span> <span class='ocrx_word' id='word_1_192' title='bbox 804 1493 960 1530; x_wconf 59' lang='lat' dir='ltr'>abs-istit</span> <span class='ocrx_word' id='word_1_193' title='bbox 988 1495 1125 1531; x_wconf 81' lang='lat' dir='ltr'>limine</span> <span class='ocrx_word' id='word_1_194' title='bbox 1144 1496 1285 1532; x_wconf 64' lang='lat' dir='ltr'>latum.</span> <span class='ocrx_word' id='word_1_195' title='bbox 1321 1497 1388 1534; x_wconf 84' lang='lat' dir='ltr'>ubi</span> <span class='ocrx_word' id='word_1_196' title='bbox 1418 1498 1499 1536; x_wconf 88' lang='lat' dir='ltr'>vid.</span> <span class='ocrx_word' id='word_1_197' title='bbox 1522 1499 1612 1536; x_wconf 80' lang='lat' dir='ltr'>Not.</span> 
     </span>
     <span class='ocr_line' id='line_1_22' title="bbox 98 1548 1613 1609; baseline 0.005 -23"><span class='ocrx_word' id='word_1_198' title='bbox 98 1548 305 1589; x_wconf 82' lang='lat' dir='ltr'>Plutarch.</span> <span class='ocrx_word' id='word_1_199' title='bbox 334 1549 383 1586; x_wconf 88' lang='lat' dir='ltr'>de</span> <span class='ocrx_word' id='word_1_200' title='bbox 420 1550 532 1588; x_wconf 86' lang='lat' dir='ltr'>Fort.</span> <span class='ocrx_word' id='word_1_201' title='bbox 565 1551 680 1589; x_wconf 87' lang='lat' dir='ltr'>Rom.</span> <span class='ocrx_word' id='word_1_202' title='bbox 714 1565 751 1602; x_wconf 89' lang='lat' dir='ltr'>p.</span> <span class='ocrx_word' id='word_1_203' title='bbox 784 1554 866 1592; x_wconf 76' lang='lat'>322</span> <span class='ocrx_word' id='word_1_204' title='bbox 901 1551 946 1591; x_wconf 87' lang='grc' dir='ltr'>Β.</span> <span class='ocrx_word' id='word_1_205' title='bbox 987 1551 1179 1605; x_wconf 74' lang='grc' dir='ltr'>ἐκλείσθη</span> <span class='ocrx_word' id='word_1_206' title='bbox 1212 1549 1253 1592; x_wconf 82' lang='grc' dir='ltr'>δ’</span> <span class='ocrx_word' id='word_1_207' title='bbox 1284 1548 1360 1594; x_wconf 71' lang='grc' dir='ltr'>οὖν</span> <span class='ocrx_word' id='word_1_208' title='bbox 1397 1552 1480 1596; x_wconf 82' lang='grc' dir='ltr'>τότε</span> <span class='ocrx_word' id='word_1_209' title='bbox 1523 1556 1613 1609; x_wconf 80' lang='lat' dir='ltr'>(sub</span> 
     </span>
     <span class='ocr_line' id='line_1_23' title="bbox 98 1603 1610 1664; baseline 0.007 -20"><span class='ocrx_word' id='word_1_210' title='bbox 98 1606 244 1660; x_wconf 84' lang='lat' dir='ltr'>Numa)</span> <span class='ocrx_word' id='word_1_211' title='bbox 280 1606 350 1647; x_wconf 82' lang='grc' dir='ltr'>καὶ</span> <span class='ocrx_word' id='word_1_212' title='bbox 380 1604 426 1647; x_wconf 73' lang='grc' dir='ltr'>τό</span> <span class='ocrx_word' id='word_1_213' title='bbox 464 1611 540 1647; x_wconf 81' lang='grc' dir='ltr'>τοῦ</span> <span class='ocrx_word' id='word_1_214' title='bbox 574 1603 705 1648; x_wconf 78' lang='grc' dir='ltr'><em>Ἰοὲνου</em></span> <span class='ocrx_word' id='word_1_215' title='bbox 742 1609 933 1657; x_wconf 80' lang='grc' dir='ltr'><em>δίπυλον,</em></span> <span class='ocrx_word' id='word_1_216' title='bbox 985 1606 1007 1649; x_wconf 77' lang='grc' dir='ltr'><em>ὃ</em></span> <span class='ocrx_word' id='word_1_217' title='bbox 1043 1609 1222 1660; x_wconf 80' lang='grc' dir='ltr'><strong><em>πολέμου</em></strong></span> <span class='ocrx_word' id='word_1_218' title='bbox 1257 1607 1392 1664; x_wconf 75' lang='grc' dir='ltr'><em>πύλην</em></span> <span class='ocrx_word' id='word_1_219' title='bbox 1428 1617 1610 1662; x_wconf 74' lang='grc' dir='ltr'>καλοῦσι,</span> 
     </span>
     <span class='ocr_line' id='line_1_24' title="bbox 97 1663 1611 1719; baseline 0.005 -17"><span class='ocrx_word' id='word_1_220' title='bbox 97 1670 145 1702; x_wconf 86' lang='lat' dir='ltr'>ut</span> <span class='ocrx_word' id='word_1_221' title='bbox 171 1671 280 1703; x_wconf 87' lang='lat' dir='ltr'>recte</span> <span class='ocrx_word' id='word_1_222' title='bbox 302 1665 380 1702; x_wconf 85' lang='lat' dir='ltr'>iam</span> <span class='ocrx_word' id='word_1_223' title='bbox 403 1665 614 1717; x_wconf 82' lang='lat' dir='ltr'>Xylander</span> <span class='ocrx_word' id='word_1_224' title='bbox 649 1666 786 1715; x_wconf 84' lang='lat' dir='ltr'>vertit,</span> <span class='ocrx_word' id='word_1_225' title='bbox 822 1680 902 1704; x_wconf 88' lang='lat' dir='ltr'>non</span> <span class='ocrx_word' id='word_1_226' title='bbox 936 1663 1075 1719; x_wconf 79' lang='grc' dir='ltr'><strong><em>τύχην.</em></strong></span> <span class='ocrx_word' id='word_1_227' title='bbox 1143 1668 1227 1706; x_wconf 78' lang='lat' dir='ltr'>Pax</span> <span class='ocrx_word' id='word_1_228' title='bbox 1259 1670 1439 1708; x_wconf 87' lang='lat' dir='ltr'>occludit</span> <span class='ocrx_word' id='word_1_229' title='bbox 1475 1672 1611 1709; x_wconf 85' lang='lat' dir='ltr'>Ianum</span> 
     </span>
     <span class='ocr_line' id='line_1_25' title="bbox 99 1723 1613 1775; baseline 0.005 -15"><span class='ocrx_word' id='word_1_230' title='bbox 99 1737 162 1775; x_wconf 87' lang='lat' dir='ltr'>ap.</span> <span class='ocrx_word' id='word_1_231' title='bbox 191 1723 339 1761; x_wconf 88' lang='lat' dir='ltr'>Lucan.</span> <span class='ocrx_word' id='word_1_232' title='bbox 373 1723 400 1771; x_wconf 89' lang='grc' dir='ltr'>Ι,</span> <span class='ocrx_word' id='word_1_233' title='bbox 427 1726 494 1765; x_wconf 88' lang='lat'>61.</span> <span class='ocrx_word' id='word_1_234' title='bbox 527 1726 593 1766; x_wconf 91' lang='lat'>62.</span> <span class='ocrx_word' id='word_1_235' title='bbox 655 1724 805 1762; x_wconf 84' lang='lat' dir='ltr'>Contra</span> <span class='ocrx_word' id='word_1_236' title='bbox 828 1725 967 1762; x_wconf 87' lang='lat' dir='ltr'>Pacem</span> <span class='ocrx_word' id='word_1_237' title='bbox 1002 1726 1136 1763; x_wconf 87' lang='lat' dir='ltr'>clauso</span> <span class='ocrx_word' id='word_1_238' title='bbox 1163 1726 1257 1763; x_wconf 87' lang='lat' dir='ltr'>lano</span> <span class='ocrx_word' id='word_1_239' title='bbox 1285 1727 1477 1767; x_wconf 84' lang='lat' dir='ltr'>inclusam</span> <span class='ocrx_word' id='word_1_240' title='bbox 1499 1736 1613 1767; x_wconf 81' lang='lat' dir='ltr'>tene-</span> 
     </span>
     <span class='ocr_line' id='line_1_26' title="bbox 97 1781 1612 1836; baseline 0.004 -17"><span class='ocrx_word' id='word_1_241' title='bbox 97 1781 152 1830; x_wconf 89' lang='lat' dir='ltr'>ri,</span> <span class='ocrx_word' id='word_1_242' title='bbox 192 1781 477 1833; x_wconf 85' lang='lat' dir='ltr'>interpretatio</span> <span class='ocrx_word' id='word_1_243' title='bbox 513 1787 553 1819; x_wconf 89' lang='lat' dir='ltr'>et</span> <span class='ocrx_word' id='word_1_244' title='bbox 587 1782 785 1820; x_wconf 86' lang='lat' dir='ltr'>sententia</span> <span class='ocrx_word' id='word_1_245' title='bbox 819 1782 954 1821; x_wconf 88' lang='lat' dir='ltr'>Ovidii</span> <span class='ocrx_word' id='word_1_246' title='bbox 992 1796 1073 1820; x_wconf 87' lang='lat' dir='ltr'>esse</span> <span class='ocrx_word' id='word_1_247' title='bbox 1104 1783 1270 1823; x_wconf 84' lang='lat' dir='ltr'>videtur</span> <span class='ocrx_word' id='word_1_248' title='bbox 1303 1786 1408 1824; x_wconf 86' lang='lat' dir='ltr'>Fast.</span> <span class='ocrx_word' id='word_1_249' title='bbox 1442 1787 1480 1836; x_wconf 94' lang='grc' dir='ltr'>Ι,</span> <span class='ocrx_word' id='word_1_250' title='bbox 1515 1790 1612 1836; x_wconf 88' lang='lat'>281,</span> 
     </span>
     <span class='ocr_line' id='line_1_27' title="bbox 97 1832 1612 1895; baseline 0.004 -19"><span class='ocrx_word' id='word_1_251' title='bbox 97 1839 131 1877; x_wconf 91' lang='lat' dir='ltr'>si</span> <span class='ocrx_word' id='word_1_252' title='bbox 159 1839 295 1877; x_wconf 91' lang='lat' dir='ltr'>locum</span> <span class='ocrx_word' id='word_1_253' title='bbox 322 1832 433 1877; x_wconf 82' lang='lat' dir='ltr'>r&#39;ecte</span> <span class='ocrx_word' id='word_1_254' title='bbox 463 1840 652 1892; x_wconf 80' lang='lat' dir='ltr'>capimus.</span> <span class='ocrx_word' id='word_1_255' title='bbox 712 1840 834 1893; x_wconf 82' lang='lat' dir='ltr'>Apud</span> <span class='ocrx_word' id='word_1_256' title='bbox 859 1840 1065 1893; x_wconf 75' lang='lat' dir='ltr'>Aristopli.</span> <span class='ocrx_word' id='word_1_257' title='bbox 1095 1841 1134 1878; x_wconf 91' lang='lat' dir='ltr'>in</span> <span class='ocrx_word' id='word_1_258' title='bbox 1162 1843 1261 1880; x_wconf 90' lang='lat' dir='ltr'>Pace</span> <span class='ocrx_word' id='word_1_259' title='bbox 1291 1846 1374 1885; x_wconf 77' lang='lat'>222</span> <span class='ocrx_word' id='word_1_260' title='bbox 1404 1858 1487 1895; x_wconf 90' lang='lat' dir='ltr'>sqq.</span> <span class='ocrx_word' id='word_1_261' title='bbox 1524 1842 1612 1886; x_wconf 86' lang='grc' dir='ltr'>Πό-</span> 
     </span>
     <span class='ocr_line' id='line_1_28' title="bbox 97 1898 1612 1955; baseline 0.005 -21"><span class='ocrx_word' id='word_1_262' title='bbox 97 1900 217 1949; x_wconf 82' lang='grc' dir='ltr'><em>λεμος</em></span> <span class='ocrx_word' id='word_1_263' title='bbox 252 1898 393 1935; x_wconf 86' lang='lat' dir='ltr'>Pacem</span> <span class='ocrx_word' id='word_1_264' title='bbox 427 1904 544 1936; x_wconf 87' lang='lat' dir='ltr'>antro</span> <span class='ocrx_word' id='word_1_265' title='bbox 575 1898 806 1939; x_wconf 84' lang='lat' dir='ltr'>incluserat.</span> <span class='ocrx_word' id='word_1_266' title='bbox 876 1898 986 1936; x_wconf 83' lang='lat' dir='ltr'>Adeo</span> <span class='ocrx_word' id='word_1_267' title='bbox 1026 1899 1148 1937; x_wconf 84' lang='lat' dir='ltr'>variis</span> <span class='ocrx_word' id='word_1_268' title='bbox 1181 1900 1309 1938; x_wconf 85' lang='lat' dir='ltr'>modis</span> <span class='ocrx_word' id='word_1_269' title='bbox 1341 1908 1379 1939; x_wconf 87' lang='lat' dir='ltr'>et</span> <span class='ocrx_word' id='word_1_270' title='bbox 1418 1903 1540 1955; x_wconf 82' lang='lat' dir='ltr'>accipi</span> <span class='ocrx_word' id='word_1_271' title='bbox 1573 1910 1612 1940; x_wconf 83' lang='lat' dir='ltr'>et</span> 
     </span>
     <span class='ocr_line' id='line_1_29' title="bbox 96 1954 1612 2012; baseline 0.004 -19"><span class='ocrx_word' id='word_1_272' title='bbox 96 1955 215 1993; x_wconf 80' lang='lat' dir='ltr'>reddi</span> <span class='ocrx_word' id='word_1_273' title='bbox 242 1954 380 2007; x_wconf 86' lang='lat' dir='ltr'>potuit</span> <span class='ocrx_word' id='word_1_274' title='bbox 412 1969 498 2005; x_wconf 85' lang='lat' dir='ltr'>res,</span> <span class='ocrx_word' id='word_1_275' title='bbox 530 1970 622 1994; x_wconf 91' lang='lat' dir='ltr'>cum</span> <span class='ocrx_word' id='word_1_276' title='bbox 657 1956 822 2007; x_wconf 88' lang='lat' dir='ltr'>antiqua</span> <span class='ocrx_word' id='word_1_277' title='bbox 854 1956 940 1994; x_wconf 88' lang='lat' dir='ltr'>Iani</span> <span class='ocrx_word' id='word_1_278' title='bbox 971 1957 1168 2006; x_wconf 83' lang='lat' dir='ltr'>aedicula,</span> <span class='ocrx_word' id='word_1_279' title='bbox 1201 1959 1252 1996; x_wconf 86' lang='lat' dir='ltr'>ad</span> <span class='ocrx_word' id='word_1_280' title='bbox 1279 1959 1443 1997; x_wconf 86' lang='lat' dir='ltr'>modum</span> <span class='ocrx_word' id='word_1_281' title='bbox 1475 1961 1612 2012; x_wconf 83' lang='lat' dir='ltr'>templi</span> 
     </span>
     <span class='ocr_line' id='line_1_30' title="bbox 98 2012 1611 2069; baseline 0.003 -19"><span class='ocrx_word' id='word_1_282' title='bbox 98 2012 410 2066; x_wconf 83' lang='lat' dir='ltr'>amphiprostyli</span> <span class='ocrx_word' id='word_1_283' title='bbox 440 2014 631 2065; x_wconf 84' lang='lat' dir='ltr'>utrinque</span> <span class='ocrx_word' id='word_1_284' title='bbox 663 2015 819 2067; x_wconf 89' lang='lat' dir='ltr'>pervia,</span> <span class='ocrx_word' id='word_1_285' title='bbox 850 2027 971 2066; x_wconf 88' lang='lat' dir='ltr'>quae,</span> <span class='ocrx_word' id='word_1_286' title='bbox 1002 2015 1106 2052; x_wconf 90' lang='lat' dir='ltr'>bello</span> <span class='ocrx_word' id='word_1_287' title='bbox 1135 2015 1309 2065; x_wconf 85' lang='lat' dir='ltr'>indicto,</span> <span class='ocrx_word' id='word_1_288' title='bbox 1341 2018 1472 2069; x_wconf 89' lang='lat' dir='ltr'>prisco</span> <span class='ocrx_word' id='word_1_289' title='bbox 1501 2032 1611 2057; x_wconf 86' lang='lat' dir='ltr'>more</span> 
     </span>
     <span class='ocr_line' id='line_1_31' title="bbox 96 2071 1610 2125; baseline 0.004 -17"><span class='ocrx_word' id='word_1_290' title='bbox 96 2071 263 2123; x_wconf 82' lang='lat' dir='ltr'>patebat</span> <span class='ocrx_word' id='word_1_291' title='bbox 289 2071 530 2109; x_wconf 83' lang='lat' dir='ltr'>adeuntibus</span> <span class='ocrx_word' id='word_1_292' title='bbox 562 2078 601 2110; x_wconf 89' lang='lat' dir='ltr'>et</span> <span class='ocrx_word' id='word_1_293' title='bbox 632 2073 973 2125; x_wconf 84' lang='lat' dir='ltr'>supplicantibus,</span> <span class='ocrx_word' id='word_1_294' title='bbox 1000 2086 1097 2125; x_wconf 87' lang='lat' dir='ltr'>pace</span> <span class='ocrx_word' id='word_1_295' title='bbox 1125 2074 1228 2111; x_wconf 86' lang='lat' dir='ltr'>sacta</span> <span class='ocrx_word' id='word_1_296' title='bbox 1261 2076 1418 2113; x_wconf 90' lang='lat' dir='ltr'>occludi</span> <span class='ocrx_word' id='word_1_297' title='bbox 1446 2077 1610 2125; x_wconf 78' lang='lat' dir='ltr'>soleret3</span> 
     </span>
     <span class='ocr_line' id='line_1_32' title="bbox 97 2129 1609 2182; baseline 0.001 -15"><span class='ocrx_word' id='word_1_298' title='bbox 97 2130 229 2168; x_wconf 89' lang='lat' dir='ltr'>visum</span> <span class='ocrx_word' id='word_1_299' title='bbox 260 2129 367 2167; x_wconf 90' lang='lat' dir='ltr'>enim</span> <span class='ocrx_word' id='word_1_300' title='bbox 395 2136 455 2167; x_wconf 89' lang='lat' dir='ltr'>est</span> <span class='ocrx_word' id='word_1_301' title='bbox 474 2130 628 2169; x_wconf 88' lang='lat' dir='ltr'>Bellum</span> <span class='ocrx_word' id='word_1_302' title='bbox 658 2130 779 2169; x_wconf 87' lang='lat' dir='ltr'>modo</span> <span class='ocrx_word' id='word_1_303' title='bbox 807 2131 980 2169; x_wconf 86' lang='lat' dir='ltr'>coerceri</span> <span class='ocrx_word' id='word_1_304' title='bbox 1001 2131 1129 2182; x_wconf 86' lang='lat' dir='ltr'>portis</span> <span class='ocrx_word' id='word_1_305' title='bbox 1155 2132 1317 2181; x_wconf 86' lang='lat' dir='ltr'>clausis,</span> <span class='ocrx_word' id='word_1_306' title='bbox 1350 2146 1397 2170; x_wconf 89' lang='lat' dir='ltr'>ne</span> <span class='ocrx_word' id='word_1_307' title='bbox 1423 2133 1486 2171; x_wconf 89' lang='lat' dir='ltr'>ille</span> <span class='ocrx_word' id='word_1_308' title='bbox 1513 2134 1609 2172; x_wconf 76' lang='lat' dir='ltr'>deus</span> 
     </span>
     <span class='ocr_line' id='line_1_33' title="bbox 97 2187 1609 2241; baseline 0.002 -16"><span class='ocrx_word' id='word_1_309' title='bbox 97 2187 226 2239; x_wconf 87' lang='lat' dir='ltr'>portis</span> <span class='ocrx_word' id='word_1_310' title='bbox 266 2187 414 2240; x_wconf 85' lang='lat' dir='ltr'>apertis</span> <span class='ocrx_word' id='word_1_311' title='bbox 452 2189 561 2226; x_wconf 77' lang='lat' dir='ltr'>foras</span> <span class='ocrx_word' id='word_1_312' title='bbox 597 2194 849 2241; x_wconf 87' lang='lat' dir='ltr'>erumperet,</span> <span class='ocrx_word' id='word_1_313' title='bbox 893 2188 1014 2226; x_wconf 89' lang='lat' dir='ltr'>modo</span> <span class='ocrx_word' id='word_1_314' title='bbox 1056 2189 1138 2226; x_wconf 75' lang='lat' dir='ltr'>Pax</span> <span class='ocrx_word' id='word_1_315' title='bbox 1176 2190 1327 2227; x_wconf 88' lang='lat' dir='ltr'>inclusa</span> <span class='ocrx_word' id='word_1_316' title='bbox 1370 2191 1520 2240; x_wconf 87' lang='lat' dir='ltr'>teneri,</span> <span class='ocrx_word' id='word_1_317' title='bbox 1560 2204 1609 2228; x_wconf 85' lang='lat' dir='ltr'>ne</span> 
     </span>
     <span class='ocr_line' id='line_1_34' title="bbox 98 2245 1608 2298; baseline 0.003 -16"><span class='ocrx_word' id='word_1_318' title='bbox 98 2245 292 2284; x_wconf 85' lang='lat' dir='ltr'>avolaret.</span> <span class='ocrx_word' id='word_1_319' title='bbox 359 2246 498 2296; x_wconf 83' lang='lat' dir='ltr'>[taque</span> <span class='ocrx_word' id='word_1_320' title='bbox 532 2246 639 2284; x_wconf 89' lang='lat' dir='ltr'>idem</span> <span class='ocrx_word' id='word_1_321' title='bbox 665 2246 861 2298; x_wconf 83' lang='lat' dir='ltr'>templum</span> <span class='ocrx_word' id='word_1_322' title='bbox 892 2252 932 2284; x_wconf 88' lang='lat' dir='ltr'>et</span> <span class='ocrx_word' id='word_1_323' title='bbox 963 2246 1046 2283; x_wconf 86' lang='lat' dir='ltr'>Iani</span> <span class='ocrx_word' id='word_1_324' title='bbox 1079 2252 1119 2284; x_wconf 86' lang='lat' dir='ltr'>et</span> <span class='ocrx_word' id='word_1_325' title='bbox 1147 2247 1245 2284; x_wconf 87' lang='lat' dir='ltr'>Belli</span> <span class='ocrx_word' id='word_1_326' title='bbox 1277 2254 1316 2285; x_wconf 86' lang='lat' dir='ltr'>et</span> <span class='ocrx_word' id='word_1_327' title='bbox 1346 2248 1456 2286; x_wconf 80' lang='lat' dir='ltr'>Pacis</span> <span class='ocrx_word' id='word_1_328' title='bbox 1491 2248 1608 2286; x_wconf 90' lang='lat' dir='ltr'>habi-</span> 
     </span>
     <span class='ocr_line' id='line_1_35' title="bbox 97 2303 1609 2356; baseline 0.001 -15"><span class='ocrx_word' id='word_1_329' title='bbox 97 2309 198 2342; x_wconf 88' lang='lat' dir='ltr'>tum.</span> <span class='ocrx_word' id='word_1_330' title='bbox 258 2303 300 2341; x_wconf 89' lang='lat' dir='ltr'>Si</span> <span class='ocrx_word' id='word_1_331' title='bbox 326 2303 457 2345; x_wconf 86' lang='lat' dir='ltr'>Valer.</span> <span class='ocrx_word' id='word_1_332' title='bbox 490 2304 618 2343; x_wconf 86' lang='lat' dir='ltr'>Flacc.</span> <span class='ocrx_word' id='word_1_333' title='bbox 643 2304 709 2353; x_wconf 84' lang='grc' dir='ltr'>ΠΙ,</span> <span class='ocrx_word' id='word_1_334' title='bbox 741 2306 823 2348; x_wconf 85' lang='lat'>253</span> <span class='ocrx_word' id='word_1_335' title='bbox 855 2312 949 2341; x_wconf 79' lang='lat' dir='ltr'>tanc</span> <span class='ocrx_word' id='word_1_336' title='bbox 967 2311 1087 2354; x_wconf 80' lang='lat' dir='ltr'>porta</span> <span class='ocrx_word' id='word_1_337' title='bbox 1116 2307 1235 2341; x_wconf 79' lang='lat' dir='ltr'>trucis</span> <span class='ocrx_word' id='word_1_338' title='bbox 1254 2307 1334 2341; x_wconf 82' lang='lat' dir='ltr'>coit</span> <span class='ocrx_word' id='word_1_339' title='bbox 1361 2306 1491 2356; x_wconf 84' lang='lat' dir='ltr'>infera</span> <span class='ocrx_word' id='word_1_340' title='bbox 1516 2306 1609 2343; x_wconf 75' lang='lat' dir='ltr'>belli</span> 
     </span>
     <span class='ocr_line' id='line_1_36' title="bbox 98 2360 1607 2414; baseline 0.001 -15"><span class='ocrx_word' id='word_1_341' title='bbox 98 2360 208 2400; x_wconf 89' lang='lat' dir='ltr'>hunc</span> <span class='ocrx_word' id='word_1_342' title='bbox 243 2361 377 2400; x_wconf 90' lang='lat' dir='ltr'>locum</span> <span class='ocrx_word' id='word_1_343' title='bbox 413 2362 611 2414; x_wconf 78' lang='lat' dir='ltr'>respexit,</span> <span class='ocrx_word' id='word_1_344' title='bbox 652 2361 859 2414; x_wconf 88' lang='lat' dir='ltr'>probabile</span> <span class='ocrx_word' id='word_1_345' title='bbox 895 2361 962 2409; x_wconf 85' lang='lat' dir='ltr'>fit,</span> <span class='ocrx_word' id='word_1_346' title='bbox 1001 2360 1164 2398; x_wconf 77' lang='lat' dir='ltr'>alteram</span> <span class='ocrx_word' id='word_1_347' title='bbox 1193 2361 1234 2399; x_wconf 88' lang='lat' dir='ltr'>in</span> <span class='ocrx_word' id='word_1_348' title='bbox 1265 2374 1311 2399; x_wconf 92' lang='lat' dir='ltr'>eo</span> <span class='ocrx_word' id='word_1_349' title='bbox 1346 2362 1431 2401; x_wconf 92' lang='lat' dir='ltr'>loco</span> <span class='ocrx_word' id='word_1_350' title='bbox 1464 2363 1607 2401; x_wconf 85' lang='lat' dir='ltr'>lectio-</span> 
     </span>
     <span class='ocr_line' id='line_1_37' title="bbox 97 2419 1606 2473; baseline 0.001 -16"><span class='ocrx_word' id='word_1_351' title='bbox 97 2431 209 2469; x_wconf 88' lang='lat' dir='ltr'>nem,</span> <span class='ocrx_word' id='word_1_352' title='bbox 241 2429 366 2470; x_wconf 82' lang='lat' dir='ltr'>porla</span> <span class='ocrx_word' id='word_1_353' title='bbox 394 2420 518 2473; x_wconf 74' lang='lat' dir='ltr'>effira</span> <span class='ocrx_word' id='word_1_354' title='bbox 548 2433 686 2459; x_wconf 88' lang='lat' dir='ltr'>veram</span> <span class='ocrx_word' id='word_1_355' title='bbox 713 2432 809 2460; x_wconf 86' lang='lat' dir='ltr'>esse.</span> <span class='ocrx_word' id='word_1_356' title='bbox 868 2419 950 2457; x_wconf 85' lang='lat' dir='ltr'>Iam</span> <span class='ocrx_word' id='word_1_357' title='bbox 980 2432 1102 2470; x_wconf 87' lang='lat' dir='ltr'>porro</span> <span class='ocrx_word' id='word_1_358' title='bbox 1132 2420 1262 2456; x_wconf 72' lang='lat' dir='ltr'>Furor</span> <span class='ocrx_word' id='word_1_359' title='bbox 1287 2422 1460 2470; x_wconf 70' lang='lat' dir='ltr'>impiuS,</span> <span class='ocrx_word' id='word_1_360' title='bbox 1504 2420 1544 2459; x_wconf 86' lang='lat' dir='ltr'>h.</span> <span class='ocrx_word' id='word_1_361' title='bbox 1574 2434 1606 2459; x_wconf 89' lang='lat' dir='ltr'>e.</span> 
     </span>
     <span class='ocr_line' id='line_1_38' title="bbox 96 2476 1605 2531; baseline 0.001 -16"><span class='ocrx_word' id='word_1_362' title='bbox 96 2477 250 2515; x_wconf 88' lang='lat' dir='ltr'>Bellum</span> <span class='ocrx_word' id='word_1_363' title='bbox 287 2478 425 2528; x_wconf 86' lang='lat' dir='ltr'>civile;</span> <span class='ocrx_word' id='word_1_364' title='bbox 463 2484 510 2516; x_wconf 87' lang='lat' dir='ltr'>ut</span> <span class='ocrx_word' id='word_1_365' title='bbox 544 2478 652 2531; x_wconf 90' lang='lat' dir='ltr'>apud</span> <span class='ocrx_word' id='word_1_366' title='bbox 686 2478 830 2518; x_wconf 87' lang='lat' dir='ltr'>Horat.</span> <span class='ocrx_word' id='word_1_367' title='bbox 862 2477 1022 2514; x_wconf 90' lang='lat' dir='ltr'>Petron.</span> <span class='ocrx_word' id='word_1_368' title='bbox 1055 2483 1094 2514; x_wconf 84' lang='lat' dir='ltr'>et</span> <span class='ocrx_word' id='word_1_369' title='bbox 1128 2476 1177 2514; x_wconf 92' lang='lat' dir='ltr'>al.</span> <span class='ocrx_word' id='word_1_370' title='bbox 1207 2476 1325 2515; x_wconf 90' lang='lat' dir='ltr'>Ovid.</span> <span class='ocrx_word' id='word_1_371' title='bbox 1360 2478 1375 2515; x_wconf 83' lang='lat'>1</span> <span class='ocrx_word' id='word_1_372' title='bbox 1410 2491 1460 2516; x_wconf 86' lang='lat' dir='ltr'>ex</span> <span class='ocrx_word' id='word_1_373' title='bbox 1492 2479 1605 2517; x_wconf 88' lang='lat' dir='ltr'>Pont.</span> 
     </span>
     <span class='ocr_line' id='line_1_39' title="bbox 96 2533 1606 2588; baseline 0.001 -15"><span class='ocrx_word' id='word_1_374' title='bbox 96 2537 135 2584; x_wconf 87' lang='lat'>2,</span> <span class='ocrx_word' id='word_1_375' title='bbox 161 2538 243 2578; x_wconf 89' lang='lat'>126</span> <span class='ocrx_word' id='word_1_376' title='bbox 273 2535 323 2573; x_wconf 87' lang='lat' dir='ltr'>de</span> <span class='ocrx_word' id='word_1_377' title='bbox 352 2535 551 2588; x_wconf 85' lang='lat' dir='ltr'>Augusto:</span> <span class='ocrx_word' id='word_1_378' title='bbox 595 2537 752 2575; x_wconf 74' lang='lat' dir='ltr'>Clausit</span> <span class='ocrx_word' id='word_1_379' title='bbox 782 2543 818 2573; x_wconf 83' lang='lat' dir='ltr'>et</span> <span class='ocrx_word' id='word_1_380' title='bbox 847 2543 1007 2572; x_wconf 78' lang='lat' dir='ltr'>aelerna</span> <span class='ocrx_word' id='word_1_381' title='bbox 1035 2533 1158 2572; x_wconf 90' lang='lat' dir='ltr'>civica</span> <span class='ocrx_word' id='word_1_382' title='bbox 1185 2533 1288 2571; x_wconf 82' lang='lat' dir='ltr'>bella</span> <span class='ocrx_word' id='word_1_383' title='bbox 1314 2549 1414 2574; x_wconf 79' lang='lat' dir='ltr'>sera.</span> <span class='ocrx_word' id='word_1_384' title='bbox 1454 2537 1501 2575; x_wconf 91' lang='lat' dir='ltr'>cs.</span> <span class='ocrx_word' id='word_1_385' title='bbox 1533 2537 1606 2574; x_wconf 90' lang='lat' dir='ltr'>Pe-</span> 
     </span>
     <span class='ocr_line' id='line_1_40' title="bbox 96 2591 1606 2645; baseline 0.001 -15"><span class='ocrx_word' id='word_1_386' title='bbox 96 2598 204 2632; x_wconf 89' lang='lat' dir='ltr'>tron.</span> <span class='ocrx_word' id='word_1_387' title='bbox 229 2593 273 2632; x_wconf 86' lang='lat' dir='ltr'>B.</span> <span class='ocrx_word' id='word_1_388' title='bbox 303 2593 388 2633; x_wconf 85' lang='lat' dir='ltr'>Civ.</span> <span class='ocrx_word' id='word_1_389' title='bbox 419 2595 503 2636; x_wconf 78' lang='lat'>256</span> <span class='ocrx_word' id='word_1_390' title='bbox 539 2607 596 2645; x_wconf 92' lang='lat' dir='ltr'>sq.</span> <span class='ocrx_word' id='word_1_391' title='bbox 625 2594 724 2632; x_wconf 76' lang='lat' dir='ltr'>nodi</span> <span class='ocrx_word' id='word_1_392' title='bbox 751 2592 947 2643; x_wconf 84' lang='lat' dir='ltr'>exquisite</span> <span class='ocrx_word' id='word_1_393' title='bbox 979 2605 1052 2643; x_wconf 91' lang='lat' dir='ltr'>pro</span> <span class='ocrx_word' id='word_1_394' title='bbox 1081 2591 1273 2640; x_wconf 84' lang='lat' dir='ltr'>vinculis,</span> <span class='ocrx_word' id='word_1_395' title='bbox 1305 2593 1466 2635; x_wconf 82' lang='lat' dir='ltr'>catenis,</span> <span class='ocrx_word' id='word_1_396' title='bbox 1512 2594 1606 2632; x_wconf 88' lang='lat' dir='ltr'>Vir-</span> 
     </span>
     <span class='ocr_line' id='line_1_41' title="bbox 95 2648 1604 2702; baseline 0.001 -14"><span class='ocrx_word' id='word_1_397' title='bbox 95 2650 233 2702; x_wconf 86' lang='lat' dir='ltr'>gilium</span> <span class='ocrx_word' id='word_1_398' title='bbox 263 2658 356 2690; x_wconf 79' lang='lat' dir='ltr'>ante</span> <span class='ocrx_word' id='word_1_399' title='bbox 387 2653 524 2690; x_wconf 94' lang='lat' dir='ltr'>oculos</span> <span class='ocrx_word' id='word_1_400' title='bbox 551 2651 736 2691; x_wconf 86' lang='lat' dir='ltr'>habuisse</span> <span class='ocrx_word' id='word_1_401' title='bbox 763 2650 927 2690; x_wconf 87' lang='lat' dir='ltr'>videtur</span> <span class='ocrx_word' id='word_1_402' title='bbox 954 2648 1086 2687; x_wconf 87' lang='lat' dir='ltr'>Manil.</span> <span class='ocrx_word' id='word_1_403' title='bbox 1111 2649 1191 2687; x_wconf 86' lang='lat' dir='ltr'>iam</span> <span class='ocrx_word' id='word_1_404' title='bbox 1226 2649 1376 2687; x_wconf 87' lang='lat' dir='ltr'>Cerdae</span> <span class='ocrx_word' id='word_1_405' title='bbox 1404 2651 1604 2700; x_wconf 79' lang='lat' dir='ltr'>laudatus,</span> 
     </span>
     <span class='ocr_line' id='line_1_42' title="bbox 96 2707 1605 2762; baseline 0 -16"><span class='ocrx_word' id='word_1_406' title='bbox 96 2708 125 2758; x_wconf 89' lang='grc' dir='ltr'>Ι,</span> <span class='ocrx_word' id='word_1_407' title='bbox 157 2712 237 2751; x_wconf 87' lang='lat'>921</span> <span class='ocrx_word' id='word_1_408' title='bbox 277 2712 363 2747; x_wconf 84' lang='lat' dir='ltr'>iam</span> <span class='ocrx_word' id='word_1_409' title='bbox 390 2710 495 2748; x_wconf 83' lang='lat' dir='ltr'>bella</span> <span class='ocrx_word' id='word_1_410' title='bbox 523 2712 750 2762; x_wconf 81' lang='lat' dir='ltr'>quiescant,</span> <span class='ocrx_word' id='word_1_411' title='bbox 780 2716 900 2759; x_wconf 80' lang='lat' dir='ltr'>atque</span> <span class='ocrx_word' id='word_1_412' title='bbox 933 2707 1186 2744; x_wconf 68' lang='lat' dir='ltr'>adamanteis</span> <span class='ocrx_word' id='word_1_413' title='bbox 1219 2708 1437 2746; x_wconf 78' lang='lat' dir='ltr'>Discordia</span> <span class='ocrx_word' id='word_1_414' title='bbox 1471 2711 1605 2746; x_wconf 63' lang='lat' dir='ltr'>vincla</span> 
     </span>
     <span class='ocr_line' id='line_1_43' title="bbox 95 2764 1603 2818; baseline 0.001 -15"><span class='ocrx_word' id='word_1_415' title='bbox 95 2769 248 2804; x_wconf 77' lang='lat' dir='ltr'>catenis</span> <span class='ocrx_word' id='word_1_416' title='bbox 274 2768 465 2805; x_wconf 67' lang='lat' dir='ltr'>Aesernos</span> <span class='ocrx_word' id='word_1_417' title='bbox 487 2767 635 2805; x_wconf 80' lang='lat' dir='ltr'>habeat</span> <span class='ocrx_word' id='word_1_418' title='bbox 651 2767 789 2818; x_wconf 67' lang='lat' dir='ltr'>frenos</span> <span class='ocrx_word' id='word_1_419' title='bbox 814 2768 857 2803; x_wconf 81' lang='lat' dir='ltr'>in</span> <span class='ocrx_word' id='word_1_420' title='bbox 883 2779 1036 2803; x_wconf 80' lang='lat' dir='ltr'>carcere</span> <span class='ocrx_word' id='word_1_421' title='bbox 1063 2765 1221 2801; x_wconf 73' lang='lat' dir='ltr'>clausa.</span> <span class='ocrx_word' id='word_1_422' title='bbox 1255 2770 1293 2801; x_wconf 87' lang='lat' dir='ltr'>et</span> <span class='ocrx_word' id='word_1_423' title='bbox 1318 2764 1436 2803; x_wconf 86' lang='lat' dir='ltr'>Ovid.</span> <span class='ocrx_word' id='word_1_424' title='bbox 1457 2766 1473 2803; x_wconf 94' lang='grc' dir='ltr'>Ι</span> <span class='ocrx_word' id='word_1_425' title='bbox 1499 2766 1603 2805; x_wconf 70' lang='lat' dir='ltr'>Fast.</span> 
     </span>
     <span class='ocr_line' id='line_1_44' title="bbox 95 2823 1604 2876; baseline -0.003 -12"><span class='ocrx_word' id='word_1_426' title='bbox 95 2826 178 2865; x_wconf 80' lang='grc'>702</span> <span class='ocrx_word' id='word_1_427' title='bbox 229 2825 377 2863; x_wconf 76' lang='lat' dir='ltr'>Gratia</span> <span class='ocrx_word' id='word_1_428' title='bbox 418 2827 501 2863; x_wconf 75' lang='lat' dir='ltr'>Dis</span> <span class='ocrx_word' id='word_1_429' title='bbox 537 2826 753 2876; x_wconf 62' lang='lat' dir='ltr'>domnique</span> <span class='ocrx_word' id='word_1_430' title='bbox 789 2831 906 2861; x_wconf 82' lang='lat' dir='ltr'>tuae.-</span> <span class='ocrx_word' id='word_1_431' title='bbox 958 2823 1131 2869; x_wconf 66' lang='lat' dir='ltr'>religata,</span> <span class='ocrx_word' id='word_1_432' title='bbox 1169 2824 1320 2858; x_wconf 65' lang='lat' dir='ltr'>valenis</span> <span class='ocrx_word' id='word_1_433' title='bbox 1358 2824 1604 2873; x_wconf 73' lang='lat' dir='ltr'>Iampridem</span> 
     </span>
     <span class='ocr_line' id='line_1_45' title="bbox 93 2878 1603 2933; baseline -0.001 -14"><span class='ocrx_word' id='word_1_434' title='bbox 93 2890 223 2920; x_wconf 80' lang='lat' dir='ltr'>noslro</span> <span class='ocrx_word' id='word_1_435' title='bbox 252 2882 324 2920; x_wconf 77' lang='lat' dir='ltr'>sub</span> <span class='ocrx_word' id='word_1_436' title='bbox 342 2883 449 2933; x_wconf 74' lang='lat' dir='ltr'>pede</span> <span class='ocrx_word' id='word_1_437' title='bbox 480 2884 603 2921; x_wconf 82' lang='lat' dir='ltr'>Bella</span> <span class='ocrx_word' id='word_1_438' title='bbox 631 2885 775 2920; x_wconf 82' lang='lat' dir='ltr'>iacent.</span> <span class='ocrx_word' id='word_1_439' title='bbox 838 2878 891 2917; x_wconf 88' lang='lat' dir='ltr'>At</span> <span class='ocrx_word' id='word_1_440' title='bbox 916 2879 989 2931; x_wconf 84' lang='lat' dir='ltr'>ipsi</span> <span class='ocrx_word' id='word_1_441' title='bbox 1012 2878 1169 2929; x_wconf 70' lang='lat' dir='ltr'>Virgilio</span> <span class='ocrx_word' id='word_1_442' title='bbox 1201 2879 1425 2929; x_wconf 85' lang='lat' dir='ltr'>praeiverat</span> <span class='ocrx_word' id='word_1_443' title='bbox 1453 2881 1603 2917; x_wconf 80' lang='lat' dir='ltr'>Ennius</span> 
     </span>
     <span class='ocr_line' id='line_1_46' title="bbox 94 2937 1601 2990; baseline -0.001 -15"><span class='ocrx_word' id='word_1_444' title='bbox 94 2939 203 2990; x_wconf 83' lang='lat' dir='ltr'>apud</span> <span class='ocrx_word' id='word_1_445' title='bbox 233 2939 373 2978; x_wconf 85' lang='lat' dir='ltr'>Horat.</span> <span class='ocrx_word' id='word_1_446' title='bbox 397 2941 414 2979; x_wconf 90' lang='lat' dir='ltr'>I</span> <span class='ocrx_word' id='word_1_447' title='bbox 445 2942 572 2981; x_wconf 86' lang='lat' dir='ltr'>Serm.</span> <span class='ocrx_word' id='word_1_448' title='bbox 596 2938 635 2989; x_wconf 79' lang='grc'>4,</span> <span class='ocrx_word' id='word_1_449' title='bbox 658 2943 712 2982; x_wconf 88' lang='grc'>60</span> <span class='ocrx_word' id='word_1_450' title='bbox 738 2946 958 2990; x_wconf 69' lang='lat' dir='ltr'>postquam</span> <span class='ocrx_word' id='word_1_451' title='bbox 988 2937 1205 2974; x_wconf 77' lang='lat' dir='ltr'>Discordia</span> <span class='ocrx_word' id='word_1_452' title='bbox 1244 2945 1344 2974; x_wconf 80' lang='lat' dir='ltr'>telm</span> <span class='ocrx_word' id='word_1_453' title='bbox 1377 2938 1490 2974; x_wconf 80' lang='lat' dir='ltr'>Belli</span> <span class='ocrx_word' id='word_1_454' title='bbox 1514 2938 1601 2985; x_wconf 73' lang='lat' dir='ltr'>ser-</span> 
     </span>
     <span class='ocr_line' id='line_1_47' title="bbox 92 2997 801 3049; baseline 0.006 -16"><span class='ocrx_word' id='word_1_455' title='bbox 92 3005 200 3034; x_wconf 77' lang='lat' dir='ltr'>ratos</span> <span class='ocrx_word' id='word_1_456' title='bbox 222 3005 359 3048; x_wconf 77' lang='lat' dir='ltr'>postes</span> <span class='ocrx_word' id='word_1_457' title='bbox 385 3006 603 3049; x_wconf 75' lang='lat' dir='ltr'>portasque</span> <span class='ocrx_word' id='word_1_458' title='bbox 626 2997 801 3048; x_wconf 73' lang='lat' dir='ltr'>refregit.</span> 
     </span>
    </p>
   </div>
   <div class='ocr_carea' id='block_1_5' title="bbox 750 3082 980 3088">
    <p class='ocr_par' dir='ltr' id='par_1_5' title="bbox 750 3082 980 3088">
     <span class='ocr_line' id='line_1_48' title="bbox 750 3082 980 3088; baseline 0 0"><span class='ocrx_word' id='word_1_459' title='bbox 750 3082 980 3088; x_wconf 95' lang='lat' dir='ltr'> </span> 
     </span>
    </p>
   </div>
  </div>
 </body>
</html>
