1811 3388
398 216 820 269 AENEIDOS
853 217 1009 266 LIB.
1049 218 1134 279 VI,
1169 222 1461 272 448—458
1576 232 1676 277 917

162 345 383 394 Errabat
404 343 530 391 silva
555 343 606 390 in
630 357 842 406 magna:
882 359 1042 409 quam
1068 343 1259 391 Troius
1279 343 1455 407 heros,

162 417 234 465 Ut
252 415 489 479 primum
516 412 652 460 iuxta
688 413 858 473 stetit,
902 412 1263 480 adgnovitque
1295 430 1394 479 per
1428 416 1675 467 umbram

164 483 488 544 Obscuram,
527 480 742 548 qualem
764 482 940 548 primo
967 483 1057 548 qui
1080 498 1296 547 surgere
1318 500 1506 533 mense

159 557 265 604 Aut
288 552 457 615 videt,
491 560 578 600 aut
600 551 791 600 vidisse
815 561 965 617 putat
986 569 1085 618 per
1105 552 1285 601 nubila
1306 554 1529 618 Lunam,

158 623 384 672 Demisit
405 621 669 685 lacrimas,
707 621 958 687 dulcique
982 620 1188 671 adfatus
1213 639 1397 673 amore
1422 632 1521 674 est:

158 691 347 742 Infelix
368 691 534 754 Dido,
570 708 726 740 verus
749 691 881 740 mihi
899 692 1117 741 nuntius
1141 708 1267 756 ergo

158 765 394 812 Venerat
414 761 740 825 exstinctam,
779 760 1036 827 ferroque
1060 771 1292 811 extrema
1318 771 1552 811 secutam
1568 770 1590 813 ἓ

156 832 380 881 Funeris
401 830 509 879 heu
530 829 623 879 tibi
646 847 823 880 caussa
849 830 961 881 fui?
1031 834 1134 882 Per
1159 831 1333 882 sidera
1354 833 1486 895 iuro,

228 917 343 965 452.
378 926 589 961 UMBRAS

1577 629 1676 677 455

250 1029 316 1064 451
344 1030 380 1062 in
403 1029 503 1062 deest
519 1030 602 1063 Exc.
629 1031 812 1062 Burmann.
905 1029 975 1066 452
1015 1033 1064 1064 Ue
1097 1032 1202 1065 iuxta
1227 1031 1386 1077 primum
1417 1030 1563 1064 Dorvill.
1608 1044 1676 1076 per

158 1075 321 1109 umbram
352 1076 455 1120 vulgo
492 1076 639 1118 lectum,
673 1076 777 1109 etiam
802 1076 837 1109 in
868 1077 1195 1121 praestantioribus.
1243 1090 1308 1122 per
1340 1077 1485 1111 umbras
1511 1077 1673 1122 quinque,

156 1135 222 1156 nec
250 1123 515 1164 contemnendi,
552 1135 608 1167 ap.
643 1124 782 1163 Heins.,
811 1123 858 1156 ita
887 1135 957 1157 non
987 1125 1168 1169 elegantei
1197 1123 1391 1157 Obscuram
1421 1138 1468 1158 sc.
1502 1124 1674 1156 Didonem

157 1170 357 1215 acciperes3
395 1177 433 1202 ut
459 1149 526 1202 iarii
552 1170 709 1203 Servium
734 1169 859 1202 fecisse
887 1171 1002 1204 video.
1052 1171 1201 1215 Recepit
1230 1183 1367 1216 quoque
1398 1172 1434 1204 id
1464 1171 1672 1204 Wakefield.

158 1216 347 1260 (Videntur
371 1229 429 1258 ea,
456 1228 543 1260 quae
561 1217 605 1250 ad
623 1229 694 1250 rem
718 1217 960 1250 illustrandam
981 1218 1144 1262 apposita
1163 1224 1254 1258 sunt,
1276 1231 1362 1263 per
1385 1217 1553 1251 nubila
1577 1220 1607 1250 L
1621 1230 1672 1250 ιι-

156 1276 181 1296 η
196 1275 283 1304 am,
308 1264 400 1296 tueri
418 1243 624 1306 lectionem,
650 1276 713 1308 per
735 1276 771 1296 se
792 1264 987 1307 egregiam,
1014 1277 1114 1309 quam
1134 1265 1290 1309 Heyuius
1310 1265 1486 1309 amplexus
1506 1272 1568 1305 est,
1588 1277 1673 1310 per

157 1309 352 1343 umbras
382 1309 651 1349 obscuram;
677 1311 770 1355 quod
787 1312 896 1343 sensit
915 1312 1019 1344 etiam
1038 1311 1189 1344 Iahnius.
1238 1313 1366 1344 Verum
1394 1311 1515 1354 etiam,
1551 1311 1580 1343 si
1609 1322 1672 1343 ve-

156 1364 264 1389 terem
291 1357 477 1390 lectionem
518 1358 732 1399 tenebimus,
765 1364 863 1390 recte
896 1358 964 1390 sibi
996 1359 1213 1402 respondent
1242 1365 1462 1402 comparata;
1494 1358 1672 1402 adgnovit,

155 1416 203 1436 sc.
226 1416 341 1445 eam,
366 1404 410 1436 ad
430 1404 523 1449 quod
547 1406 712 1448 Lunam,
746 1416 825 1448 per
859 1405 1057 1437 umbram
1091 1406 1367 1446 obscuram,
1402 1406 1446 1438 ad
1485 1405 1577 1449 quod
1601 1417 1673 1450 per

154 1449 281 1483 ηαὺιίιι
304 1451 447 1483 leseres.
495 1452 616 1495 Itaque
652 1452 686 1483 in
721 1463 759 1483 re
792 1451 897 1484 dubia
926 1458 1085 1495 p1aestat
1112 1452 1233 1485 audire
1264 1458 1373 1484 testes
1401 1451 1670 1496 antiquissimos.

154 1498 226 1530 lam
244 1497 326 1530 libri
346 1497 542 1538 veterrimi,
568 1505 603 1530 ut
624 1497 780 1538 videtui,
805 1498 848 1530 ad
869 1510 972 1530 unum
993 1509 1112 1531 omnes
1132 1498 1300 1530 exhibent
1326 1498 1427 1532 ambr
1411 1512 1504 1537 rum3
1531 1499 1597 1531 hoc
1615 1498 1671 1530 lc-

154 1544 249 1588 gitur
271 1544 373 1576 etiam
390 1544 483 1587 apud
504 1545 693 1585 Donatum,
729 1544 920 1588 idemque
910 1546 1083 1577 invenisse
1104 1545 1276 1586 Servium,
1303 1552 1425 1578 contra
1449 1558 1549 1589 quam
1572 1546 1670 1589 Hey*

152 1591 230 1623 nius
250 1591 453 1632 contendit,
477 1591 664 1624 manifesto
696 1591 919 1635 cognoscitur
943 1604 983 1624 ex
1015 1592 1087 1624 eius
1114 1591 1250 1625 scholio
1284 1592 1329 1624 ad
1359 1605 1408 1625 vs·
1435 1594 1515 1627 340.
1566 1592 1668 1633 Quod

154 1637 185 1670 si
204 1638 279 1682 quis
302 1637 440 1678 dixerit,
469 1637 615 1670 umbras
632 1638 666 1671 in
689 1637 849 1671 umbram
869 1645 1034 1670 mutatum
1057 1651 1133 1671 esse
1154 1639 1196 1671 ab
1217 1638 1271 1679 iis,
1299 1638 1356 1683 qui
1383 1638 1570 1672 obscuram
1595 1651 1670 1671 cum

154 1696 196 1717 eo
215 1684 434 1717 substantivo
452 1684 661 1729 iungendum
692 1691 878 1730 putarent,
914 1685 946 1716 ei
979 1685 1127 1729 primum
1154 1685 1466 1730 respondebimus,
1501 1686 1605 1729 vulgo
1634 1685 1670 1717 in

152 1731 222 1764 hoc
255 1731 494 1775 similibusque
524 1731 722 1764 nominibus
749 1731 941 1775 permutari
969 1731 1185 1775 Singularem
1224 1738 1260 1764 et
1293 1731 1482 1772 Pluralem3
1519 1739 1610 1773 tum,
1640 1731 1670 1764 si

152 1778 229 1821 quis
253 1778 310 1811 hic
329 1778 555 1819 offendisset,
593 1778 710 1821 potius
738 1777 944 1818 obscuram,
979 1785 1018 1811 ut
1047 1778 1252 1811 adiectivum
1281 1785 1314 1811 et
1344 1778 1602 1823 postpositum,
1634 1778 1669 1811 in

153 1823 327 1858 obscuras
347 1832 555 1857 mutaturum
573 1825 704 1866 fuisse,
740 1837 840 1869 quam
872 1824 1034 1866 umbras,
1069 1825 1322 1858 substantivum
1351 1832 1385 1857 et
1415 1838 1668 1869 praegressum,

150 1870 186 1903 in
210 1871 389 1911 umbram,
415 1872 564 1915 denique
591 1872 724 1914 pariter
754 1871 916 1905 cadentia
940 1870 1100 1904 umbram
1135 1870 1323 1905 obscuram
1353 1872 1402 1904 ita
1430 1873 1523 1905 iuxta
1552 1872 1667 1916 posita

150 1918 312 1950 videntur
333 1919 472 1962 egregie
493 1917 691 1961 significare
718 1918 899 1950 multam
927 1918 1165 1951 circumfusam
1192 1917 1395 1961 caliginem3
1428 1920 1494 1953 vid
1526 1919 1594 1952 loci
1624 1921 1666 1959 Q.

149 1966 195 1997 V.
219 1965 393 2005 XXXlII,
413 1967 445 2000 8.
472 1971 560 1997 extr.
581 1964 740 2005 excitati,
775 1972 809 1997 et
828 1965 889 1997 cfr.
912 1977 960 1997 vs.
981 1966 1084 1999 340*
1113 1966 1236 2007 „Hunc
1258 1984 1299 1989 —-
1312 1966 1528 1998 Ριιίιηιινιιιη
1541 1986 1583 1989 —-
1608 1965 1667 1998 ubi

150 2011 207 2043 vix
238 2011 378 2044 multa
405 2019 571 2044 maestum
594 2011 759 2055 cognovit
777 2011 812 2043 in
840 2012 996 2044 umbra.“
1046 1991 1166 2055 Itaqiie
1188 2011 1349 2044 revocavi
1370 2011 1540 2044 umbram.
1572 2014 1640 2045 IVr
1643 2013 1665 2053 .)

150 2058 220 2092 453
245 2059 327 2102 quis
344 2058 404 2090 alii
429 2065 463 2090 et
485 2058 539 2090 ed.
560 2059 666 2098 Iunt.,
691 2058 754 2090 sed
775 2058 843 2089 iam
866 2058 956 2090 Pier.
984 2057 1127 2090 alteram
1155 2058 1332 2101 praetulit.
1369 2059 1450 2101 (vid.
1480 2060 1522 2092 V.
1551 2059 1590 2091 L.
1621 2059 1665 2091 ad

149 2116 200 2137 vs.
226 2106 302 2138 141.
331 2104 427 2147 Wr.)
474 2105 668 2149 quiprimo
687 2116 755 2136 sec.
780 2104 903 2136 Hamb.
982 2104 1051 2138 455
1077 2105 1221 2136 Di'ffmszc
1240 2103 1363 2135 Medic.
1383 2116 1457 2136 cum
1480 2105 1523 2137 al.
1546 2105 1663 2138 Heius.

151 2151 261 2183 demit
277 2150 421 2183 Mentel.
441 2162 495 2194 pr.
526 2151 724 2183 lacrimans
745 2152 844 2183 Rom.
878 2158 933 2183 esc
955 2150 1056 2182 deest
1078 2150 1216 2195 utrique
1239 2151 1375 2193 Menag.
1397 2159 1430 2184 et
1447 2152 1554 2185 Goth.
1571 2163 1641 2184 sec.

269 2245 413 2283 merito
438 2257 510 2282 suo
542 2243 874 2293 laudatissimum,

149 2259 400 2341 illd’Homeri
442 2302 609 2340 ductum
661 2301 710 2339 ‹le
755 2301 874 2339 Aiace

93 2406 96 2408 v
148 2360 260 2399 Iliad.
280 2364 314 2409 λ,
337 2360 420 2403 542
437 2373 521 2410 sqq.
552 2359 720 2397 effinxit.
779 2360 875 2401 452.

147 2420 244 2460 453.
290 2417 385 2459 454.
441 2417 582 2455 Suavis
631 2416 874 2468 comparatio

146 2475 313 2513 Didonis
336 2488 448 2526 aegre
470 2488 542 2526 per
567 2474 750 2511 umbram
770 2474 877 2511 visae

147 2547 240 2571 cum
262 2547 365 2571 nova
386 2533 497 2581 luna,
528 2531 650 2583 petita
675 2532 723 2569 ab
750 2531 874 2582 Apol-

146 2591 226 2630 lon.
251 2591 316 2639 lV,
339 2590 458 2632 1479.
483 2589 602 2637 1480,
634 2594 679 2626 ut
709 2589 787 2626 iam
810 2588 874 2626 alii

147 2655 373 2686 notarunt:
431 2648 546 2685 Visus
589 2653 648 2683 est
692 2647 872 2697 Lynceus

146 2706 359 2744 Herculem
382 2719 429 2756 pr
434 2704 523 2742 ocul
542 2703 697 2751 videre,
731 2702 783 2751 ὥς
811 2704 871 2751 τίς

145 2779 185 2803 τε
207 2762 282 2803 νέω
302 2762 361 2803 ἐνὶ
390 2760 510 2814 ἤματι
537 2756 869 2813 (noste1,pn‘mo

145 2835 276 2857 mcnsv
295 2850 306 2869 ,
359 2834 464 2857 noxa
503 2819 615 2871 luna)
661 2817 797 2870 μήνην
815 2815 878 2858 H

144 2878 203 2918 ιἐὄ
191 2893 230 2917 ν
247 2874 275 2929 ὴ
300 2875 467 2927 ἐνόησεν
488 2873 765 2927 ἐπαχλύουσαν
793 2875 869 2916 ἰδέ-

142 2940 251 2975 σθαι.
317 2932 513 2985 (Adverte
551 2933 590 2971 h.
616 2933 641 2971 l.
678 2934 870 2971 anacolu-

932 2243 1054 2293 thon,
1077 2256 1203 2295 neque
1223 2244 1326 2281 enim
1346 2259 1469 2295 quam
1489 2258 1545 2283 vs.
1566 2243 1661 2286 451.

932 2300 1054 2339 habet
1075 2330 1085 2351 ,
1125 2301 1233 2340 unde
1279 2301 1461 2352 pendeat.
1532 2301 1662 2339 Possis

934 2359 1103 2408 omisso,
1135 2358 1244 2409 quod
1266 2365 1324 2396 est
1354 2360 1396 2396 in
1428 2359 1506 2396 fine
1539 2358 1660 2397 huius

934 2430 1095 2468 versus,
1118 2423 1332 2465 commate,
1352 2416 1514 2467 iungere
1535 2431 1660 2468 qaam.

934 2476 1049 2511 iuxla
1064 2503 1074 2522 ,
1109 2474 1183 2511 nisi
1204 2473 1281 2512 hoc
1300 2476 1431 2525 ipsum
1450 2476 1565 2511 iuxta
1594 2474 1658 2511 ni—

932 2531 1006 2569 mis
1026 2532 1140 2582 longe
1162 2539 1363 2569 remotum
1389 2538 1502 2571 esset.
1563 2532 1657 2570 Vir-

930 2589 1044 2639 gilius
1060 2589 1116 2626 ita
1132 2589 1353 2641 scripturus
1366 2591 1513 2627 fuerat:
1533 2604 1657 2641 quam

939 2649 1080 2684 Troius
1118 2646 1231 2684 heros
1288 2663 1314 2684 α
1326 2647 1502 2697 allatus
1555 2656 1652 2693 est,-

927 2703 997 2741 sed
1020 2709 1107 2756 post
1133 2705 1250 2756 plura
1282 2704 1519 2756 interposita
1552 2704 1653 2741 obli-

925 2768 992 2799 tus
1012 2767 1172 2813 coeptae
1195 2762 1385 2800 orationis
1399 2793 1408 2810 ,
1433 2768 1523 2798 ante
1541 2760 1652 2808 iilud,

927 2819 1037 2870 quod
1067 2820 1143 2856 iam
1168 2819 1277 2870 sequi
1306 2819 1495 2866 debebat,
1528 2819 1652 2867 (alsia-

927 2885 990 2914 tas·
1027 2885 1081 2914 est
1097 2907 1106 2925 ,
1149 2877 1287 2914 inserit
1312 2877 1437 2914 haec:
1475 2877 1651 2914 Dcma'sil

928 2935 1132 2971 lacrimas.
1173 2932 1289 2984 llsr.)
1366 2934 1460 2974 456.
1489 2934 1649 2969 nunnus
