1811 3388
466 218 592 265 AD
667 213 1104 260 LIBRUM
1176 212 1255 260 IV
1518 218 1616 264 717

109 350 148 387 in
171 348 323 387 Didone
352 345 401 383 ad
430 344 582 381 Aeneae
616 348 784 380 aetatem
814 340 1041 379 revocanda
1069 338 1386 391 reprehensionis
1414 341 1618 380 materiam

111 408 287 453 subesse,
328 416 376 441 ex
407 403 474 449 iis,
516 414 616 451 quae
649 401 853 451 disputata
886 405 999 445 sunt,
1041 399 1135 435 satis
1166 398 1332 448 intelligi
1362 404 1471 449 puto.
1531 399 1619 450 Egit

110 465 157 501 de
199 463 274 501 hoc
314 459 490 512 episodio
532 459 663 496 Abbas
694 459 850 495 Anclres
881 459 920 494 in
961 455 1149 506 singulari
1181 456 1334 492 libello:
1390 456 1438 493 de
1469 470 1548 506 quo
1580 471 1619 495 v.

108 521 301 559 iudicium
334 524 516 555 nostrum
550 515 607 568 (in
646 517 827 566 Go'llc‘ng.
863 514 1030 565 gelelzrl.
1070 515 1275 563 Anzez'gen
1306 516 1425 555 1789.
1448 528 1485 564 p.
1510 517 1619 556 1166

107 577 194 630 sq.).
245 577 299 614 De
329 575 482 612 Didone
513 581 646 611 autem
683 573 874 610 nonnulla
908 572 1036 609 minus
1081 577 1172 608 nota
1206 571 1297 608 vide
1335 571 1376 608 in
1408 572 1474 609 Tr.
1508 570 1619 609 Ano-

109 635 217 686 nymi
257 635 304 671 de
336 632 587 679 mulieribus,
631 646 733 683 (luae
772 630 872 667 bello
907 631 1134 666 claruerant
1175 626 1241 679 (ab
1282 629 1437 666 Heeren
1480 636 1619 668 nostro

109 693 269 743 vulgato
301 691 341 728 in
374 690 602 727 Bibltollzek
632 690 700 726 (ler
729 689 837 725 alten,
871 689 1088 724 Litterasm-
1118 690 1154 728 6.
1183 687 1310 723 Sti'ick
1332 700 1370 737 p.
1394 686 1488 739 15.).
1551 688 1620 725 Est

107 751 170 788 illa
212 749 265 787 ibi
305 748 501 799 appellata
543 742 751 793 Θειοσσῶ,·
798 745 950 796 reliqua
992 745 1073 782 fere
1104 745 1349 782 conveniunt
1394 758 1485 782 cum
1518 746 1618 796 Ety-

108 808 262 859 mologo
292 806 334 844 in
363 805 488 846 Διδώ.

502 1097 1073 1157 EXCURSUS
1156 1098 1220 1153 ΙΙ

348 1214 648 1272 Apollinis
708 1230 967 1256 accessus
1026 1213 1099 1254 ad
1161 1211 1370 1254 Delum.

168 1332 233 1380 IV,
268 1330 491 1372 143-149
517 1330 676 1379 Qualis,
699 1329 767 1367 ubi
785 1329 990 1367 hibernam
1010 1330 1184 1379 Lyciam
1207 1327 1444 1379 Xanthique
1454 1328 1617 1378 fluenta

112 1391 294 1436 Deserit,
329 1404 378 1426 ac
407 1389 559 1425 Delum
591 1396 812 1424 maternam
843 1389 979 1424 invi-sil
1008 1388 1178 1436 Apollo,
1211 1388 1494 1436 lnslaltralque
1520 1385 1617 1422 elw-

112 1462 174 1484 ros
194 1477 204 1494 ‚
238 1449 432 1497 mixtique
462 1446 611 1482 altaria
642 1447 790 1482 circum
825 1446 1029 1494 Crelesque
1058 1445 1318 1494 Jhyopesque
1337 1443 1522 1493 Jiwnunl
1545 1445 1618 1493 pi-

113 1506 242 1555 ctique
271 1503 521 1554 Agadzyr-sc'5
561 1504 655 1552 Ipse
695 1504 804 1553 iugis
840 1502 984 1541 Cinlhc'
1008 1504 1221 1550 graclitur;
1264 1501 1453 1551 mollique
1473 1502 1617 1550 fluen-

113 1571 191 1598 tem
221 1562 377 1598 Fronde
401 1562 550 1610 premii
575 1562 720 1597 crinem
741 1560 934 1610 fingens,
978 1568 1096 1609 alque
1126 1559 1311 1608 implicat
1342 1572 1468 1601 αιινο;
1519 1558 1617 1595 Tela

112 1627 257 1656 sonant
285 1618 473 1655 humeris.
536 1617 703 1667 Insignis
734 1616 1058 1667 phantasmatum
1100 1622 1139 1653 et
1178 1615 1394 1653 verborum
1428 1615 1618 1665 dignitate

112 1676 244 1723 Ιοοιιε,
290 1675 402 1713 cuius
437 1688 528 1725 pars
560 1687 608 1711 ex
640 1675 873 1725 Apollonio,
922 1673 991 1710 sed
1024 1673 1197 1710 multum
1229 1673 1430 1720 ornatius,
1474 1673 1617 1710 adum—-

109 1734 250 1781 brata,
281 1733 307 1771 l.
338 1733 366 1781 Ι·,
399 1734 643 1773 307-309
667 1728 762 1779 Oios·
788 1728 827 1771 δ’
851 1731 894 1772 ἐκ
923 1735 1039 1782 νηοῖο
1067 1728 1252 1776 θυώδεος
1280 1727 1380 1769 εἶσιν
1401 1726 1617 1779 Ἀπόλλων,

110 1793 248 1842 Δῆλον
277 1786 349 1829 a'v’
380 1786 564 1842 ἠγαθέην
598 1785 646 1839 ἠὲ
680 1786 844 1841 Κλάρον
876 1785 904 1840 ἢ
926 1785 992 1841 ὅγε
1023 1785 1170 1837 Πυθώ,
1190 1784 1248 1826 ”H
1268 1789 1429 1838 Λυκίην
1455 1784 1618 1839 εὐρεῖαν

112 1847 177 1888 ἐπὶ
213 1843 391 1890 Ξάνθοιο
427 1847 566 1902 ῥὀῇσιῑ
603 1845 667 1894 (cf.
700 1847 819 1884 etiam
850 1860 989 1884 versus
1019 1845 1086 1883 lib.
1119 1845 1146 1893 Ι,
1179 1845 1434 1893 536-539,
1478 1852 1517 1883 et
1547 1846 1617 1885 lib.

111 1905 159 1954 ΙΙ,
189 1908 270 1947 677
290 1919 373 1955 sqq.
422 1904 518 1942 item
550 1904 699 1942 Gallim.
734 1904 773 1941 in
818 1904 927 1941 Dian.
965 1903 1043 1944 241
1082 1901 1182 1955 sqq.)
1229 1903 1381 1952 reliqua
1423 1903 1527 1941 sorte
1567 1917 1618 1940 ex

112 1963 187 2000 alio
221 1963 371 2000 Graeco
403 1968 533 2014 poeta.
594 1961 698 1999 Ante
738 1962 873 1999 oculos
903 1962 1035 1998 locum
1066 1960 1240 1998 Maronis
1271 1959 1411 1998 habuit
1442 1961 1618 1999 Avienus

111 2020 207 2057 Orb.
240 2021 350 2058 Terr.
383 2020 464 2060 705
495 2033 550 2069 sq.
581 2019 648 2056 ubi
680 2033 867 2069 compara
898 2018 1160 2056 Wernsdorfii
1188 2018 1331 2055 Notaln
1363 2032 1399 2069 p.
1436 2020 1542 2060 1036
1561 2033 1617 2068 sq.

112 2077 166 2114 De
197 2077 371 2128 Neptuni
400 2077 555 2113 incessu
586 2076 700 2112 simili
731 2082 879 2113 ornatu
910 2076 1132 2113 elaboratus
1164 2082 1223 2112 est
1256 2075 1364 2126 apud
1395 2075 1523 2125 Apoll.
1553 2076 1616 2124 ΙΙΙ,

116 2136 223 2175 1239
242 2148 297 2184 sq.
356 2134 467 2170 Sicut
499 2133 598 2170 Dido
627 2147 717 2170 cum
750 2134 872 2170 Diana
902 2133 969 2170 lib.
1004 2133 1031 2181 Ι,
1065 2132 1148 2173 498
1179 2145 1260 2181 sqq.
1293 2133 1349 2169 ita
1373 2132 1523 2169 Aeneas
1552 2133 1618 2170 in-

112 2191 255 2228 cedens
286 2196 542 2241 comparatur
583 2204 673 2227 cum
714 2189 896 2241 Apolline
928 2190 1145 2227 incedente.
1206 2190 1308 2235 Iam,
1351 2195 1397 2226 ut
1429 2196 1616 2228 ornatum

111 2248 325 2299 intelligas,
367 2248 485 2285 deum
519 2261 598 2285 non
630 2248 860 2298 simpliciter
897 2247 1170 2293 incedentem,
1212 2247 1280 2284 sed
1307 2247 1407 2284 sesto
1441 2247 1525 2294 die,
1572 2254 1619 2286 ut

111 2305 231 2343 sacris
263 2306 344 2343 suis
372 2305 542 2352 intersit,
575 2305 839 2355 prodeuntem
871 2305 995 2352 sistit3
1031 2311 1071 2341 et
1101 2304 1221 2342 sacris
1252 2304 1411 2354 quiden]
1444 2305 1618 2343 celeber-

110 2363 244 2411 rimis,
276 2363 316 2400 in
347 2363 475 2400 insula
510 2363 624 2400 Delo:
666 2362 757 2399 inde
789 2368 1019 2400 ornamenta
1051 2362 1166 2413 petiit
1198 2376 1287 2399 cum
1328 2375 1377 2399 ex
1407 2361 1466 2399 his
1499 2364 1618 2401 sacris

112 2427 151 2457 et
182 2420 243 2458 dei
277 2433 456 2467 accessu,
489 2426 575 2457 tum
607 2433 655 2456 ex
687 2420 797 2468 loco,
829 2420 936 2457 unde
969 2419 1199 2457 decesserat.
1260 2421 1434 2468 Lyciam
1465 2434 1617 2459 memo—

110 2484 195 2525 rat,
229 2491 393 2528 eamque
422 2478 627 2515 hibernam
660 2478 844 2528 appellat,
877 2478 1063 2527 quoniam
1094 2476 1264 2514 hiemem
1298 2477 1437 2528 Apollo
1468 2479 1618 2517 Pataris

112 2535 254 2586 Lyciae
285 2536 426 2586 exigit:
468 2535 540 2572 etsi
574 2535 637 2573 vel
670 2536 924 2588 ὸυςχείμερον
954 2535 1015 2572 vel
1050 2531 1278 2586 εὕχείμερον
1310 2535 1509 2585 explicant
1541 2537 1619 2575 viri

115 2592 235 2630 docti.
295 2593 383 2630 Non
416 2593 580 2631 videtur
612 2592 784 2629 alienum
823 2607 843 2629 a
881 2606 924 2629 re
964 2605 1064 2641 esse,
1111 2592 1219 2642 quod
1260 2593 1419 2630 Servius
1461 2602 1619 2643 narrat3

113 2650 272 2699 gravior
313 2651 416 2687 enim
456 2650 672 2687 auctoritas
713 2665 793 2687 non
831 2650 1027 2699 occurrit3
1074 2664 1172 2687 nam
1207 2659 1361 2686 consilae
1389 2651 1619 2700 Apollinem

112 2721 179 2743 sex
212 2708 408 2744 mensibus
438 2707 677 2745 hiemalibus
709 2708 824 2758 apud
844 2710 1055 2754 Falarem,
1091 2709 1243 2758 Lyciae
1273 2710 1490 2757 civilalem,
1525 2710 1620 2746 clare

111 2778 299 2813 responsa
333 2786 386 2792 —-
417 2774 452 2802 el
481 2780 549 2802 sex
580 2766 743 2802 aestivis
774 2765 891 2814 apm‘l
916 2766 1083 2802 Delum.
1148 2766 1264 2802 Certe
1295 2771 1334 2801 et
1365 2764 1560 2804 Herodot.
1590 2767 1618 2813 Ι,

113 2822 196 2860 182
229 2820 276 2857 de
308 2822 498 2859 Pataraeo
530 2822 713 2859 oraculo:
746 2818 794 2861 ου’
817 2820 892 2874 γιὲρ
917 2817 975 2861 ὧν
998 2823 1076 2861 αἰεί
1097 2821 1176 2861 ἐστι
1195 2818 1438 2874 χρηστήριον
1463 2819 1618 2864 αὐτόθι.

111 2873 335 2929 α’ποδημίαι
369 2884 406 2915 et
435 2879 644 2929 ἐπιδημίαι
677 2879 843 2916 deorum
874 2892 936 2916 res
953 2879 1154 2916 notissima
1179 2879 1356 2930 inprimis
1381 2887 1470 2931 post
1491 2883 1620 2932 Span-

108 2933 211 2973 hem.
263 2934 305 2973 in
335 2935 483 2974 Gallim.
518 2937 671 2974 Delum
706 2945 927 2973 maternam
968 2936 1086 2974 matri
1126 2937 1298 2974 Latonae
1329 2950 1502 2985 sacram,
1552 2950 1620 2975 seu
