1811 3388
354 179 761 231 AENEIDOS
805 180 944 231 LIB.
972 183 1070 244 Vl,
1095 185 1385 238 258—272

1526 197 1622 242 891

128 307 206 356 Sit
225 306 357 355 mihi
384 305 461 354 sas
484 304 658 353 audita
683 304 857 371 loqui3
896 307 973 368 sit,
1010 309 1230 357 numine
1256 319 1447 375 vestro,

125 375 369 426 Pandere
391 391 476 423 res
497 373 594 423 alta
617 383 756 423 terra
784 384 835 424 et
859 376 1077 440 caligine
1105 394 1318 428 niersaS.

194 444 350 494 Ibant
370 444 581 493 obscuri
605 444 718 493 sola
741 444 837 494 sub
860 455 1018 495 nocte
1042 463 1139 512 per
1159 447 1424 510 umbram,

124 518 336 579 Perque
361 513 554 563 domos
577 515 709 564 Ditis
730 531 939 579 vacuas,
980 525 1030 565 et
1054 517 1224 565 inania
1249 532 1424 579 regna.

127 583 295 645 Quale
316 600 414 649 per
434 584 690 632 incertam
709 586 915 633 Lunam
945 586 1042 634 sub
1064 586 1180 634 luce
1203 586 1431 649 maligna

1532 593 1635 640 270

124 655 218 702 Est
248 653 348 701 iter
370 654 422 701 in
444 653 602 704 silvis:
640 653 733 702 ubi
761 654 971 703 coelum
999 655 1239 704 condidit
1260 655 1452 706 umbra

124 723 388 788 Iuppiter,
429 732 481 773 et
499 724 659 772 rebus
681 740 787 773 nox
810 724 1022 774 abstulit
1043 734 1150 774 atra
1177 724 1429 777 colorem.

127 851 298 893 silentia,
333 863 373 885 ex
397 850 570 885 communi
594 863 675 892 usu3
712 853 805 898 quod
832 859 866 886 et
897 852 1036 886 Servius
1071 853 1332 899 interpretatur.

1367 854 1500 898 (potest
1534 853 1638 886 etiam

128 910 170 930 ex
195 910 401 943 praegresso
429 899 578 932 silentes
602 906 714 931 ortum
740 912 816 933 esse
840 906 901 933 aut
927 901 1095 933 adscitum
1123 913 1163 933 ex
1188 902 1252 941 JX,
1280 902 1375 935 19o.:
1412 900 1542 942 „silent
1565 900 1637 933 late

126 944 239 977 locaf‘

289 946 391 977 Certe
416 945 503 978 haec
526 945 667 978 iteratio
693 946 829 979 vitiosa.
877 947 1034 979 Ceterum
1060 948 1207 980 silentia
1233 947 1341 980 Palat.
1368 954 1403 980 et
1430 947 1464 979 in
1483 947 1637 989 margine

126 991 280 1025 Medicei
308 992 540 1035 adscriptum,
566 1004 606 1024 ex
638 993 759 1026 Servio
784 994 947 1026 sortasse.
977 994 1072 1038 lVr.)
1100 994 1154 1026 ed.
1182 996 1268 1028 ven.
1295 995 1374 1027 loca
1399 1002 1498 1025 muta
1523 994 1637 1025 silen-

129 1039 193 1070 tia·
287 1040 356 1073 267
383 1040 482 1072 alcas
513 1038 640 1071 Medic.
674 1052 694 1072 a
729 1053 773 1073 m.
806 1053 858 1084 pr.
893 1040 947 1073 ed.
979 1042 1068 1074 Ven.
1100 1053 1175 1073 cum
1207 1041 1341 1084 aliquot
1376 1040 1554 1072 Pierianis.
1603 1047 1638 1071 et

128 1085 171 1117 ab
177 1091 229 1117 est
253 1098 272 1118 a
296 1085 402 1119 Witt.

497 1087 565 1120 268
592 1084 746 1119 obscura
771 1088 841 1119 soli
874 1088 964 1119 Gud.
990 1099 1008 1119 a
1034 1100 1076 1122 m.
1112 1100 1181 1131 pr.‚
1215 1095 1250 1119 ut
1284 1087 1422 1130 quidam
1459 1099 1513 1129 ap.
1548 1086 1636 1118 Pier.

128 1143 218 1175 quae
243 1132 394 1175 vulgaris
420 1138 514 1164 esset
536 1132 640 1164 ratio.
688 1132 840 1166 obscura
864 1134 944 1166 Sola
969 1133 1076 1166 Goth.
1103 1134 1204 1166 alter.
1247 1147 1315 1178 per
1342 1133 1498 1165 umbram
1519 1133 1637 1165 lleins.

130 1189 150 1210 e
175 1178 378 1211 melioribus
401 1179 470 1212 suis
499 1185 534 1211 et
558 1178 648 1211 Pier.
674 1179 740 1218 (ita
765 1180 868 1212 etiam
893 1181 1015 1223 fragm.
1049 1182 1130 1213 vat.
1166 1186 1201 1212 et
1237 1182 1291 1214 11.
1328 1182 1381 1215 12.
1417 1180 1484 1212 vid.
1517 1181 1557 1219 Q.
1594 1180 1638 1211 V.

128 1225 237 1266 V1111,
262 1227 295 1266 3,
320 1227 397 1267 Vll,
422 1227 456 1258 b.
489 1226 581 1267 ls'r.)
630 1226 746 1269 Vulgo
770 1240 836 1271 per
861 1226 1016 1259 umbras.
1043 1227 1106 1270 (ita
1130 1227 1236 1259 Palat.
1279 1246 1322 1251 -
1347 1228 1426 1261 269.
1453 1227 1581 1258 (lortius
1604 1226 1637 1259 3.

129 1272 162 1305 8.
187 1271 258 1304 vid.
285 1274 327 1306 V.
353 1273 392 1306 L.
419 1273 463 1304 ad
488 1273 551 1305 Ge.
574 1274 599 1311 Ι,
628 1274 704 1308 182.
735 1273 830 1316 lVr.)

924 1275 993 1307 270
1024 1275 1198 1306 incertam
1233 1275 1374 1305 Lunam
1411 1279 1446 1304 et
1479 1272 1569 1305 ratio
1604 1278 1639 1303 et

130 1318 280 1362 optimus
325 1319 470 1363 quisque
517 1319 619 1352 codd.
661 1319 831 1362 agnoscit.
885 1320 953 1352 Alii
995 1326 1112 1352 tamen
1156 1332 1211 1363 ap.
1244 1320 1334 1351 Picr.
1373 1326 1408 1351 et
1444 1319 1563 1351 Heius.
1599 1331 1639 1350 ac

128 1365 244 1397 Burm.
269 1367 493 1414 incoeptam,
526 1366 621 1411 quod
655 1373 691 1398 et
713 1365 850 1399 Servius
877 1368 1054 1411 agnoseit,
1090 1373 1143 1408 et,
1179 1366 1273 1413 quod
1306 1365 1428 1398 mirum
1466 1373 1537 1407 est,
1570 1375 1639 1397 non

128 1410 319 1456 improbat.

129 1505 300 1544 horrore
323 1507 496 1557 quodam
532 1521 644 1546 sacro
674 1508 860 1546 imbuen—

132 1564 205 1602 dos
229 1565 362 1602 subita
380 1565 478 1603 haec
508 1566 676 1603 deorum
709 1566 860 1603 infero-

131 1635 222 1660 rum
261 1629 302 1659 et
334 1623 513 1660 Manium
542 1623 778 1674 appellatio,
814 1629 861 1661 ut

131 1685 240 1717 reete
259 1681 307 1717 ab
325 1680 501 1733 interpp.
520 1687 718 1719 notatum.
757 1683 859 1718 Sane

131 1743 250 1789 poeta
270 1767 280 1786 ‚
323 1738 432 1787 quod
462 1739 607 1789 alioqui
638 1737 860 1789 reprehen-

132 1795 283 1832 sionem
317 1794 466 1844 habet,
514 1810 623 1834 nunc
658 1797 788 1847 ipsum
822 1809 860 1832 se

132 1852 272 1904 prodit
293 1859 333 1890 et
353 1854 603 1892 audientium
634 1854 784 1891 animos
819 1855 861 1891 in

133 1923 174 1948 se
214 1912 444 1949 convertit:
496 1912 568 1948 etsi
620 1911 702 1948 eius
750 1911 861 1948 nulla

136 1969 298 2005 omnino
320 1969 545 2006 recordatio
568 1969 609 2006 in
630 1969 861 2006 narratione

136 2037 218 2062 esse
239 2025 427 2074 debebat,
459 2027 605 2077 quippe
636 2039 712 2075 qua
747 2039 861 2063 error

136 2082 200 2120 ille
222 2083 490 2133 gratissimus,
521 2097 599 2133 quo
618 2082 710 2133 ipsis
730 2083 861 2131 rebus,

138 2152 238 2190 quae
277 2147 477 2190 aguntur,
519 2142 707 2179 interesse
743 2141 863 2178 volu—

138 2211 238 2246 muS,
269 2211 350 2235 non
375 2199 514 2236 audire
536 2211 598 2235 res
619 2203 863 2247 8651351131·-

137 2261 232 2293 ratu
273 2262 444 2305 poetae,
496 2256 665 2293 tollitur.
727 2255 865 2292 Enim-

138 2326 234 2351 vero
265 2312 430 2351 Homeri
458 2326 615 2363 quoque
645 2312 792 2349 iudicio
827 2317 867 2348 et

138 2371 319 2422 exemplo
360 2371 400 2408 in
448 2370 693 2408 memorabili
734 2370 867 2418 aliquo

138 2441 274 2467 rerum
295 2429 464 2466 articulo
487 2427 781 2466 invocationem
805 2427 867 2463 sa-

141 2486 195 2523 cit
234 2493 362 2536 poeta.
427 2485 491 2523 Ad
534 2485 773 2522 sententiam
818 2484 868 2521 cf.

141 2545 276 2581 Senec.
315 2544 432 2582 Here.
470 2544 546 2580 sur.
589 2544 670 2583 658
694 2566 743 2570 -
770 2544 865 2584 661.

143 2601 328 2639 Ceterum
361 2602 401 2639 in
436 2600 634 2638 Servianis
672 2599 722 2636 ad
758 2598 799 2636 h.
828 2612 865 2636 v.

143 2659 230 2707 „Ex
256 2659 405 2696 maiore
438 2664 570 2695 autem
599 2662 713 2709 parte
741 2659 867 2707 Syro—

144 2729 282 2765 „nem‚
315 2717 356 2753 id
380 2722 456 2765 est,
489 2715 722 2765 magistrum
752 2728 868 2752 suum

142 2774 429 2825 ,‚Epicureum‚
455 2773 632 2822 sequitur
647 2774 669 2792 “
703 2769 769 2822 (cf.
790 2773 869 2809 Do—

141 2837 223 2869 nat.
245 2831 324 2870 Vit.
355 2831 458 2879 Virg.
487 2829 528 2881 ᾗ.
555 2829 641 2882 79).
706 2829 871 2867 Indocte

141 2887 230 2927 hoc.
290 2888 388 2926 Nam
421 2888 604 2939 Epicurei
645 2886 872 2925 alienissimi

919 1507 967 1545 ab
1003 1506 1065 1545 his
1098 1507 1253 1546 sabulis.
1293 1507 1341 1545 cf.
1380 1507 1536 1545 Lucret.
1576 1505 1641 1555 III,

918 1565 997 1607 951
1030 1579 1113 1616 sqq.
1179 1565 1309 1603 Chaos
1344 1566 1443 1602 bene
1473 1565 1641 1602 invoca-

916 1629 1008 1672 tur,
1039 1635 1090 1660 ex
1118 1637 1197 1673 quo
1225 1622 1315 1659 Nox
1343 1629 1437 1660 nata
1473 1628 1513 1659 et
1541 1622 1641 1659 Ere-

916 1681 1003 1718 bus.
1074 1680 1324 1731 Phlegethon
1365 1681 1526 1718 omnino
1571 1692 1642 1730 pro

917 1737 1013 1775 locis
1043 1738 1201 1786 inseris,
1245 1739 1314 1774 sed
1358 1738 1409 1774 ad
1449 1743 1644 1774 terrorem

918 1795 1147 1833 nominatus
1195 1808 1289 1847 prae
1336 1795 1488 1832 ceteris.
1542 1794 1644 1831 cons.

918 1853 986 1890 ins.
1006 1854 1089 1894 550
1111 1866 1194 1903 sqq.
1254 1854 1314 1890 Sa
1335 1854 1496 1890 numine
1524 1866 1562 1888 ι’.
1591 1866 1640 1901 p.

918 1911 1036 1948 liceat
1100 1923 1170 1961 per
1231 1923 1379 1947 numen
1439 1915 1645 1956 vestrum5

919 1973 1114 2017 quantum
1146 1967 1196 2004 ad
1227 1981 1298 2004 vos
1334 1966 1499 2015 attinet,
1539 1965 1579 2003 h.
1612 1977 1645 2002 e.

919 2038 1010 2062 cum
1028 2024 1143 2062 venia
1166 2030 1311 2062 vestra.

978 2141 1060 2180 268
1086 2160 1140 2168 -
1163 2140 1259 2178 272.
1300 2135 1454 2174 obscuri
1490 2134 1645 2186 poetico

923 2202 1069 2234 ornatu
1096 2195 1335 2232 translatum
1364 2192 1567 2245 epitheton
1598 2192 1647 2230 ab

923 2254 1066 2292 umbra
1088 2253 1153 2291 vel
1178 2258 1315 2301 nocte3
1347 2257 1384 2288 et
1405 2257 1550 2288 ornant
1572 2250 1647 2287 ad-

924 2312 1048 2349 iecta:
1093 2310 1162 2346 sul)
1199 2318 1334 2357 noc-le,
1383 2309 1424 2346 in
1462 2308 1646 2356 tenebris,

926 2375 965 2405 et
986 2383 1059 2418 per
1089 2367 1296 2415 umbram,
1342 2372 1381 2403 et
1420 2367 1495 2403 soli
1524 2365 1648 2412 ibant,

925 2426 1033 2465 unde
1056 2426 1141 2462 sola
1171 2433 1293 2463 nocte.
1354 2424 1490 2460 domos
1521 2422 1648 2473 simpl.

924 2498 999 2535 pro
1026 2483 1132 2520 lociS.
1200 2484 1295 2522 270.
1336 2484 1527 2518 incertam
1557 2482 1649 2517 Lu·-

924 2555 1042 2588 nam,
1090 2539 1227 2577 nubilo
1266 2539 1394 2587 caelo,
1436 2537 1542 2575 unde
1580 2538 1651 2574 lux

924 2600 1134 2649 maligna,
1168 2611 1308 2648 parca,
1335 2596 1491 2634 infirma
1517 2609 1561 2632 ac
1588 2600 1651 2631 te-

926 2656 1036 2705 nuis;
1066 2661 1112 2692 ut
1134 2660 1273 2692 contra
1302 2653 1496 2703 benignus
1524 2653 1651 2689 inter-

928 2714 1023 2751 dum
1061 2719 1119 2750 cst
1157 2713 1318 2763 largus,
1357 2711 1519 2748 multus.
1589 2708 1652 2745 sic

927 2773 1064 2809 incerti
1086 2772 1186 2808 soles
1219 2783 1304 2820 sup.
1333 2769 1397 2816 III,
1429 2770 1523 2808 203.
1556 2765 1650 2808 204.

929 2825 1052 2878 οἷΐόνη
1079 2828 1214 2877 σκοτίη
1235 2826 1342 2877 apud
1373 2824 1555 2875 Apollon.
1587 2822 1651 2871 lv,

932 2888 1053 2928 1697.
1076 2884 1167 2925 add.
1192 2884 1318 2922 Cerda
1340 2889 1378 2920 et
1401 2883 1535 2919 Burm.
