1779 3420
122 240 228 290 220
461 223 1185 280 EXCURSUSI.
1260 221 1320 267 ΙΙ

121 365 254 404 multa
283 361 409 402 habet
439 365 721 400 consentanea.
780 354 995 406 Virgilium
1023 352 1067 390 in
1099 351 1176 389 hac
1200 350 1333 388 sabula
1364 348 1562 400 expressit
1581 348 1666 387 Va-

121 424 195 462 ler.
226 423 288 461 Fl.
319 422 350 470 I,
382 423 467 464 576
498 432 583 470 sqq.
625 416 681 455 sic
719 421 768 453 ut
806 413 922 451 facile
960 411 1207 450 imitatorem
1238 408 1461 458 intelligas,
1502 407 1668 445 brevius

123 481 405 521 narrationem
439 476 675 528 exsequitur
714 472 833 511 Silius
875 471 952 520 IX,
988 470 1067 512 491
1115 483 1200 521 sqq.
1247 465 1448 520 Apollonii
1484 465 1667 517 exemplo

123 541 321 591 1v‚777.

543 836 1246 900 EXCURSUSH

254 949 685 1011 ,Nymphae
744 943 1108 989 Iunonis
1170 939 1542 982 comites.

224 1062 255 1111 I,
286 1064 356 1102 71.
397 1059 501 1096 Sunt
539 1054 643 1093 milti
682 1053 742 1091 his
771 1060 924 1104 septem
954 1049 1186 1102 praestanti
1226 1060 1388 1098 corpore
1422 1044 1663 1097 Nymphae.

126 1121 263 1159 Habet
299 1118 420 1170 igitur
441 1115 562 1154 etiam
594 1113 696 1151 Iuno
728 1126 820 1150 suas
852 1108 1079 1162 Nymphas,
1121 1121 1205 1145 non
1235 1105 1358 1144 modo
1389 1103 1529 1141 Diana.
1583 1102 1672 1140 Me-

126 1183 345 1218 morantur
387 1187 528 1212 earum
562 1171 726 1209 nomina
766 1169 876 1222 apud
908 1169 1102 1218 Pompon.
1134 1165 1225 1202 Sab.
1269 1164 1320 1202 ad
1351 1163 1392 1201 h.
1423 1162 1450 1201 l.
1511 1160 1589 1199 Sed
1621 1173 1671 1198 ne

126 1238 289 1285 fallare,
336 1233 543 1284 exscripta
586 1244 631 1267 ea
672 1241 756 1267 esse
797 1234 935 1266 teneas
979 1238 1030 1262 ex
1062 1225 1207 1275 Georg.
1238 1223 1305 1271 IV,
1347 1224 1430 1263 336
1460 1234 1557 1271 sqq„
1599 1218 1669 1257 ubi

126 1295 318 1335 Nereides
360 1293 572 1344 Clymenes
611 1287 777 1326 comites
818 1289 1125 1324 enumerantur.
1184 1283 1313 1319 Locus
1352 1285 1487 1317 autem
1518 1277 1671 1329 Virgilii

127 1366 344 1407 expressus
375 1364 427 1389 ex
457 1348 568 1387 Iliad.
600 1348 634 1397 ξ,
665 1349 751 1388 267
783 1358 881 1397 sqq„
916 1343 985 1382 ubi
1016 1348 1154 1379 tamen
1187 1340 1286 1378 luno
1318 1340 1469 1377 Somno
1498 1336 1671 1389 promit-

127 1414 181 1452 tit
213 1412 407 1465 Χαρίτων
438 1408 537 1461 μίαν
568 1400 842 1458 ὁπλοτεράων.
902 1400 1086 1440 Charites
1117 1399 1223 1437 enim
1248 1397 1393 1436 lunoni
1425 1396 1575 1434 adsunt
1595 1409 1671 1432 an-

126 1472 244 1523 tiqua
285 1468 492 1521 religione.
551 1465 610 1504 Ita
653 1462 764 1516 apud
797 1463 967 1500 Pausan.
999 1459 1053 1508 ΙΙ,
1090 1461 1156 1501 17.
1231 1456 1311 1494 Sed
1342 1455 1501 1507 fingunt
1530 1460 1672 1506 poetae

128 1530 329 1570 nonnulla
358 1532 519 1579 praeter
549 1522 774 1573 religiones.
836 1519 902 1558 Sic
933 1517 1086 1556 Statius
1108 1515 1259 1554 Palladi
1277 1529 1358 1552 non
1390 1513 1524 1551 minus
1550 1526 1672 1563 quam

128 1590 280 1628 Dianae
311 1586 480 1625 comites
513 1583 584 1622 dat
615 1580 741 1619 Theb.
772 1579 831 1628 ΙΙ,
864 1580 961 1619 239.
1034 1575 1225 1626 Alioquin
1256 1573 1390 1611 Horae
1421 1571 1564 1610 Iunoni
1597 1570 1671 1608 ad-

129 1653 248 1697 sunt,
291 1659 391 1697 quas
431 1642 484 1681 ad
526 1646 702 1693 quatuor
743 1638 839 1676 anni
880 1642 1066 1687 tempora
1095 1640 1261 1672 revocat
1292 1631 1474 1679 Quintus
1505 1629 1587 1667 Cal.
1619 1630 1670 1678 X,

129 1709 215 1748 336
247 1718 334 1756 sqq.
395 1702 440 1740 In
461 1701 640 1739 Homero
661 1696 789 1735 multa
812 1700 931 1744 sunt,
963 1706 1066 1745 quae
1091 1692 1224 1730 minus
1248 1690 1475 1742 displicent.
1524 1689 1671 1725 Somno

130 1764 343 1816 coniugem
373 1759 581 1813 promitti,
623 1755 748 1807 magis
789 1760 850 1792 est
891 1757 1229 1800 consentaneum,
1262 1763 1384 1800 quam
1415 1746 1563 1795 Aeolo,
1595 1745 1672 1784 XII

129 1824 211 1862 iam
243 1836 295 1861 ex
324 1832 456 1859 uxore
487 1818 591 1856 filios
612 1813 794 1862 habenti,
826 1826 865 1850 v.
889 1811 1037 1862 Odyss.
1068 1826 1104 1858 κ,
1135 1823 1210 1861 pr.,
1244 1807 1307 1845 cui
1339 1806 1431 1844 ideo
1454 1819 1526 1843 nec
1552 1819 1591 1843 v.
1616 1803 1671 1844 74

131 1880 286 1933 aliquid
323 1876 521 1932 praeclari
563 1872 784 1912 admodum
825 1869 1105 1922 promittitur,
1144 1867 1286 1919 pulcra
1329 1879 1420 1903 eum
1451 1863 1565 1916 prole
1596 1877 1671 1915 pa-

130 1946 290 1980 rentem
320 1939 520 1977 futurum.
580 1931 810 1973 Dicendum
842 1935 1000 1976 tamen,
1043 1925 1255 1978 Virgilium
1287 1924 1364 1962 hac
1393 1923 1434 1961 in
1466 1928 1581 1975 parte
1607 1921 1671 1959 sa—

130 1999 251 2038 bulae
283 1997 333 2036 ab
364 1995 544 2034 Homero
575 1989 801 2037 recessisse,
833 1987 1085 2036 Aeolumque
1118 1983 1300 2022 noudum
1333 1981 1457 2021 uxori
1486 1982 1671 2019 iunctum

131 2056 326 2111 posuisse.
386 2054 433 2092 In
464 2050 532 2094 74.
565 2051 632 2092 75.
659 2047 794 2087 voluit
822 2051 939 2098 poeta
970 2042 1197 2082 Homericis
1227 2041 1362 2080 verbis
1384 2054 1434 2078 ex
1455 2040 1481 2079 l.
1509 2040 1535 2078 l.
1561 2038 1671 2076 Iliad.

132 2119 154 2166 ξ
184 2115 268 2166 uti3
307 2113 379 2152 ubi
411 2126 451 2151 v.
483 2112 569 2152 269
603 2109 754 2146 Somno
787 2102 1043 2157 promittitur
1075 2100 1273 2150 Pasithea,
1310 2095 1362 2153 ἧς
1393 2096 1482 2139 αἰὲν
1521 2096 1673 2138 ἐέλδεαι

132 2172 270 2228 ἤματα
299 2167 460 2219 πάντα,
505 2170 622 2206 euim
667 2178 803 2203 amore
843 2171 887 2200 ta
913 2163 1080 2212 flagras
1121 2159 1173 2197 ab
1215 2161 1326 2197 omni
1355 2159 1448 2195 inde
1479 2165 1669 2207 tempore,

133 2233 249 2271 cuius
285 2242 422 2269 amore
461 2227 542 2265 iam
575 2224 733 2264 dudum
775 2220 925 2260 teneris
959 2218 1070 2273 (vide
1101 2221 1198 2266 276,
1246 2219 1295 2256 cf.
1327 2216 1472 2268 Odyss.
1506 2230 1535 2264 ε,
1576 2217 1672 2256 210.

132 2290 256 2345 219):
288 2302 390 2341 quae
421 2286 551 2325 multo
584 2282 725 2321 melior
755 2286 815 2318 est
845 2277 1026 2317 muneris
1057 2276 1369 2315 commendatio.
1430 2273 1510 2312 Sed
1540 2272 1673 2324 Virgi-

132 2350 236 2399 IiUS,
268 2348 347 2387 nisi
375 2347 417 2384 in
451 2345 650 2384 diversam
685 2338 926 2378 sententiam
956 2349 1100 2374 versus
1130 2335 1368 2373 Homericos
1399 2331 1584 2380 deflexit,
1616 2331 1675 2368 ita

135 2407 334 2460 accepisse
365 2404 553 2451 videtur,
597 2413 724 2454 quam
756 2406 798 2436 ιιι
830 2409 987 2446 semper
1012 2392 1198 2443 amabis,
1244 2392 1397 2434 ἐέλδεαι
1426 2405 1500 2443 pro
1533 2391 1674 2428 futuro

134 2473 337 2518 tempore,
389 2462 501 2514 quod
547 2466 587 2498 et
634 2459 768 2510 ipsum
807 2452 1157 2492 accommodatum
1207 2459 1267 2489 est
1308 2450 1439 2503 prisco
1482 2449 1571 2487 usui
1611 2449 1674 2486 lo-

135 2524 298 2577 quendi.
358 2521 460 2560 Vide
491 2534 530 2558 v.
565 2533 597 2556 c.
628 2517 779 2568 Hymn.
808 2514 850 2551 in
874 2512 1071 2550 Venerem
1102 2524 1141 2549 v.
1166 2510 1260 2558 149,
1293 2515 1332 2547 et
1354 2508 1498 2560 Odyss.
1531 2511 1559 2556 ζ,
1590 2509 1669 2548 281

136 2583 215 2633 ἕξει
253 2581 296 2623 δέ
334 2596 404 2634 μιν
434 2577 569 2631 ἤματα
604 2572 753 2616 πάντα.
813 2570 931 2609 Unde
963 2574 1150 2621 apparet,
1194 2575 1331 2607 vetere
1376 2580 1477 2604 aevo
1510 2565 1675 2604 omnino

136 2641 245 2681 hane
276 2639 397 2679 fuisse
428 2635 644 2676 formulam
678 2629 915 2683 designandi
948 2627 1133 2679 coniugii.
