1827 3436
503 249 914 300 AENEIDOS
960 251 1107 301 LIB.
1156 254 1179 300 I

97 387 160 432 Ut
196 382 418 445 quamvis
454 380 602 426 avido
621 385 865 442 parerent
894 394 1022 426 arva
1055 382 1249 428 colono.-

89 507 158 530 nou
181 494 411 538 virgilianum
435 492 546 526 videri
573 492 695 537 possit.
742 494 788 524 At
817 493 888 525 Ille
914 502 1086 547 ego—at
1112 507 1393 539 nunc—cano,
1439 497 1599 542 inquiunt

88 542 163 582 isti,
195 553 309 575 nonne
338 542 406 574 hoc
430 547 483 573 est
506 538 708 572 balbutire?
750 539 820 572 Sed
847 539 883 572 in
908 539 964 573 his
997 540 1084 585 ipsis
1108 541 1216 574 miror
1235 542 1293 586 qui
1320 543 1450 576 factum
1478 544 1525 577 sit
1562 551 1599 577 ut

89 588 166 623 Viri
186 586 386 621 Doctissimi
407 598 477 620 non
505 585 715 630 agnoverint
746 585 916 620 orationis
942 586 1010 620 vim
1042 594 1077 620 et
1104 588 1324 631 elegantiam.
1372 591 1508 635 Nempe
1539 590 1600 623 ubi

89 648 109 668 a
135 646 173 667 re
199 635 269 667 levi
295 647 335 667 ac
355 633 452 666 tenui
481 632 598 665 subito
625 632 669 665 ad
701 632 852 674 maiora,
896 633 1078 677 graviora,
1110 634 1215 667 immo
1248 637 1444 678 contraria,
1478 644 1599 670 trans-

90 682 196 723 imus,
219 681 361 714 multum
381 681 622 724 frequentatur
648 677 750 711 huius
779 678 971 723 particulae
992 689 1033 714 at
1058 692 1158 722 usus,
1185 681 1256 715 vid.
1281 684 1323 723 Q.
1335 684 1379 717 V.
1394 684 1597 725 XXXVII„

91 739 202 772 eoque
220 728 318 772 ipso,
344 727 438 771 quod
462 725 669 770 interrumpi
696 724 835 758 videtur
861 727 1047 760 verborum
1066 728 1176 768 ordo,
1199 729 1309 762 maius
1337 730 1491 763 orationi
1510 742 1598 763 con—

91 774 228 807 ciliatur
253 774 410 819 pondus,
452 785 553 817 quam
583 772 613 804 si
638 771 815 815 vulgarem
841 775 997 817 sequaris
1026 774 1192 819 loquendi
1217 776 1408 815 rationem;
1449 777 1524 810 Liv.
1548 777 1599 818 X,

93 822 163 856 19.:
190 821 377 862 ‚,Bellona,
402 819 431 852 si
464 819 571 852 hodie
592 818 694 851 nobis
713 818 896 852 victoriam
923 820 1019 861 duis,
1050 828 1122 854 ast
1148 834 1213 865 ego
1246 823 1414 867 templum
1437 824 1505 857 tibi
1530 835 1598 856 vo-

91 871 197 900 veo.“
247 867 338 908 Quid
360 873 475 899 autem
491 865 601 910 magis
619 864 687 897 sibi
711 866 942 909 contrarium,
969 880 1070 912 quam
1093 868 1232 911 pecoris
1261 877 1295 902 et
1323 882 1486 914 agrorum
1508 882 1599 912 cura,

93 914 187 958 paris
218 925 323 957 opus,
350 921 385 945 et
400 925 493 945 arma
523 912 747 955 bellumque?
797 913 920 957 Neque
946 913 982 946 iu
1009 914 1135 947 ceteris
1166 916 1360 960 reperitur,
1394 918 1489 961 quod
1510 916 1599 950 Vir·-

92 960 223 1004 giliauu
255 959 362 993 dictio
396 966 548 1004 respuat.
607 958 816 992 Gracilis
852 972 960 993 avena
992 967 1070 1002 est,
1107 974 1195 1006 quae
1225 963 1297 995 Ecl.
1323 965 1349 1004 I,
1374 965 1410 998 2.
1435 963 1598 997 tenuis

92 1015 252 1045 vocatur3
285 1006 390 1039 variis
415 1006 525 1046 enim,
558 1016 629 1038 non
653 1006 797 1038 Homeri
830 1007 989 1051 exemplo
1021 1007 1146 1040 iisdem
1170 1021 1319 1053 semper,
1344 1010 1452 1043 utitur
1475 1010 1599 1054 Virgi-

94 1053 161 1086 lius
187 1053 371 1098 epithctis;
399 1065 465 1097 qua
485 1052 528 1085 de
547 1064 586 1085 re
608 1051 676 1085 vid.
697 1053 816 1085 Heius.
843 1053 888 1086 ad
906 1054 979 1087 Ecl.
1000 1056 1045 1095 V,
1070 1055 1126 1090 37.
1151 1058 1236 1088 Aen.
1265 1057 1305 1097 V,
1329 1054 1410 1091 486.
1434 1058 1498 1098 ΙΧ,
1519 1057 1598 1091 814.

92 1100 188 1133 Iahn.
210 1100 254 1133 ad
275 1101 336 1132 Ge.
359 1101 401 1141 ΙΙ,
429 1100 506 1134 129.
553 1098 631 1132 Alia
650 1098 900 1143 expediverunt
923 1100 992 1145 ipsi
1014 1102 1190 1135 Editores.
1238 1104 1467 1136 Burmannum
1487 1103 1600 1136 vehe-

92 1154 227 1179 menter
256 1146 403 1179 oll'cndit
422 1158 488 1178 vox
507 1146 647 1184 vicina;
682 1146 909 1179 Marklandus
934 1148 979 1180 ad
1001 1151 1085 1181 Stat.
1103 1149 1149 1191 V,
1174 1149 1209 1190 3,
1234 1150 1266 1183 8.
1292 1150 1447 1194 quaerit,
1482 1161 1600 1183 utrum

93 1194 277 1234 Mantuae,
303 1205 345 1226 an
364 1192 459 1225 silvis
485 1192 673 1225 vicina?
700 1205 782 1226 sane
804 1193 917 1233 silvis,
944 1195 1038 1238 quod
1061 1207 1102 1227 ex
1121 1196 1228 1228 verbo
1249 1209 1422 1241 egressus
1442 1197 1599 1230 clarissi-

94 1253 147 1272 me
172 1247 328 1284 apparet.
376 1238 503 1272 similis
537 1240 651 1272 oratio
680 1241 744 1272 Ge.
768 1241 825 1282 III,
849 1241 1082 1276 295--301.;
1115 1242 1310 1287 „Incipiens
1332 1244 1478 1276 stabulis
1499 1244 1599 1277 edico

94 1286 128 1318 in
158 1286 320 1319 mollibus
340 1286 484 1318 herbam
504 1286 655 1329 Carpere
686 1298 786 1328 oves,
812 1306 856 1311 —
876 1304 942 1320 —-.
990 1289 1075 1321 Post
1109 1288 1191 1322 hinc
1224 1289 1468 1333 digressus
1493 1291 1598 1323 iubeo

95 1332 293 1365 frondentia
322 1333 435 1377 capris
460 1332 591 1365 Arbuta
621 1333 815 1367 sufficere.“
864 1335 907 1366 Et
932 1334 960 1366 si
986 1335 1071 1379 quid
1092 1343 1253 1380 superest
1277 1336 1505 1379 difficultatis,
1524 1345 1600 1371 sta-

95 1380 155 1412 tim
184 1379 269 1412 illud
295 1386 478 1412 evanescet
510 1379 646 1412 sublata
673 1386 756 1423 post
783 1381 965 1426 quondam
999 1389 1032 1414 et
1051 1384 1155 1427 coegi
1178 1382 1476 1427 interpunctione,
1510 1396 1600 1429 quae

95 1426 185 1458 iusto
204 1426 419 1470 frequentius
440 1425 538 1458 illata
560 1426 617 1458 vix
647 1426 768 1459 credas
791 1438 892 1471 quam
917 1440 1023 1472 saepe
1049 1435 1233 1473 poetarum
1261 1429 1363 1462 effata
1387 1431 1600 1464 obscurave-

96 1473 153 1505 rit.
201 1472 258 1505 Sic
287 1472 377 1504 enim
396 1472 560 1517 procedit
582 1472 715 1505 oratio:
741 1475 803 1517 qui
825 1473 1037 1507 modulatus
1061 1487 1158 1508 sam
1183 1484 1220 1508 ec
1248 1478 1368 1521 coegi3
1397 1489 1497 1521 quam
1516 1489 1600 1510 ver-

96 1519 133 1551 bi
167 1518 370 1551 substantivi
403 1518 543 1563 ellipsin
573 1518 743 1551 illustravi
770 1520 813 1552 ad
845 1521 916 1553 Ecl.
942 1522 967 1561 I,
1001 1520 1057 1555 54.
1092 1523 1135 1562 Q.
1160 1523 1203 1555 V.
1229 1522 1311 1564 XV,
1347 1524 1401 1558 13.
1431 1531 1468 1556 et
1495 1524 1600 1564 alibi;

96 1565 165 1598 vid.
192 1565 295 1598 etiam
324 1565 508 1598 XVunderl.
530 1565 564 1598 h.
594 1565 617 1598 l.
667 1567 756 1598 Tum
785 1566 888 1610 iunge
914 1569 1018 1612 coegi
1042 1569 1162 1601 vicina
1187 1581 1300 1610 arva,
1337 1578 1377 1602 ut
1401 1580 1600 1614 ρανενεηις

97 1612 189 1644 idem
211 1612 297 1644 vidit
324 1612 511 1644 ⁷iVunderl.
529 1612 610 1645 obs.
629 1612 673 1644 ad
694 1612 825 1645 Tibull.
846 1615 870 1653 1,
891 1614 924 1654 5,
952 1615 1005 1648 13.
1034 1621 1068 1646 et
1091 1621 1172 1647 ante
1193 1615 1283 1648 hunc
1305 1616 1372 1648 iam
1394 1618 1501 1650 Henr.
1519 1620 1601 1651 Ste-

97 1659 243 1703 phanus,
290 1659 382 1691 Male
402 1671 421 1690 a
440 1660 633 1691 Burmanuo
654 1659 914 1704 interpungitur
931 1660 967 1692 in
985 1660 1089 1693 simili
1108 1661 1188 1694 loco
1207 1662 1281 1695 Ecl.
1300 1664 1326 1704 1,
1350 1660 1427 1697 48.:
1453 1676 1602 1708 „quam-

96 1705 146 1737 vis
175 1705 263 1750 lapis
294 1705 408 1737 omnia
437 1705 567 1745 nudus,
609 1705 823 1750 Limosoque
865 1707 966 1750 palus
1000 1708 1151 1741 obducat
1184 1721 1313 1753 pascua
1339 1709 1496 1750 iunco;“
1542 1711 1602 1744 ubi

98 1753 217 1784 omnia
234 1764 375 1798 pascua
396 1751 625 1795 iungendum3
658 1764 764 1796 quare
789 1753 984 1786 tollendum
1017 1766 1149 1788 comma
1177 1762 1260 1799 post
1283 1757 1407 1789 nudus
1430 1758 1602 1801 positum;

97 1799 159 1831 cfr.
181 1801 265 1830 Aen.
284 1800 325 1838 Il,
349 1799 445 1833 552:
490 1799 706 1842 „dextraque
733 1811 970 1833 coruscum
996 1801 1127 1834 Extulit
1153 1814 1192 1834 ac
1218 1802 1321 1835 lateri
1349 1804 1475 1846 capulo
1500 1812 1602 1838 tenus

97 1844 233 1877 abdidit
258 1848 459 1883 ensem;“
491 1845 550 1877 ubi
575 1845 690 1878 delevi
721 1854 902 1879 commata.
950 1847 1108 1892 Denique
1130 1848 1179 1881 ait
1208 1850 1439 1883 Burmannus:
1472 1853 1601 1897 „coegi

97 1898 135 1923 ut
156 1900 332 1938 parerent
350 1904 442 1924 arva
458 1903 501 1924 an
526 1892 704 1935 eleganter
733 1893 779 1924 sit
798 1893 929 1926 dictum
957 1895 1115 1928 dubito.“
1164 1898 1252 1928 Sane
1278 1895 1353 1928 fere
1371 1896 1499 1941 ubique
1519 1910 1603 1930 ver-

97 1937 143 1970 bo
171 1950 300 1982 cogere
313 1937 473 1981 'iungitur
492 1939 703 1978 Infinitivu33
728 1940 791 1972 sed
815 1940 844 1972 si
865 1940 919 1972 vel
938 1941 1070 1974 nullum
1096 1949 1250 1974 exstaret
1275 1942 1428 1975 eiusdem
1447 1944 1604 1977 locutio—

97 1983 149 2016 nis
180 1984 390 2028 exemplum,
423 1997 463 2017 ea
493 1992 608 2017 tamen
647 1993 701 2018 est
727 1986 828 2019 huius
855 1987 953 2020 verbi
988 1994 1129 2030 natura,
1167 1995 1205 2021 ut
1241 1989 1275 2021 in
1306 1996 1469 2033 poemate
1506 1997 1603 2024 certe

97 2030 191 2063 haud
221 2031 374 2063 dubitem
408 2032 519 2064 istanc
553 2032 759 2077 particulam
795 2045 1002 2077 praegresso
1035 2035 1103 2067 hoc
1128 2036 1235 2068 verbo
1258 2036 1464 2070 adsciscere.
1515 2038 1603 2070 Ecce

97 2083 215 2109 tamen
235 2079 376 2110 Terent.
401 2079 485 2110 Hec.
506 2079 546 2118 ΙΙ,
571 2081 604 2118 2,
629 2080 707 2114 26.;
745 2080 813 2120 „Vi
839 2080 941 2124 coepi
968 2092 1156 2125 cogere,
1193 2089 1242 2114 ut
1275 2082 1443 2116 rediret.“
1490 2086 1604 2116 Acce-

102 2123 224 2156 dentes
261 2130 376 2156 autem
411 2125 456 2157 ad
484 2125 628 2158 alteram
661 2125 763 2158 huius
798 2127 1012 2171 quaestionis
1053 2135 1189 2173 partem
1224 2128 1327 2162 facile
1356 2129 1391 2162 in
1424 2130 1605 2163 Editorum

99 2225 182 2254 rent
200 2232 300 2255 ανιά
315 2226 351 2254 el
368 2233 469 2257 arva
489 2230 687 2271 cogantur
696 2237 822 2272 pare-

99 2289 163 2322 re,
220 2276 410 2325 agricolae
444 2279 576 2317 studio
616 2285 656 2317 et
687 2293 820 2331 opera,

100 2344 201 2382 quae
221 2332 446 2372 declaratur
466 2349 487 2372 a
505 2337 632 2388 poetis
652 2351 723 2388 per
741 2340 821 2375 im-

95 2392 276 2439 perinm,
322 2394 427 2440 ι’ίηι,
478 2400 518 2431 et
549 2395 706 2432 similia:
756 2395 820 2432 di-

102 2453 249 2484 cuntur
293 2450 375 2498 agri
415 2449 595 2499 domari,
658 2455 815 2501 servire,

97 2518 249 2554 parere.
308 2506 361 2544 At
381 2505 420 2545 h.
441 2507 465 2545 l.
500 2508 548 2546 de
577 2516 716 2561 poeta,
749 2524 821 2548 su-

102 2574 172 2611 per
195 2575 238 2599 re
266 2563 416 2601 rustica
446 2573 659 2618 praecepta
689 2567 821 2616 dante,

878 2224 1014 2260 vicina
1050 2223 1204 2274 possint
1242 2238 1324 2262 non
1348 2224 1603 2264 incommode

879 2279 985 2317 dicta
1004 2279 1153 2329 videri,
1182 2281 1321 2319 iisdem
1346 2283 1479 2332 silvis,
1511 2282 1550 2321 h.
1571 2295 1604 2321 e.

877 2337 1055 2388 pascuis,
1107 2338 1297 2377 subiecta.
1351 2337 1452 2392 (vid.
1489 2341 1536 2379 V.
1561 2341 1604 2378 L.

883 2393 1000 2446 lVr.)
1050 2395 1180 2433 Arma
1214 2396 1414 2434 horrentia
1451 2397 1482 2434 si
1510 2403 1606 2436 sunt

877 2451 1104 2501 horribilia,
1163 2461 1358 2493 novatum
1405 2454 1482 2492 hoc
1522 2468 1606 2492 esse

877 2510 1126 2561 putabimus5
1157 2512 1262 2549 forte
1283 2512 1331 2549 ab
1362 2512 1448 2563 ipso
1468 2519 1607 2564 poeta;

880 2581 971 2604 nam
999 2568 1226 2620 exemplum
1258 2569 1380 2607 huius
1413 2583 1509 2607 usus
1530 2584 1606 2608 an—

1505 2628 1606 2665 Pos-

103 2617 205 2655 idem
234 2619 333 2657 bene
356 2634 375 2658 e
398 2624 549 2673 poetica
566 2626 720 2662 ratione
743 2639 822 2676 qua

105 2675 155 2712 ad
174 2678 501 2730 praecipientem,
533 2688 718 2733 tanquam
747 2697 822 2720 au-

106 2738 274 2783 ctorem,
313 2737 486 2776 refertur
512 2739 576 2788 id,
621 2740 729 2790 quod
763 2741 823 2777 sa-

107 2801 192 2826 cere
212 2793 417 2844 praecipit,
453 2795 618 2845 dicitur3
648 2804 690 2835 at
719 2798 824 2835 forte

108 2858 185 2883 non
205 2849 277 2886 nisi
297 2850 337 2887 in
354 2852 530 2901 pedestri
556 2855 736 2892 oratione
758 2855 823 2892 di—

109 2907 214 2940 etum
236 2912 314 2943 est:
343 2922 479 2958 cogere
507 2925 633 2960 arva,
677 2921 720 2950 ut
739 2927 821 2962 pa-

110 2968 229 2996 reant.
271 2963 369 3013 (vid.
397 2966 440 3005 V.
458 2967 498 3005 L.
535 2967 651 3021 lVr.)
712 2968 822 3008 Arva

880 2625 1030 2674 tiquius
1071 2625 1206 2664 adhuc
1243 2625 1436 2666 desidero.

880 2688 977 2720 sunt
1007 2689 1165 2732 tamen,
1206 2691 1254 2723 ut
1279 2686 1358 2722 tela
1385 2684 1602 2733 horrentia,

881 2739 1024 2778 haslae
1049 2741 1269 2790 horrentes,
1312 2742 1410 2779 dum
1441 2749 1606 2789 erectae,

880 2803 1111 2848 protensae,
1152 2805 1270 2846 sunt,
1303 2800 1519 2848 dicuntur,
1552 2800 1604 2836 ita

881 2860 921 2892 et
956 2870 1072 2892 arma
1101 2856 1300 2894 horrenlia
1335 2856 1443 2894 dicta
1471 2856 1605 2907 accipi.

880 2912 914 2949 N
918 2925 961 2950 ec
983 2913 1097 2951 aliter
1114 2914 1310 2951 horrentes
1329 2913 1504 2961 umbrae,
1536 2913 1605 2950 ins.

883 2970 976 3012 165.
1005 2973 1101 3011 311.
1132 2970 1162 3008 si
1192 2970 1242 3008 de
1268 2971 1362 3023 ipsis
1398 2971 1607 3009 arboribus
