1779 3420
171 220 274 268 258
528 216 1139 266 EXCURSUS
1210 217 1349 265 XXI

171 353 345 401 possent.
416 346 586 385 Inventa
626 346 765 398 itaque
803 352 1008 384 terrarum
1049 345 1213 384 nomina
1243 345 1392 398 partim
1421 345 1529 384 inter
1568 345 1703 384 tribu-

171 407 228 445 les
270 419 317 445 ac
356 404 600 458 populares,
647 406 797 458 partim
828 404 877 441 ab
909 403 1088 441 advenis,
1157 404 1307 442 Prioris
1341 403 1497 457 generis
1529 404 1704 454 nomina,

170 465 213 504 id
245 464 356 517 quod
392 465 479 516 ipsa
514 464 573 502 rei
604 463 710 501 ratio
742 461 907 501 credere
935 460 1062 509 iubet,
1092 462 1144 500 ad
1175 468 1366 514 angustos
1396 468 1564 513 tractus,
1603 476 1705 514 quos

171 524 305 575 aliqua
336 523 478 574 stirp5,
509 522 663 570 tribus,
704 520 768 559 vel
798 533 892 571 gens
911 519 1098 568 tenebat,
1138 527 1375 572 spectarunt
1386 536 1397 572 3
1436 521 1513 559 alia
1542 520 1706 559 nomina

170 583 214 621 in
252 582 316 620 his
355 581 589 629 substitere,
635 579 711 616 alia
760 577 858 616 inde
898 576 1020 615 latius
1070 577 1122 615 ad
1162 579 1349 630 proxima
1397 592 1578 630 quaeque
1616 579 1705 617 loca

169 640 345 694 proferri
377 645 610 691 coeperunt.
684 636 814 675 Aliter
854 649 919 674 res
957 648 998 673 se
1040 634 1189 674 habere
1218 637 1354 689 potuit
1391 637 1433 675 in
1460 638 1705 686 nominibus,

170 713 274 751 quae
304 699 353 737 ab
385 696 551 735 advenis
584 708 654 733 seu
684 693 919 745 negotiandi
953 707 1024 732 seu
1053 694 1210 751 visendi
1251 708 1391 733 caussa
1419 695 1520 734 fines
1549 696 1706 748 ingres-

171 758 222 796 sis
260 756 570 803 invenirentur,
620 752 770 804 quippe
811 765 913 804 quae
952 765 1143 803 magnum
1174 758 1379 792 terrarum
1415 759 1595 792 tractum
1624 754 1705 793 iam

171 817 221 854 ab
250 816 366 854 initio
399 813 605 851 declarare
638 816 828 864 possunt,
856 808 1102 860 dummodo,
1134 811 1234 849 fines
1266 817 1338 850 aut
1369 825 1483 850 oram
1514 826 1560 850 ac
1590 812 1706 850 littus

172 880 245 913 aut
274 872 474 926 populum
513 877 595 908 tam
627 869 708 907 late
739 867 953 920 protendi,
997 869 1130 921 primo
1161 870 1299 908 statim
1331 870 1446 908 aditu
1481 871 1705 909 constabat,

171 933 220 972 cf.
245 933 339 970 Exc.
362 931 397 968 II
423 935 527 967 extr.
549 927 601 966 ad
622 927 690 966 lib.
714 927 812 966 VIII.
874 927 1014 965 Potuit
1052 927 1151 965 adeo
1192 928 1257 966 isti
1297 935 1502 967 terrarum
1540 929 1704 975 tractui,

168 1005 292 1043 quam
321 989 481 1027 Italiam
523 986 795 1039 appellamus,
835 984 954 1023 initio
982 999 1003 1023 a
1045 992 1152 1024 certa
1192 999 1286 1024 orae
1325 987 1553 1025 maritimae
1588 993 1705 1040 parte

169 1048 237 1088 vel
266 1048 355 1087 loco
389 1048 518 1095 sacto,
551 1058 698 1083 nomen
727 1044 962 1095 impositum
993 1057 1076 1082 esse
1106 1058 1127 1082 a
1159 1044 1453 1094 Phoenicibus,
1494 1046 1605 1097 quod
1636 1052 1704 1084 ta-
1740 1065 1748 1075 .

170 1119 264 1146 rnen
296 1119 407 1144 nunc
438 1104 685 1156 ignoramus.
755 1102 945 1152 Nomina,
1000 1116 1102 1154 quae
1147 1108 1352 1153 tenemus,
1406 1104 1582 1143 Graecae
1622 1105 1705 1142 sere

170 1164 334 1216 originis
366 1169 479 1202 sunt:
525 1175 670 1201 verum
702 1160 844 1199 Graeci
875 1175 957 1199 non
988 1161 1065 1199 nisi
1094 1161 1259 1213 exiguos
1286 1162 1436 1200 littoris
1465 1168 1622 1203 tractus
1654 1163 1703 1200 ab

169 1223 285 1261 initio
322 1222 504 1274 cognitos
533 1220 725 1259 habuere.
796 1220 1013 1257 Salumiae
1054 1220 1219 1271 quidem
1250 1233 1418 1271 nomen,
1464 1221 1576 1272 quod
1606 1221 1704 1258 Dio-

169 1281 310 1334 nysius
341 1280 472 1319 Halic.
502 1279 533 1329 1,
565 1279 620 1321 34
648 1277 843 1331 putabat,
875 1278 948 1316 vix
978 1277 1056 1315 suit
1086 1292 1298 1316 commune
1330 1292 1376 1316 ac
1405 1279 1591 1331 vulgare,
1633 1279 1705 1317 sed

171 1346 232 1378 est
263 1346 503 1392 poetarum,
541 1337 615 1376 etsi
655 1336 788 1389 primo
820 1336 873 1374 ad
899 1336 1036 1374 locum
1067 1336 1240 1387 aliquem
1270 1336 1377 1375 circa
1406 1337 1582 1376 Tiberim
1611 1350 1705 1389 spe-

170 1404 300 1436 ctasse
345 1398 519 1436 dicitur:
567 1394 654 1434 vid.
695 1394 747 1432 ad
786 1394 855 1433 lib.
885 1394 975 1433 VIII
1010 1395 1108 1434 Exc.
1139 1402 1242 1434 extr.
1276 1397 1503 1447 Hesperiae
1542 1409 1704 1446 nomen,

170 1463 322 1495 terram
354 1456 407 1494 ad
438 1453 691 1493 occidentem
717 1452 836 1492 sitam
865 1452 1097 1500 declarans,
1146 1467 1359 1491 commune
1389 1454 1465 1492 fuit
1505 1468 1594 1492 cum
1627 1454 1704 1493 Hi-

171 1515 334 1568 spania3
365 1519 414 1553 ut
445 1513 541 1551 satis
572 1517 786 1565 appareat,
828 1511 990 1550 Graecis
1032 1524 1082 1550 ex
1112 1512 1222 1551 omni
1254 1511 1416 1564 Europa
1442 1512 1613 1564 primam
1636 1512 1705 1551 in-

170 1573 347 1611 notuisse
379 1571 558 1621 Italiam,
599 1583 675 1609 nec
717 1569 793 1610 nisi
828 1570 1085 1622 navigatione
1123 1570 1176 1608 ad
1215 1570 1410 1609 ulteriora
1450 1571 1574 1622 facta,
1612 1571 1705 1609 Ibe-

167 1632 272 1670 riam
303 1644 466 1683 quoque
497 1630 538 1668 in
571 1628 755 1667 notitiam
786 1628 955 1667 venisse.
1015 1628 1184 1680 Reliqua
1215 1629 1352 1667 Italiae
1383 1629 1570 1679 nomina,
1610 1643 1703 1667 cum

169 1695 281 1728 certo
314 1703 410 1741 agro
442 1689 508 1726 vel
540 1694 674 1726 certae
703 1687 881 1739 regioni,
924 1700 1046 1738 quam
1076 1687 1251 1739 primum
1283 1687 1467 1725 adierant
1494 1687 1561 1726 vel
1590 1688 1703 1726 colo—

169 1748 247 1787 niis
282 1749 591 1798 frequentarant
619 1746 786 1794 Graeci,
829 1750 961 1784 essent
990 1745 1180 1798 propria,
1221 1745 1274 1783 ad
1302 1746 1537 1784 remotiores
1561 1751 1701 1796 terras,

169 1805 293 1845 modo
325 1805 532 1857 angustius
562 1803 685 1843 modo
715 1803 856 1853 latius,
882 1803 1126 1854 tandemque
1157 1803 1208 1841 ad
1238 1809 1371 1842 totum
1403 1803 1513 1842 hunc
1534 1804 1702 1856 Alpibus

169 1870 480 1918 procurrentem
524 1869 701 1901 tractum
743 1863 854 1900 suere
893 1861 1096 1901 traducta.
1164 1862 1354 1900 Oenolria
1389 1862 1438 1900 ab
1469 1862 1584 1901 initio
1625 1862 1703 1901 suit

170 1937 263 1975 ager
293 1923 400 1961 inter
430 1921 678 1960 Lameticum
700 1935 729 1958 S.
755 1920 996 1959 Terinaeum
1027 1920 1157 1958 sinum
1189 1933 1236 1958 ac
1265 1920 1511 1972 Scylaeium,
1546 1920 1615 1971 qui
1636 1934 1702 1958 se-

170 1981 348 2020 rioribus
378 1979 629 2032 temporibus
660 1979 917 2017 Bruttiorum
950 1984 1046 2017 erat.
1106 1978 1364 2030 Appulerunt
1395 1979 1501 2017 enim
1533 1978 1703 2017 Oenotri

168 2040 319 2091 Pelasgi
350 2039 389 2077 in
418 2039 558 2077 littore
584 2037 665 2075 hoc
684 2037 822 2075 Italiae
852 2037 1057 2086 interiore,
1088 2043 1209 2088 atque
1239 2037 1470 2075 Ausonibus
1499 2036 1594 2075 hinc
1619 2037 1701 2074 eie-

171 2098 247 2136 ctis
278 2096 540 2150 protulerunt
565 2096 664 2134 fines
695 2109 788 2133 suos
818 2097 995 2148 primum
1022 2108 1161 2133 versus
1191 2095 1317 2134 Laum
1348 2095 1521 2134 fluvium
1545 2102 1585 2134 et
1612 2095 1701 2133 Me-

169 2162 387 2209 tapontum
424 2156 587 2203 urbem,
628 2167 727 2192 mox
767 2166 894 2205 usque
933 2153 985 2192 ad
1022 2153 1201 2192 Silarum
1231 2160 1272 2191 et
1301 2154 1555 2203 Bradanum,
1594 2154 1700 2191 sorte

170 2216 291 2253 etiam
322 2214 465 2263 latius,
513 2213 728 2265 Dionysius
767 2212 930 2263 quidem
968 2211 1043 2249 hos
1083 2212 1191 2263 ipsos
1231 2212 1412 2263 Pelasgos
1457 2212 1509 2249 ad
1540 2211 1699 2250 Latium

169 2286 399 2325 progressos
430 2272 591 2310 Umbris
622 2271 843 2322 Siculisque
872 2270 1048 2322 expulsis
1090 2276 1131 2308 et
1171 2284 1261 2308 cum
1293 2270 1575 2322 Aboriginibus
1604 2283 1700 2322 per-

170 2332 319 2369 mixtos
351 2344 397 2367 ea
426 2331 516 2368 loca
546 2329 721 2367 tenuisse
753 2335 917 2378 narrat3
967 2328 1036 2365 sed
1069 2341 1117 2366 ex
1151 2328 1384 2381 opinatione
1416 2330 1466 2366 ita
1497 2334 1699 2377 statuens3

171 2403 263 2427 cum
295 2402 377 2426 non
409 2388 675 2437 meminisset,
710 2388 878 2426 alteram
908 2387 1165 2438 Pelasgorum
1196 2387 1499 2425 multitudinem
1523 2386 1564 2424 in
1588 2399 1700 2423 mare

169 2446 421 2486 Adriaticum
463 2452 646 2484 evectam
677 2446 840 2484 aliunde
879 2458 952 2498 per
984 2445 1192 2482 'Umbriam
1232 2445 1284 2483 ad
1328 2446 1402 2483 ista
1443 2446 1532 2483 loca
1573 2457 1699 2496 pene-

169 2512 310 2544 trasse.
369 2504 541 2556 Propter
573 2506 851 2555 cognationem
889 2509 1024 2541 tamen
1047 2503 1193 2554 stirpis,
1227 2510 1297 2541 aut
1326 2504 1446 2542 etiam
1477 2502 1699 2541 secundum

168 2564 277 2602 illam
310 2561 497 2613 Dionysio
529 2575 689 2613 quoque
719 2563 934 2614 probatam
965 2560 1213 2612 opinionem,
1255 2561 1422 2599 Oenotri
1452 2567 1582 2600 totam
1615 2560 1700 2598 Ita-

171 2622 262 2660 liam
294 2620 516 2658 obtinuisse
548 2620 626 2658 dici
654 2626 824 2671 possunt
854 2625 894 2657 ct
928 2619 1013 2670 ipsa
1044 2618 1158 2655 Italia
1197 2619 1406 2669 ommia,
1438 2620 1500 2656 uti
1532 2633 1553 2655 a
1585 2618 1699 2670 prio-

170 2680 282 2718 ribus
312 2678 455 2716 incolis
486 2678 698 2726 Ausonia,
734 2684 772 2715 et
803 2693 824 2715 a
855 2676 1082 2725 Chonibus,
1115 2676 1391 2716 Oenotrorum
1424 2682 1553 2728 parte,
1591 2676 1699 2714 Cho-

168 2740 255 2776 nia.
318 2735 557 2774 Accuratius
596 2735 716 2785 haec,
758 2736 829 2773 etsi
869 2735 1011 2787 primis
1050 2734 1187 2783 lineis,
1233 2735 1455 2773 secundum
1497 2733 1699 2773 Aristote-

171 2796 246 2834 lem
282 2794 330 2832 de
361 2807 444 2847 rep.
480 2794 574 2843 VII,
611 2796 664 2835 10
708 2800 746 2831 et
777 2794 1019 2832 Strabonem
1053 2791 1106 2830 V1
1133 2806 1173 2844 p.
1205 2794 1285 2834 391
1328 2799 1564 2845 comparato
1599 2792 1699 2830 Dio-

169 2853 281 2907 nysio
303 2853 332 2902 1,
368 2855 415 2893 11
446 2866 502 2902 sq.
539 2852 592 2894 35
625 2864 681 2902 sq.
712 2858 805 2904 post
836 2849 1070 2890 Cluverium
1102 2863 1123 2886 a
1155 2850 1270 2888 nobis
1302 2852 1487 2903 exposita
1530 2856 1628 2889 sunt
1657 2850 1699 2887 in

171 2911 394 2951 Gullzricmi
424 2910 553 2962 operis
586 2907 858 2963 (Allgemeine
894 2910 962 2948 W
958 2907 1256 2962 eltgeselziclzte)
1287 2910 1522 2948 recensione
1553 2909 1597 2947 Τ.
1634 2908 1699 2946 IV.

168 2985 207 3022 p.
237 2970 290 3011 75
312 2983 368 3020 sq.
401 2975 440 3007 et
472 2968 522 3007 al.
596 2968 792 3007 Successit
823 2969 974 3008 Italiae
1014 2978 1185 3016 nomen,
1231 2967 1353 3020 idque
1384 2968 1523 3021 paullo
1555 2966 1699 3004 serius:
