1779 3420
157 192 257 238 714
574 178 1263 232 EXCURSUSI

156 316 239 354 eius
271 314 448 353 continui
478 327 549 365 per
580 314 713 364 plures
745 311 849 357 dies,
889 309 938 346 ob
965 307 1042 344 lioc
1072 305 1201 356 ipsum
1243 304 1338 342 dicti
1379 304 1533 342 etesiae.
1594 302 1666 342 Vi-

157 373 303 411 dentur
333 371 373 409 hi
404 371 524 409 iidem
555 371 695 417 fuisse,
732 369 796 419 qui
829 365 1047 404 Menelaum
1082 363 1161 399 XX
1194 361 1275 399 dies
1313 362 1362 400 ad
1393 361 1569 400 Pharum
1600 373 1666 398 re-

156 431 337 468 tinebant
367 429 508 480 OdysS.
551 429 585 476 ὁ,
626 430 719 468 360,
788 424 857 461 His
899 422 1027 459 ventis
1068 419 1156 471 quis
1195 420 1365 458 miretur
1408 434 1492 467 eOS,
1537 418 1603 469 qui
1645 432 1665 455 a

156 488 312 526 Troade
355 486 556 524 Graeciam
600 485 662 521 vel
705 483 854 520 ltaliam
896 484 1103 531 peterent,
1155 491 1294 515 versus
1337 477 1490 516 Africae
1528 476 1666 513 littora

154 545 342 598 propelli!
402 544 539 593 Itaque
570 542 740 579 Graecos
772 554 793 575 a
826 538 943 575 Troia
975 537 1162 583 reduces,
1195 549 1284 573 cum
1315 535 1460 573 Maleas
1491 535 1664 571 circum-

155 603 256 641 vecti
306 607 540 653 tempestate
589 613 607 635 a
662 611 781 636 cursu
832 595 972 633 deiecti
1010 599 1163 642 essent,
1206 606 1340 630 omnes
1379 594 1462 631 sere
1502 590 1552 629 ad
1595 590 1665 628 lias

155 666 286 713 partes
328 666 435 696 actos
477 670 557 695 esse
604 655 752 693 videas.
822 653 1022 690 Menelaus
1067 651 1226 702 quidem
1282 651 1503 703 Aegyptum
1554 648 1664 698 adiit,

155 718 181 756 l.
225 733 256 756 c.
297 723 336 755 et
376 716 516 767 Odyss.
555 729 590 766 y,
630 715 735 760 3003
779 711 888 748 Paris
928 716 966 747 et
1005 709 1109 747 lianc
1148 715 1186 746 et
1222 707 1467 757 Phoenicen,
1509 706 1665 757 Ulysses

155 775 474 827 Lotophagorum
506 771 673 808 insulam
705 770 743 805 in
775 769 921 820 Libyae
953 768 1110 815 littore,
1151 766 1395 817 Meningem,
1440 780 1479 804 v.
1521 763 1664 814 OdySS.

157 850 184 883 ι,
215 836 268 874 80
289 846 370 882 sqq.
430 829 548 881 Apud
579 827 834 878 Apollonium
867 827 983 863 etiam
1017 825 1120 876 Argo
1152 839 1201 861 ex
1231 825 1341 862 lonio
1381 824 1482 861 mari
1526 834 1665 859 versus

155 891 309 929 Africae
342 889 476 925 littora
510 886 744 938 proripitur.
805 884 844 921 Si
874 884 1010 934 itaque
1031 882 1214 933 Virgilius
1245 888 1460 919 ventorum
1488 885 1664 927 naturas,

155 953 358 1001 poetarum
392 944 614 995 exemplum
647 949 876 992 ceterasque
907 942 1079 980 rationes
1111 940 1218 991 sequi
1250 940 1429 988 volebat,
1474 938 1524 975 ad
1560 936 1664 974 Afri-

156 1018 222 1043 cae
261 1005 370 1042 ]ittus
414 1001 544 1040 classis
586 1002 757 1038 Troiana
800 1006 886 1037 erat
931 997 1156 1037 deserenda.
1217 999 1315 1035 Cum
1355 1010 1450 1035 vero
1490 995 1665 1045 reliquae

154 1063 296 1114 passim
329 1066 482 1112 partos,
518 1059 719 1110 Aegyptus
750 1072 793 1095 ac
825 1058 967 1108 Libya,
1011 1063 1139 1093 essent
1171 1056 1218 1092 ab
1253 1055 1428 1092 Homero
1460 1060 1500 1091 et
1538 1052 1664 1103 Apol-

154 1121 259 1158 lonio
292 1124 527 1169 occupatae,
560 1117 726 1154 feliciter
758 1122 873 1167 poeta
904 1116 945 1152 in
978 1113 1339 1164 Carthaginiensem
1373 1127 1482 1150 oram
1511 1110 1663 1148 incidit.

153 1180 265 1225 Quae
297 1177 398 1214 enim
432 1175 697 1226 opportunior
727 1181 834 1212 terra
866 1172 1168 1210 commemorari
1199 1176 1376 1222 poterat,
1416 1183 1533 1221 quani
1565 1169 1664 1205 Car-

153 1235 294 1285 thago,
327 1248 415 1271 cuin
442 1232 631 1270 Romanis
661 1231 740 1269 suis
772 1231 983 1269 Aeneidem
1015 1230 1228 1277 scriberet,
1270 1228 1412 1279 quibus
1455 1225 1664 1265 iucundis—

153 1294 294 1331 simum
326 1292 465 1330 auditu
498 1304 578 1327 esse
609 1290 766 1338 debuit,
799 1290 828 1326 si
861 1289 951 1326 belli
981 1286 1217 1339 gravissimi,
1257 1300 1335 1336 quo
1375 1285 1549 1337 primum
1587 1297 1664 1335 po-

153 1351 270 1402 pulus
301 1352 414 1388 Rom.
446 1349 599 1386 aditum
633 1362 677 1385 ac
707 1348 812 1386 viam
851 1347 900 1384 ad
941 1353 1141 1384 terrarum
1180 1344 1389 1395 imperium
1431 1343 1503 1380 sibi
1544 1354 1664 1393 para-

153 1414 286 1457 verat,
319 1407 465 1445 semina
495 1421 540 1443 ac
571 1419 725 1444 caussas
755 1406 794 1443 in
833 1405 926 1457 ipsis
966 1404 1059 1442 olim
1100 1403 1255 1440 Aeneae
1294 1402 1387 1439 satis
1428 1415 1474 1438 ac
1511 1399 1665 1437 casibus

152 1467 254 1504 iacta
287 1479 369 1503 esse
398 1465 565 1503 videret.

267 1524 318 1561 Ut
357 1529 489 1560 autem
529 1521 692 1560 Didonis
734 1520 982 1571 potissimum
1023 1532 1156 1556 amore
1199 1524 1404 1566 uteretur,
1456 1529 1543 1552 cum
1587 1514 1664 1551 Ca-

152 1582 288 1633 lypsus
327 1581 388 1620 vel
433 1581 561 1618 Circes
600 1585 669 1617 aut
709 1578 870 1616 Medeae
912 1589 1064 1614 amores
1102 1576 1272 1627 exempli
1311 1573 1550 1613 auctoritate
1590 1571 1664 1609 ad·-

155 1640 299 1677 ducere
330 1645 486 1690 poetam
530 1643 736 1690 poterant,
779 1643 865 1674 tum
904 1635 1072 1673 feminae
1112 1633 1230 1672 liuius
1269 1633 1427 1670 claritas
1466 1645 1512 1668 ac
1546 1631 1663 1678 sama,

152 1703 238 1735 tum
268 1697 349 1747 ipsa
380 1697 435 1734 rei
465 1697 568 1734 ratio
601 1708 645 1731 ac
676 1694 897 1731 necessitas,
958 1691 1112 1740 Quodsi
1153 1692 1257 1729 enim
1295 1690 1413 1728 semel
1453 1688 1663 1739 appulsum

154 1756 416 1792 Troianorum
449 1754 499 1791 ad
530 1752 853 1802 Carthaginiense
884 1751 996 1788 littus
1026 1749 1332 1801 praeferendum
1365 1759 1446 1784 esse
1488 1745 1663 1793 videbat,

154 1812 195 1850 in
225 1819 307 1850 tam
339 1813 502 1861 antiqua
533 1811 581 1849 de
614 1811 766 1847 Aeneae
805 1809 1007 1846 erroribus
1046 1807 1231 1854 historia,
1273 1818 1373 1856 quae
1416 1802 1664 1854 Carthaginis

153 1870 393 1907 incunabula
425 1869 718 1916 antevertebat,
751 1867 847 1918 quid
879 1867 926 1903 de
957 1865 1030 1903 hac
1060 1865 1158 1902 urbe
1190 1863 1295 1901 aliud
1325 1862 1536 1900 memorari
1569 1866 1663 1912 pot-

154 1934 262 1977 erat,
314 1941 429 1978 quam
478 1929 560 1978 ipsa
615 1926 697 1963 eius
739 1924 984 1977 primordia?
1046 1924 1177 1970 Quam
1219 1927 1492 1973 opportunum
1532 1925 1662 1955 autem

155 1985 205 2022 ad
253 1986 445 2037 poeticam
494 1984 775 2022 tractationem
829 1982 889 2019 vel
931 1982 970 2018 in
1018 1981 1127 2031 epico
1169 1980 1342 2017 carmine
1383 1983 1663 2029 argumentum

155 2049 255 2080 esset
303 2057 431 2091 amor,
486 2042 685 2094 Apollonii
726 2041 907 2091 exemplo
948 2039 1166 2089 intelligere
1214 2043 1394 2089 poterat,
1447 2035 1515 2085 qui
1556 2033 1664 2071 hunc

154 2101 312 2150 quidem
346 2102 475 2138 locum
506 2101 544 2138 in
577 2100 737 2137 Medeae
778 2104 815 2135 ct
855 2098 1001 2135 tasonis
1044 2096 1244 2133 amoribus
1285 2094 1432 2144 egregie
1472 2099 1664 2130 tractasse

153 2159 278 2196 videri
312 2159 441 2198 debet.
503 2158 579 2195 Sed
612 2157 795 2206 Virgilius
827 2162 866 2193 et
902 2156 1013 2192 illum
1042 2160 1080 2191 et
1119 2154 1247 2204 ipsum
1291 2152 1510 2190 llonierum
1549 2150 1664 2200 longe

154 2223 244 2266 post
274 2229 312 2251 sc
344 2216 546 2265 reliquisse
577 2215 788 2263 dicendus,
819 2213 926 2262 quod
965 2212 1145 2262 quidem,
1175 2211 1203 2248 si
1235 2216 1342 2248 recte
1372 2209 1527 2256 iudico,
1559 2208 1664 2245 duo-

153 2273 227 2310 bus
258 2274 506 2324 potissimum
540 2273 668 2309 modis
700 2278 936 2321 assequutus
967 2277 1043 2308 est:
1080 2269 1229 2321 partim
1261 2269 1368 2319 quod
1404 2268 1664 2316 Tragicorum

152 2333 394 2377 gravilalem
424 2339 459 2366 el
488 2334 635 2367 amoris
664 2332 909 2367 (aroc-ilalem
942 2330 1077 2378 sequi,
1120 2327 1266 2378 partim
1298 2325 1407 2376 quod
1433 2323 1484 2361 al)
1519 2323 1665 2360 heroici

157 2389 275 2422 moris-
316 2389 571 2436 simplic-stam
609 2390 667 2423 (nl
705 2387 1003 2423 elaboraliorem
1046 2400 1095 2422 α(-
1133 2385 1334 2421 cultiorem
1373 2384 1496 2419 vllam
1535 2381 1662 2430 ‹leste-

156 2453 253 2479 (τω-ι’
284 2445 448 2489 malnis,
493 2458 569 2493 qua
602 2445 753 2481 decoris
786 2451 824 2480 et
857 2443 1075 2480 honestatis
1106 2441 1270 2478 alicuius
1301 2438 1570 2488 exquisitioris
1601 2438 1662 2473 sa-

158 2514 317 2548 maeque
349 2501 503 2537 laudeni
538 2503 778 2552 propositam
813 2502 883 2537 sibi
919 2500 1068 2537 liabent
1106 2498 1285 2535 feminae.
1346 2497 1388 2533 ln
1432 2501 1518 2532 toto
1559 2494 1661 2531 enim

160 2557 330 2593 llomero
363 2564 401 2593 (·Ι.
440 2570 483 2593 cx
526 2557 724 2595 'Momm-ici
770 2558 958 2609 temporis
1006 2570 1122 2594 sensu
1165 2569 1275 2592 amor
1313 2566 1456 2605 parum
1495 2552 1662 2588 idoneus

157 2620 214 2650 cst.
246 2614 290 2649 ad
327 2613 466 2663 pathos
499 2614 758 2652 inserendum.

271 2674 382 2716 Quae
414 2685 430 2705 a
466 2671 575 2706 nobis
607 2679 911 2709 connncmorata
943 2672 973 2708 si
1006 2671 1091 2720 quis
1131 2670 1261 2706 animo
1304 2667 1545 2711 consideret,
1590 2679 1662 2703 nac

160 2730 208 2772 is,
254 2733 369 2778 puto,
411 2728 596 2775 Segi-acsi}
645 2729 889 2778 aliorumque
930 2730 1103 2765 rationes
1144 2727 1190 2763 ad
1235 2732 1411 2775 poetam,
1460 2730 1660 2773 tamquam

158 2790 221 2833 qui
256 2792 429 2834 tempora
465 2785 688 2821 confuderit
721 2787 991 2836 tnibaritque,
1025 2783 1318 2821 defendendum
1350 2783 1507 2829 allatas,
1541 2795 1662 2818 vanas

159 2845 236 2878 scre
278 2848 347 2878 aut
390 2841 592 2885 inlirmas,
649 2856 726 2878 non
777 2856 1009 2894 magnopere.
1063 2841 1315 2879 desiderabit.
1388 2838 1661 2877 Delectationis

158 2913 247 2936 sano
280 2898 408 2949 potior
441 2896 619 2934 habenda
653 2906 709 2935 cst
740 2908 877 2950 poetae
910 2900 1012 2938 ratio
1052 2912 1169 2949 quam
1211 2897 1420 2935 historicae
1461 2896 1661 2945 veritatis3
