1811 3388
427 193 839 242 AENEIDOS
878 197 1017 247 LIB.
1056 200 1151 262 Vl,
1183 206 1415 256 27—40
1566 219 1662 263 859

160 315 245 362 Bis
269 315 466 379 patriae
489 316 730 366 cecidere
751 334 952 368 manus.
1027 324 1168 384 Quin
1199 335 1455 389 protenus
1489 337 1664 384 omnia

160 383 504 447 Perlegerent
526 385 718 437 oculis:
749 388 803 436 ni
824 389 927 438 iam
953 394 1269 455 praemissus
1291 397 1514 448 Achates

159 451 409 516 Adforet‚
444 463 600 519 atque
620 473 725 504 una
749 457 954 508 Phoebi
977 462 1290 529 Triviaeque
1308 468 1569 534 sacerdos,
1600 479 1673 525 35-

158 522 443 587 Deiphobe
468 523 676 585 Glauci3
714 524 854 576 satur
874 546 1008 594 quae
1030 531 1146 581 talia
1167 527 1299 597 regi:

158 593 280 640 Non
301 591 405 640 hoc
431 593 524 641 ista
545 594 641 642 sibi
665 604 876 662 tempus
897 602 1189 663 spectacula
1210 607 1391 668 poscit.

159 664 313 710 Nunc
338 677 496 726 grege
521 664 586 712 de
610 665 803 714 intacto
830 677 1035 733 septem
1060 681 1288 722 mactare
1312 675 1562 725 iuvencos

160 732 503 793 Praestiterit‚
542 734 768 783 totidem
792 735 951 786 lectas
981 739 1048 788 de
1068 757 1220 790 more
1246 743 1486 796 bidentis.

232 800 447 850 Talibus
474 801 645 852 adfata
673 808 890 854 Aenean
914 812 1035 870 (nec
1056 827 1195 859 sacra
1216 824 1494 873 morantur
1599 820 1664 868 40

252 940 298 976 33
324 942 444 974 omnia
469 942 778 977 Grammaticorum
805 952 840 977 et
864 947 1074 990 optimorum
1099 950 1220 992 codd.,
1255 953 1378 997 quibus
1402 955 1523 998 fragm.
1550 956 1664 989 vatic.

159 985 271 1028 adde,
297 996 350 1021 est
373 988 490 1023 lectio.
518 1002 548 1022 v.
574 990 663 1023 Pier.
690 998 725 1023 et
751 992 889 1034 Heius„
926 1001 964 1026 ut
990 1007 1053 1038 per
1078 997 1251 1038 synizesin
1284 1001 1419 1033 scilicet
1452 1002 1664 1034 ell'erendum

160 1032 205 1065 sit
230 1036 360 1077 omnja.
388 1035 470 1077 (vid.
497 1036 540 1068 de
566 1036 633 1070 hoc
659 1038 879 1081 synizeseos‚
916 1041 959 1073 ab
986 1043 1137 1074 indoctis
1169 1044 1320 1078 librariis
1358 1060 1461 1092 saepe
1495 1049 1663 1089 sublatae,

159 1091 288 1122 genere
314 1082 355 1113 V.
381 1082 421 1114 L.
448 1082 491 1115 ad
516 1084 541 1122 I,
566 1085 599 1118 2.
629 1085 727 1127 IVr.)
775 1085 1013 1120 Lim-ariorum
1038 1089 1173 1122 inscitia
1208 1093 1351 1125 mutavit
1385 1095 1419 1126 in
1459 1107 1580 1137 omne,
1613 1097 1664 1140 (ut

161 1133 214 1158 est
238 1127 273 1159 in
300 1127 405 1161 Paris.
431 1130 465 1163 2.
496 1130 591 1172 lVr.)
618 1132 710 1174 quod
735 1129 811 1176 ipse
837 1133 1008 1167 Romanus
1034 1136 1158 1177 habet,
1186 1150 1339 1180 onmem,
1374 1141 1436 1182 (ita
1469 1143 1503 1175 7.
1539 1143 1570 1175 9.
1609 1145 1662 1176 10.

162 1174 216 1208 11.
243 1175 296 1208 12.
329 1175 422 1216 ῘΓΓ.)
451 1188 590 1217 omnes,
617 1190 729 1210 omne.
778 1180 815 1210 In
840 1179 917 1213 Ald.
943 1193 995 1224 pr.
1022 1189 1098 1214 erat
1126 1196 1278 1217 omnem:
1317 1187 1378 1218 sed
1412 1187 1478 1219 iarn
1512 1188 1556 1219 ad
1588 1188 1663 1221 cal—

160 1230 233 1251 cem
258 1221 375 1263 opeiis
400 1221 507 1254 Aldus
532 1222 632 1256 iussit
657 1236 675 1256 e
700 1224 802 1257 codd.
825 1226 943 1268 legere
979 1231 1119 1271 omnia,
1151 1232 1243 1274 quod
1278 1241 1454 1277 receptum
1487 1233 1522 1265 in
1553 1235 1663 1268 altera

161 1266 244 1298 edit.
270 1267 346 1299 Ald.
374 1279 391 1300 e
418 1268 593 1302 Prisciano
618 1270 764 1303 firmavit
789 1272 996 1306 Benedictus
1021 1275 1055 1306 in
1082 1276 1135 1309 ed.
1160 1278 1245 1310 lunt.
1294 1280 1398 1322 (Male
1424 1280 1512 1313 hune
1530 1293 1663 1313 versum

158 1312 194 1344 in
220 1313 519 1357 hypermetrorum
544 1328 686 1350 numero
714 1318 843 1351 habent
867 1321 1063 1353 Macrobius
1090 1330 1123 1354 et
1147 1324 1327 1365 Heinsius;
1361 1326 1429 1360 vid.
1464 1327 1662 1360 XVeichert.

160 1359 205 1391 de
236 1362 353 1392 Versu
377 1362 608 1406 lzypermecro
632 1376 666 1407 p.
690 1365 747 1399 25.
796 1366 996 1399 Defendunt
1022 1368 1208 1402 lectionem
1234 1384 1335 1404 omne
1362 1374 1503 1407 Wakef.
1531 1381 1566 1406 et
1592 1376 1663 1406 Bo-

158 1406 253 1438 thius
274 1406 311 1438 in
344 1409 498 1453 Virgilio
527 1411 743 1453 l'irglliano.
773 1413 866 1453 lVr.)
967 1413 1014 1448 34
1048 1416 1281 1462 Pellegerent
1315 1431 1335 1451 a
1372 1420 1520 1463 Virgilio
1556 1421 1662 1454 fuisse

160 1460 354 1494 exaratum,
381 1456 560 1488 contendit
585 1457 771 1490 Terentius
796 1461 944 1492 Scaurus
978 1461 1021 1493 de
1056 1462 1324 1508 Orthographia.
1371 1467 1426 1498 Ne
1459 1478 1541 1499 vero
1573 1480 1663 1512 per-

160 1499 301 1544 legeret
327 1501 546 1534 scribendum
571 1510 691 1546 putes,
717 1511 772 1546 ut,
796 1505 928 1538 Achate
954 1509 1166 1550 praemisso,
1201 1511 1294 1543 solus
1328 1515 1459 1545 Aeneas
1493 1513 1536 1546 ad
1570 1521 1662 1545 tem-

158 1546 253 1590 plum
278 1547 471 1588 restiterit,
503 1550 776 1592 recordandum,
811 1556 963 1585 Aeneam
995 1554 1150 1598 pluribus
1175 1557 1359 1591 comitibus
1396 1560 1530 1592 exiisse.
1579 1561 1662 1592 Mox

158 1604 190 1625 v.
214 1593 261 1627 40
285 1594 362 1626 Nec
385 1605 493 1627 Sacra
520 1605 710 1629 morantur
734 1600 843 1631 Iussa
868 1601 950 1632 viri.
1042 1602 1089 1636 36
1113 1603 1335 1649 Deiplzoebe,
1359 1606 1540 1651 Dei'plzebe
1556 1607 1662 1639 aber-

157 1646 237 1672 rant
260 1639 406 1673 librarii.
456 1644 498 1673 At
524 1649 575 1674 est
598 1640 790 1688 Δηιφόβη.
839 1644 1059 1690 quaefacta·
1083 1649 1218 1692 Menag.
1253 1663 1326 1694 pr„
1357 1659 1466 1684 totum
1502 1653 1663 1686 hemisti-

158 1685 273 1718 chium
297 1687 472 1720 nonnullis
498 1688 620 1721 deesse
646 1697 744 1723 notat
768 1691 889 1725 cerda.
938 1694 1045 1725 Forte
1069 1696 1256 1728 sustulerat
1282 1697 1425 1741 aliquis,
1451 1711 1536 1732 voce
1566 1702 1663 1745 regis

158 1732 321 1766 offensus.
368 1733 552 1766 sedidem
577 1738 710 1769 Aeneas
735 1749 797 1770 rex
819 1738 880 1771 inf.
905 1739 960 1779 55,
986 1751 1062 1783 sup.
1095 1742 1121 1783 Ι,
1155 1742 1222 1776 544
1259 1750 1294 1775 et
1326 1744 1369 1776 al.
1405 1746 1447 1777 cf.
1481 1747 1662 1779 Burmann.

156 1780 202 1815 37
227 1780 317 1812 llaec
340 1780 414 1812 ista
439 1781 597 1814 Parrhas.
645 1793 801 1828 poscunt
824 1786 924 1817 Rom.
951 1793 986 1817 et
1009 1787 1157 1829 Medic„
1183 1789 1238 1821 hic
1264 1802 1283 1822 a
1307 1803 1360 1834 pr.
1384 1803 1441 1832 m.,
1464 1804 1529 1825 nec
1552 1793 1661 1826 male:

156 1832 275 1870 potest
300 1826 388 1859 adeo
415 1828 617 1871 exquisitius
643 1829 772 1862 dictum
796 1831 928 1864 videri:
952 1835 1025 1865 ista
1057 1836 1266 1878 spectacula
1297 1847 1456 1881 poscunt
1490 1838 1558 1872 sihi
1588 1852 1661 1872 non

157 1873 224 1905 lzoc
249 1881 408 1918 tempus,
433 1875 495 1906 sed
521 1874 626 1908 aliud.
674 1877 826 1910 Eandem
849 1878 1036 1911 lectionem
1058 1881 1204 1924 respicit
1223 1883 1333 1915 Servii
1353 1891 1445 1916 nota.
1494 1888 1663 1931 (poscant

159 1924 212 1951 est
236 1920 334 1963 prior
359 1920 508 1953 Medicei
532 1921 657 1963 lectio,
688 1923 811 1965 alteri,
841 1927 975 1970 poscit,
1013 1938 1111 1969 quam
1148 1927 1251 1960 etiam
1286 1929 1392 1962 Palat.
1427 1943 1501 1964 cum
1536 1933 1661 1965 ceteris

156 1971 294 2007 tuetur,
318 1965 422 2009 longe
448 1967 715 2010 posthabenda;
752 1970 821 2003 vid.
846 1973 887 2011 Q.
921 1972 964 2004 V.
990 1973 1080 2013 VIII,
1111 1975 1145 2015 2,
1185 1987 1214 2006 a.
1252 1976 1346 2017 lVr.)
1394 1980 1510 2021 possit
1541 1980 1660 2011 Franc.

152 2013 259 2057 posci
282 2012 385 2044 etiam
421 2012 493 2056 legi
526 2025 630 2057 posse
664 2015 827 2048 Heinsius
861 2017 987 2050 aiebat.
1082 2019 1127 2053 38
1162 2022 1270 2053 Hanc
1304 2023 1424 2055 Franc.
1471 2037 1584 2069 grege
1618 2026 1662 2057 de

158 2058 264 2090 niveo
289 2058 369 2090 edd.
395 2059 564 2092 Macrobii
592 2062 641 2093 IV
665 2064 734 2095 Sat.
767 2065 802 2103 2,
838 2063 945 2102 male3
983 2076 1058 2096 cum
1095 2066 1161 2099 diis
1194 2066 1314 2099 inferis
1350 2081 1444 2102 sacra
1483 2078 1660 2113 parentur.

159 2109 195 2135 et
221 2110 376 2136 vetustae
400 2106 554 2140 Macrob.
578 2107 685 2140 Editt.
710 2122 823 2153 grege
846 2111 984 2142 intacto
1010 2111 1188 2145 exhibent.
1283 2115 1327 2148 39
1364 2128 1407 2147 ex
1441 2129 1538 2149 more
1573 2119 1660 2152 ven.

157 2150 228 2182 Ers.
257 2156 292 2182 et
314 2151 437 2194 fragm.
465 2153 577 2185 Vatic.
671 2152 725 2188 40⁷
739 2164 903 2188 moratur
929 2157 1035 2189 Goth.
1062 2171 1114 2201 pr.
1146 2159 1209 2191 sed
1240 2161 1343 2193 iussa
1375 2163 1446 2195 viri
1473 2175 1541 2196 non
1577 2175 1655 2197 mo-

158 2204 292 2238 rantur,
317 2198 499 2231 confestim
526 2200 735 2243 expediant,
759 2203 913 2246 paranda
937 2216 1044 2236 sacra.

159 2314 303 2351 affectu
324 2320 361 2352 et
382 2327 430 2352 ex
451 2318 691 2369 apostrophe
722 2319 771 2356 ad
796 2320 879 2357 Ica-
940 2321 1029 2358 clem
1050 2324 1198 2359 cervice
1217 2326 1417 2362 iuuencas.
1443 2325 1570 2363 dictae
1584 2326 1658 2364 ho—

157 2385 249 2409 rum
268 2372 474 2422 proficisci.
535 2375 663 2412 Verba
686 2377 883 2415 Ausonius
940 2381 1039 2415 stiae
1074 2382 1229 2429 z'nc'uges·
1246 2397 1257 2417 .·
1299 2381 1473 2421 Macrob.
1512 2384 1576 2432 Ill,
1621 2386 1659 2426 5.

159 2428 335 2466 imitatus
366 2437 422 2467 est
451 2432 490 2468 in
532 2432 692 2470 Mosella
727 2448 764 2473 v.
799 2438 881 2476 300

159 2499 236 2536 seq.
279 2485 434 2538 (sineret
455 2490 579 2538 dolor,
606 2491 629 2528 i.
652 2505 681 2529 e.
710 2492 747 2528 si
775 2493 881 2529 sine-

158 2551 242 2592 ret3
273 2544 354 2582 vid.
374 2545 419 2583 V.
441 2547 480 2584 L.
504 2547 551 2584 ad
582 2548 608 2594 I,
643 2551 737 2590 572.
779 2550 880 2587 adde

160 2601 336 2639 Gronov.
381 2603 491 2641 Obss.
547 2605 607 2652 [V‚
641 2609 706 2648 20.
758 2607 875 2659 lVr.)

165 2659 271 2706 Quin
291 2658 358 2698 καὶ
379 2658 460 2712 μήν
482 2662 548 2700 καὶ
563 2695 571 2710 ,
604 2669 642 2700 et
673 2678 760 2701 vero
785 2679 880 2701 scitne

158 2715 308 2764 reliqua
327 2729 483 2767 quoque
506 2720 614 2770 signa
643 2722 880 2771 perlustras-

159 2778 257 2809 sent.

158 2837 261 2865 laclo
276 2858 286 2875 ,
320 2843 434 2881 grege
456 2833 575 2870 boum
598 2835 687 2885 iugo
706 2835 880 2874 intacto-

158 2899 272 2934 rum,
306 2886 372 2924 Ge.
405 2888 467 2926 [V.
502 2890 584 2931 540
613 2893 763 2930 intacta
791 2896 880 2930 toli—

316 2772 414 2811 Mox
438 2789 475 2813 v.
499 2780 564 2818 38.
595 2791 719 2827 grege
751 2788 786 2815 te
817 2782 894 2816 ita—a

939 2449 975 2486 p.
994 2435 1089 2478 424.
1140 2437 1339 2489 Deiphobe
1366 2447 1498 2478 autern
1519 2442 1659 2479 Glauci

939 2493 1017 2529 lilia
1046 2507 1125 2530 non
1148 2495 1248 2532 male
1277 2497 1432 2546 editur,
1473 2500 1659 2547 quonian]

937 2550 1001 2587 ille
1020 2550 1125 2588 inter
1154 2552 1246 2590 deos
1277 2555 1456 2592 fatidicos
1484 2556 1658 2594 habeba-

937 2614 1028 2655 tur3
1058 2615 1104 2645 ut
1123 2609 1222 2647 bene
1245 2611 1371 2650 Guell.
1393 2614 1559 2651 monuit.

994 2665 1048 2707 40
1071 2680 1153 2716 sqq.
1185 2668 1378 2707 Locorum
1399 2671 1518 2708 situm
1541 2677 1579 2707 et
1597 2671 1659 2707 fa·-

940 2723 1036 2760 ciem
1076 2726 1191 2774 plane
1226 2726 1386 2776 legentis
1419 2729 1549 2764 animo
1580 2728 1657 2764 eri-

940 2781 1055 2831 piunt
1082 2782 1334 2833 interpretes,
1367 2784 1460 2822 duni
1494 2784 1556 2821 lxic
1586 2798 1658 2820 an-

943 2844 1050 2875 trum
1072 2840 1113 2876 in
1134 2840 1256 2890 adyto
1276 2842 1409 2892 templi
1435 2842 1473 2878 in
1493 2842 1657 2878 Cumani

943 2895 1050 2932 collis
1073 2896 1191 2934 latere
1210 2898 1381 2949 positum
1404 2911 1482 2935 csse
1505 2904 1657 2949 putant.
