1811 3388
389 140 792 192 AENElDos
829 141 968 190 Llss.
1006 142 1093 203 vl,
1128 146 1348 196 70-32

1537 156 1636 202 865

188 273 280 331 At,
318 267 525 317 Phoebi
545 265 791 314 nondum
811 265 1039 330 patiens,
1078 266 1303 314 inmanis
1325 268 1377 316 in
1400 280 1550 320 antro

116 339 407 390 Bacchatur
427 345 594 397 vates,
632 350 887 398 magnum
906 335 946 382 si
971 343 1191 399 pectore
1212 339 1378 400 possit

116 408 409 460 Excussisse
435 405 621 454 deum:
658 413 806 453 tanto
827 405 990 467 magis
1011 403 1098 453 ille
1122 403 1302 468 fatigat

120 480 195 529 Os
238 475 509 538 rabidum,
558 473 672 524 sera
716 473 877 523 corda
916 473 1165 536 domanS,
1211 474 1471 541 fingitque
1511 494 1635 541 pre-

900 542 1120 594 mendo,
1569 554 1634 599 80

120 616 267 666 Ostia
291 616 505 679 iamque
528 612 722 662 domus
740 621 961 678 patuere
983 612 1213 676 ingentia
1235 621 1453 662 centum

120 689 326 752 Sponte
356 700 471 746 sua,
512 684 749 749 vatisque
768 680 949 731 ferunt
968 698 1222 748 responsa
1246 699 1344 748 per
1368 700 1539 734 auras:

118 803 169 836 illi
194 802 288 835 vocis
315 814 377 835 ore
412 801 638 845 pleonasmo,
669 799 753 832 satis
788 805 823 831 et
857 799 943 832 alibi
968 798 1084 832 obvio.
1119 811 1149 831 v.
1176 799 1311 838 Burm.;
1347 806 1464 832 tamen
1488 800 1630 833 Servius

118 861 258 896 qnoque
284 849 319 881 in
346 860 387 880 eo
414 854 606 891 argutatur.
655 847 722 879 Sed
760 846 848 878 bene
873 847 1013 879 landant
1038 848 1151 889 intpp.
1177 845 1303 878 Lucilii
1330 857 1488 878 versum:
1534 849 1633 879 Ilaec

120 896 181 930 uhi
205 898 303 929 (licta
328 896 447 936 dedit,
480 906 638 940 pausam
665 892 763 938 szcit
803 905 866 926 ore
902 893 1093 937 loquendi,
1136 892 1228 935 apud
1253 892 1404 925 Nonium
1439 893 1473 925 in
1498 906 1630 938 pausa.

117 945 163 978 78
185 951 312 989 posset
337 943 435 975 Rom.
460 948 495 973 et
522 940 644 973 Hamb.
669 940 731 973 alt.

117 990 264 1023 librarii.
313 1000 512 1022 excussura
536 987 698 1019 Barthius
736 999 776 1019 ex
809 997 871 1020 suo
906 986 1039 1018 codice.

118 1039 234 1070 Burin.
329 1036 371 1070 81
400 1047 554 1078 namque
577 1033 667 1066 alter
692 1034 815 1066 Hamb.

826 941 872 974 79
897 941 1079 972 excusisse
1104 938 1261 980 Dorvill.,
1297 945 1335 970 ut
1359 939 1474 971 solent
1499 947 1629 972 recent.

1140 986 1186 1019 80
1210 986 1379 1030 rapidum
1414 986 1512 1018 multi
1538 987 1629 1030 apud

912 1033 957 1066 82
981 1033 1148 1077 vatisque
1173 1039 1288 1064 ruunt
1311 1031 1416 1064 idem.
1465 1031 1532 1065 sub
1558 1045 1630 1066 αιι-

120 1096 183 1117 ras
207 1086 326 1128 Sprot.
351 1089 387 1114 et
411 1081 520 1114 Goth.
545 1092 629 1122 sec.‚
653 1087 689 1113 ut
713 1080 809 1114 alibi.
837 1081 934 1123 (sort.
958 1078 1065 1123 petit.
1091 1090 1133 1110 ex
1157 1079 1199 1120 11,
1227 1078 1305 1112 157.
1334 1078 1433 1122 Wr.)

120 1177 216 1218 443.
256 1176 350 1218 457.
386 1177 485 1227 Ipsa
522 1189 662 1212 canas.
729 1175 846 1213 Nunc

118 1235 241 1286 igitur
272 1247 382 1271 more
413 1247 485 1271 suo
508 1232 644 1270 relicto
670 1246 751 1270 non
782 1234 845 1270 so-

118 1293 180 1330 liis
200 1291 382 1329 inscribit
405 1290 523 1338 dicta,
560 1290 629 1327 sed
656 1303 724 1327 ore
743 1304 843 1341 pro—

120 1351 210 1387 sert.
271 1350 373 1387 Tota
406 1349 454 1386 de
474 1348 623 1399 Sibylla
641 1348 772 1385 fabula
794 1348 845 1386 ad

119 1407 389 1457 antiquissima
430 1406 604 1458 pertinet
644 1411 844 1458 tempora,

121 1478 171 1502 ex
190 1464 327 1501 iisdem
348 1465 466 1501 etiam
491 1463 617 1515 petita
640 1476 721 1500 esse
746 1470 845 1514 puta

120 1523 215 1560 solia
249 1522 462 1570 arborum,
495 1521 637 1571 quibus
658 1520 726 1558 illo
749 1533 846 1559 aevo

119 1580 380 1628 scribebatur,
401 1578 581 1617 nondum
602 1578 675 1615 alia
689 1578 850 1616 meliore

120 1637 289 1676 materia
322 1638 496 1675 inventa.
570 1634 751 1687 (Athenis
781 1636 849 1676 ἐκ-

121 1695 401 1748 φυλλοφορία,
434 1693 775 1745 ἕκφυλλοφορεῖν,
808 1699 848 1731 et

120 1753 325 1804 Syracusis
347 1748 582 1803 πεταλισμὸς
612 1750 750 1799 docet,
781 1751 847 1788 fo-

118 1811 180 1848 liis
207 1810 412 1861 oleagineis
431 1823 522 1846 usos
550 1821 631 1845 esse
651 1807 848 1858 antiquis—

120 1869 227 1905 simis
275 1867 521 1919 temporibus
571 1879 646 1916 pro
693 1865 846 1904 charta.

121 1924 280 1978 Ifulzk.)

180 1986 234 2023 77
255 2004 310 2010 —
333 1984 399 2022 80.
441 1980 591 2018 ornate
621 1979 774 2028 omnia3
824 1993 847 2017 a

123 2039 335 2078 domandis
361 2038 469 2087 equis
500 2036 695 2074 translata
723 2036 847 2074 verba

124 2096 189 2149 (cf.
213 2111 250 2134 v.
274 2099 367 2143 100,
392 2093 486 2146 101)
507 2094 557 2131 ad
580 2100 726 2142 vatem,
746 2106 846 2144 quae

122 2155 248 2193 nollet
270 2153 388 2190 deum
409 2152 593 2202 recipere,
624 2148 846 2191 ἐνθουσιά-

124 2214 215 2260 ζειν,
248 2224 338 2248 cum
364 2210 501 2247 divina
524 2209 584 2246 vis
613 2208 846 2245 crederetur

123 2283 268 2320 corpus
281 2267 460 2314 mortale,
472 2272 675 2315 tamquam
687 2266 747 2303 sui
764 2279 845 2303 non

123 2340 270 2377 capax,
318 2325 492 2375 graviter
528 2336 686 2360 vexare.
748 2322 846 2360 bae-

122 2385 265 2421 eliazar
275 2397 345 2433 pro
361 2381 525 2432 simplici
547 2380 746 2429 discurrit,
762 2380 844 2418 vid.

123 2455 209 2493 sup.
239 2440 304 2488 IV,
336 2443 432 2481 301.
473 2440 544 2488 (si
567 2439 720 2488 possit,
762 2437 846 2475 vid.

122 2499 169 2537 V.
195 2499 236 2535 L.
257 2498 307 2535 ad
332 2497 360 2545 Ι,
388 2497 483 2539 577.
514 2506 582 2524 —2
601 2496 845 2532 Excussisse.

123 2557 176 2593 *Ut
206 2556 324 2593 semel
362 2553 410 2591 de
438 2553 514 2590 hoc
540 2552 729 2590 Infinitivi
750 2552 848 2589 Per-

123 2613 216 2650 secti
247 2626 342 2660 usu,
375 2610 484 2648 haud
514 2610 713 2660 frequenti
741 2608 848 2660 apud

124 2670 344 2719 Virgilium,
377 2669 515 2706 crebro
535 2667 641 2719 apud
662 2667 849 2718 elegiacos

123 2733 273 2778 poetas,
295 2739 510 2775 exponam:
530 2725 673 2762 imitati
690 2731 784 2762 sunt
804 2736 848 2760 ea

123 2784 165 2821 in
177 2797 219 2821 re
232 2790 370 2834 poetae
384 2782 507 2819 Latini
523 2784 766 2819 Graecorum
781 2795 849 2819 ra-

123 2841 285 2889 tionem,
317 2840 385 2889 qui
402 2839 551 2877 Aoristi
573 2839 777 2878 Infinitive
792 2839 849 2876 ita

192 2909 401 2959 Vmon..
438 2908 579 2955 ToM.
603 2906 665 2955 II.

901 1178 1098 1222 utuntur,
1139 1178 1187 1210 ut
1217 1172 1299 1209 sola
1331 1185 1404 1223 per
1438 1184 1477 1209 se
1511 1173 1628 1223 actio,

903 1231 1082 1268 seiuncta
1098 1230 1215 1282 plane
1239 1229 1429 1281 temporis
1452 1230 1627 1279 notione,

906 1288 1154 1337 declaretur3
1185 1287 1292 1325 unde
1315 1288 1373 1336 fit,
1405 1293 1452 1324 ut
1474 1288 1504 1324 is
1528 1288 1627 1325 Infi-

900 1346 1051 1384 nitivus
1096 1345 1332 1396 plerumque
1386 1344 1628 1396 adiungatur

901 1403 1033 1442 verbis
1066 1402 1301 1440 relationem
1341 1401 1508 1440 actionis
1548 1403 1624 1440 ali-

905 1474 1024 1511 quam
1065 1459 1356 1509 indicantibus,
1414 1460 1529 1509 quale
1568 1466 1627 1497 est

905 1513 1093 1570 δύναμαι,
1114 1514 1324 1569 βούλομαι,
1352 1523 1399 1554 ut
1419 1531 1499 1554 uon
1520 1517 1627 1554 idem

908 1577 979 1624 sit,
1013 1581 1151 1612 utrum
1176 1573 1282 1612 dicas
1304 1570 1504 1626 βούλομαι
1530 1576 1627 1627 χρῆ-

910 1637 1026 1682 σθαι,
1068 1645 1119 1669 an
1152 1627 1352 1683 βούλομαι
1382 1627 1625 1683 χρήσασθαι.

912 1692 976 1730 JV
976 1689 1030 1742 r.)
1092 1691 1283 1739 Flngilur
1308 1701 1432 1739 equus
1458 1702 1478 1724 a
1501 1688 1627 1739 magi-

906 1753 990 1785 stro
1004 1746 1238 1797 premendo,
1267 1745 1306 1783 h.
1320 1758 1352 1783 e.
1369 1758 1527 1796 pressus
1543 1746 1627 1783 fre-

905 1805 986 1854 nis,
1026 1816 1292 1855 compressus,
1324 1803 1530 1840 coercitus.
1579 1803 1625 1840 cs.

904 1876 990 1914 sup.
1013 1862 1042 1910 I,
1076 1864 1151 1909 633
1182 1874 1272 1911 ergo
1284 1860 1417 1911 fingit
1440 1874 1627 1909 premen-

903 1920 954 1956 do
975 1933 1048 1970 pro
1078 1918 1234 1969 premit.
1293 1918 1360 1955 Est
1393 1917 1510 1954 etiam
1531 1917 1626 1954 bre-

904 1977 1042 2015 vitatis
1061 1975 1197 2013 lausin
1213 1983 1322 2012 tanto
1334 1976 1496 2024 magis:
1519 1975 1625 2011 Sub-

903 2034 1028 2071 intell.
1070 2032 1138 2070 sed
1184 2038 1335 2082 quanto
1387 2031 1507 2081 magis
1558 2031 1625 2068 illa

903 2090 1136 2138 bacchatur,
1178 2089 1357 2139 adeoque
1385 2088 1623 2137 reluctatur,

902 2156 1012 2185 tanto
1033 2149 1167 2197 magis
1188 2152 1259 2184 etc.

961 2208 1028 2246 81.
1053 2207 1118 2245 82.
1158 2204 1272 2240 Ostia
1293 2203 1455 2249 domus,
1491 2200 1624 2238 aditus

903 2262 953 2301 ad
981 2261 1191 2299 interiores
1221 2272 1397 2297 recessus
1428 2259 1553 2296 antri:
1585 2271 1622 2296 v.

902 2334 988 2371 sup.
1012 2319 1066 2361 45
1089 2332 1144 2368 sq.
1179 2316 1264 2370 (sed
1286 2318 1369 2364 csr.,
1401 2329 1500 2366 quae
1522 2315 1624 2353 scri—

901 2378 960 2429 psi
984 2378 1024 2414 in
1052 2376 1143 2413 Not.
1172 2375 1223 2412 ad
1247 2388 1302 2413 vs.
1332 2376 1398 2416 53.
1428 2371 1546 2423 lVr.)
1580 2385 1625 2409 ea

902 2441 1039 2487 patere
1062 2433 1266 2480 dicuntur,
1292 2445 1336 2468 ac
1358 2431 1388 2467 si
1410 2430 1457 2468 de
1476 2430 1625 2481 templo

905 2497 1107 2543 ageretur:
1148 2486 1316 2543 (quidni
1343 2487 1463 2538 igitur
1492 2487 1625 2524 clausa

904 2550 1022 2588 fuisse
1035 2549 1100 2586 illa
1120 2547 1219 2585 ostia
1236 2545 1464 2598 putabimus
1476 2545 1495 2582 ’ἶ
1508 2546 1552 2582 ΙΙ
1561 2542 1622 2596 ⁷r.)

906 2608 1017 2645 cuius
1048 2606 1152 2643 sores
1184 2609 1322 2655 sponte
1354 2608 1491 2653 patere
1526 2615 1624 2638 nar—

904 2670 1050 2703 rantur
1067 2662 1309 2701 adventante
1329 2659 1424 2697 deo:
1454 2664 1499 2697 ut
1517 2656 1623 2708 apud

906 2721 1056 2759 callim.
1094 2721 1135 2757 in
1163 2718 1291 2771 Apoll,
1324 2720 1362 2765 3,
1394 2719 1432 2763 6,
1463 2718 1501 2756 7-
1542 2715 1623 2751 Pu-

905 2778 1027 2817 tanda
1062 2783 1193 2815 autem
1240 2787 1346 2812 nunc
1381 2778 1435 2809 est
1474 2771 1622 2821 Sibylla

905 2837 1074 2889 adytum
1096 2835 1283 2886 ingressa,
1316 2830 1389 2867 deo
1413 2827 1541 2880 plena,
1571 2839 1621 2863 ex

1279 2895 1346 2942 55
