1811 3388
336 243 745 300 AENEIDOS
790 242 913 290 LIB.
944 240 1034 300 III,
1073 240 1368 288 423—435
1401 257 1403 261 ’
1508 239 1607 286 507

93 385 327 430 Praestat
348 372 602 423 Trinacrii
624 378 793 419 metas
813 367 1033 416 lustrare
1056 361 1287 425 Pachyni

98 453 432 505 Cessantem,
470 442 660 505 longos
685 449 737 488 et
763 434 1179 487 circumflectere
1207 445 1403 490 cursus,

98 524 269 582 Quam
292 513 460 564 semel
482 509 776 561 informem
802 515 948 556 vasto
972 503 1164 553 vidisse
1187 502 1284 550 sub
1313 508 1465 548 antro

98 587 348 651 Scyllam,
384 592 435 632 et
457 580 709 631 caeruleis
733 577 949 627 canibus
973 572 1277 623 resonantia
1304 587 1435 618 saxa.

95 662 407 715 Praeterea,
447 653 486 701 si
512 669 613 718 qua
639 659 716 699 est
740 648 950 698 Heleno
975 642 1283 711 prudentia,
1323 639 1425 688 vati

100 728 154 776 Si
179 744 280 793 qua
301 724 438 773 fides
453 765 464 781 ,
499 723 737 771 animum
757 720 797 767 si
817 717 953 766 veris
975 714 1146 780 inplet
1165 710 1374 777 Apollo,

98 800 282 848 Unum
337 793 469 843 illud
528 792 623 841 tibi
645 832 657 856 ,
721 799 845 838 nate
902 786 1001 835 dea
1023 826 1035 845 ,
1098 799 1309 850 proque
1368 776 1621 829 omnibus

887 872 1060 906 unum
1520 850 1622 899 435

783 931 898 981 435.
935 939 1180 983 PRAEQUE

1514 434 1614 481 430

170 940 285 987 430.
326 950 407 983 cm
417 949 526 982 CUM
556 946 633 982 ΓΙ..

196 1063 265 1099 429
292 1061 474 1095 ΡαοΙιίηηί
495 1059 658 1092 scribitur
680 1058 715 1091 in
734 1057 847 1090 libris.
929 1055 999 1090 430
1025 1057 1219 1086 Cessantes
1238 1048 1347 1082 Goth.
1367 1059 1436 1080 sec.
1477 1047 1626 1092 fluctus

104 1111 189 1151 alii,
217 1117 360 1143 notante
383 1107 584 1140 Parrhasio.
635 1106 834 1140 Praeferam
867 1102 1062 1135 suaviorem
1094 1098 1290 1132 orationem
1321 1094 1624 1139 interpunctione:

105 1159 290 1201 Pachyni,
329 1159 533 1188 cessantem
566 1154 699 1199 longos
731 1161 766 1185 ec
793 1153 926 1184 circum
946 1151 1103 1194 flectere
1134 1157 1276 1178 cursus.
1329 1142 1626 1185 (circum-flectere

105 1205 249 1238 iunctim
270 1202 417 1247 scripsi,
444 1213 512 1245 quo
536 1201 591 1237 fit,
618 1208 655 1233 nt
674 1198 886 1233 sententiam
907 1197 1048 1229 adiuvet
1064 1193 1260 1237 rhythmus.
1293 1190 1386 1228 ΠΤ.)
1469 1187 1538 1223 433
1559 1185 1627 1218 Alii

106 1253 273 1296 iungunt:
300 1252 332 1283 si
350 1262 422 1294 qua
442 1257 496 1281 esc
519 1248 660 1280 IIeleno
680 1246 880 1293 prudentia
904 1244 997 1282 vati,
1032 1243 1072 1274 Si
1094 1239 1287 1285 ‹sica-fides.
1338 1235 1402 1279 (sic
1427 1235 1501 1267 fere
1523 1233 1627 1266 codi-

109 1312 165 1332 ces
180 1324 189 1340 ,
214 1298 342 1330 rectius
362 1297 532 1334 fortasse3
560 1296 671 1326 liriuat
694 1301 809 1325 tamen
828 1291 1012 1327 rationem,
1040 1299 1129 1332 quae
1150 1284 1325 1323 Fabricio,
1352 1282 1509 1319 Heinsio,
1537 1283 1627 1312 Bur-

108 1356 233 1379 manno
245 1371 252 1385 ‚
280 1343 416 1388 Heynio
431 1369 438 1378 ,
466 1342 617 1386 placuit,
653 1340 811 1373 Servius:
854 1339 914 1379 „In
941 1337 962 1368 h
977 1348 1038 1368 om
1053 1336 1062 1367 i
1077 1347 1096 1366 n
1109 1346 1126 1365 e
1154 1332 1243 1364 enim
1279 1345 1300 1376 p
1316 1343 1332 1362 r
1345 1343 1363 1361 u
1379 1330 1401 1360 (l
1413 1342 1429 1360 e
1443 1329 1537 1360 ntia
1563 1333 1627 1367 est,

109 1392 143 1425 in
168 1391 358 1425 vatibus
384 1389 451 1421 fid
467 1402 519 1421 es.
532 1392 553 1407 ‘⁶
585 1389 681 1424 [ΡΥ-Ἰ
732 1391 777 1420 At
796 1399 849 1430 pr.
874 1386 999 1417 Moret.
1024 1393 1092 1414 non
1120 1380 1349 1422 ineleganter,
1382 1376 1495 1408 iudice
1516 1374 1629 1407 Hein-

111 1440 184 1479 sio,
210 1440 251 1472 Si
266 1450 339 1483 ιμια
359 1446 413 1469 esc
433 1439 477 1469 H.
492 1450 542 1482 μ,
559 1434 638 1481 ficti
656 1437 697 1468 Si
717 1446 788 1479 (μια
806 1433 916 1473 fides:
944 1443 985 1463 ex
1003 1441 1072 1461 uon
1095 1426 1224 1459 infelici
1248 1436 1377 1457 errore.
1451 1422 1521 1457 434
1543 1422 1629 1454 ani-

111 1499 202 1520 mam
224 1485 371 1518 Messius
389 1483 588 1516 Arusianus.
615 1494 645 1514 v.
669 1484 849 1513 Burmann.
874 1482 948 1511 Sec.
970 1477 1012 1509 ad
1033 1474 1222 1516 Antholog.
1246 1474 1323 1504 Lat.
1344 1484 1377 1515 p.
1404 1471 1481 1504 125.
1510 1470 1542 1501 si
1562 1481 1630 1500 ve-

112 1545 177 1566 rus
195 1532 247 1565 vir
268 1533 390 1564 doctus
414 1530 516 1569 coni.,
541 1541 640 1573 quem
660 1528 792 1560 refellit
806 1530 950 1558 Ouwens
962 1525 1066 1557 Noct.
1080 1524 1214 1564 Hagen.
1235 1532 1268 1563 p.
1287 1521 1367 1553 616.
1425 1517 1493 1550 435
1512 1518 1631 1548 Unum

112 1581 216 1614 illum
240 1579 328 1611 Gud.
350 1591 368 1610 a
398 1590 442 1610 m.
475 1589 527 1620 pr.
585 1578 704 1608 Unum
734 1574 834 1606 istud
865 1573 899 1604 in
928 1583 1036 1614 marg.
1066 1568 1227 1601 Parrhas.
1281 1568 1414 1598 Verum
1444 1563 1548 1595 aliud
1576 1574 1629 1606 pr.

113 1627 237 1659 Hamb.
281 1637 423 1671 proque
451 1622 614 1656 omnibus
646 1621 770 1654 Medic.
803 1627 837 1652 et
871 1619 932 1652 alii
964 1617 1048 1650 boni
1078 1615 1180 1648 codd.
1212 1615 1262 1657 (et
1290 1612 1396 1645 Goth.
1422 1610 1503 1652 duo)
1527 1609 1632 1641 etiam

113 1676 243 1717 Georg.
275 1671 446 1718 Fabricii,
484 1677 519 1702 et
547 1669 597 1702 sic
631 1668 820 1701 Diomedes
841 1674 874 1699 et
903 1667 1078 1701 Donatus3
1116 1662 1254 1704 hocq11‹=
1283 1664 1468 1701 receperat
1500 1656 1632 1696 Heins.,

115 1721 177 1753 sed
206 1719 419 1763 reliquorum
455 1717 626 1749 librorum
658 1716 843 1748 lectionem
875 1724 1040 1759 praeque
1067 1707 1245 1742 revocavit
1274 1709 1398 1744 Burni„
1435 1704 1528 1748 quod
1547 1702 1634 1735 milii

114 1766 289 1810 vulgarius
311 1765 450 1797 ridetur
473 1764 598 1796 altero.
630 1765 783 1810 (proque
802 1759 936 1803 recepit
958 1757 1116 1796 Iahnius,
1144 1762 1258 1793 rect03
1288 1764 1400 1795 neque
1423 1758 1476 1783 est
1499 1751 1634 1795 proba—

114 1815 210 1854 bile,
232 1825 346 1860 prae,
374 1812 465 1856 quod
488 1811 623 1843 facilius
645 1818 679 1842 et
698 1809 730 1840 iu
754 1808 816 1840 tali
841 1806 1001 1839 oratione
1022 1802 1181 1836 usitatius
1210 1808 1282 1840 est,
1307 1813 1325 1833 a
1344 1798 1498 1831 librariis
1516 1804 1635 1829 muta-

114 1869 188 1894 tum
211 1872 286 1892 esse
308 1859 342 1891 in
359 1872 450 1905 12203
477 1871 516 1891 ac
536 1858 689 1890 fortasse
715 1853 1022 1888 Grammaticorum
1042 1849 1188 1883 acumini
1205 1861 1299 1894 prae
1318 1847 1479 1879 debetur.
1529 1844 1636 1877 Simi-

116 1909 199 1941 liter
222 1907 342 1939 Cicero
368 1906 411 1938 ad
432 1909 500 1937 Ait.
521 1917 574 1949 ep.
596 1906 635 1943 Il,
663 1905 716 1938 5.:
744 1903 852 1943 „Cato
878 1901 938 1932 ille
962 1905 1100 1938 noster,
1137 1897 1195 1940 qui
1227 1894 1311 1927 mihi
1343 1906 1394 1925 un
1406 1905 1451 1924 us
1479 1899 1532 1923 est
1556 1903 1634 1935 pro

117 1961 252 1989 centu
267 1966 298 1985 m
324 1952 581 1985 millibus.“
622 1958 657 1983 ct
677 1951 753 1996 ipse
775 1948 875 1992 Virg.
898 1947 988 1979 intra
1008 1946 1088 1986 XII,
1113 1945 1210 1978 229:
1237 1943 1341 1983 „Non
1361 1939 1491 1986 pudet,
1518 1950 1538 1971 o
1561 1940 1637 1971 Ru·-

119 2050 356 2102 corporibus
371 2079 379 2094 ‚
422 2048 462 2085 in
499 2059 601 2097 quae
628 2045 848 2096 virgineum
909 2055 1000 2079 suos
1015 2040 1062 2077 de
1075 2041 1246 2076 Peccalo
1259 2035 1330 2089 (of
1339 2035 1402 2072 the
1417 2031 1638 2084 ὁίἰι,’Ἀτην

119 2115 258 2160 pectus
279 2122 307 2146 s,
336 2119 481 2156 corpus
510 2104 673 2152 desinit5
699 2101 851 2154 simpli—
912 2099 1076 2146 dixeris)
1108 2098 1318 2143 formasse,
1350 2093 1427 2130 iam
1459 2091 1523 2128 alii
1547 2105 1638 2128 1110-

123 2166 222 2203 citer
245 2165 329 2211 die,
362 2165 539 2213 virgineo
574 2161 735 2212 corpori
755 2160 851 2197 sub·
911 2160 1102 2195 nueruut.

122 2224 280 2261 iunctos
300 2223 414 2272 lupos
433 2221 606 2257 marinos
624 2219 740 2256 fuisse
756 2231 853 2267 pro—

124 2281 244 2318 tomis
275 2280 354 2317 suis
383 2279 487 2315 iuter
519 2277 667 2314 caudas
696 2274 853 2325 delphi-

124 2352 271 2376 norum
303 2335 647 2388 prominentibus,
688 2339 734 2370 ut
760 2345 853 2370 ver-

126 2410 172 2433 su
189 2396 272 2437 432
291 2395 431 2431 elicias.
470 2394 597 2429 (huss
619 2397 750 2428 autem
763 2405 855 2426 ma-

126 2457 237 2492 rinae
258 2452 451 2489 videntur
481 2449 773 2498 intelligendae.
807 2448 854 2484 cf.

128 2512 270 2562 Odyss.
303 2527 343 2562 μ.
375 2512 441 2550 96.
466 2511 533 2549 97.
565 2506 697 2544 Schol.
732 2505 857 2556 Apol-

127 2569 224 2607 lonii
248 2569 309 2616 IV,
344 2567 438 2608 825.
500 2566 628 2602 Variis
654 2564 783 2601 modis
808 2563 856 2599 ab

130 2627 306 2664 Homero
338 2624 431 2662 inde
463 2624 615 2675 Scyllae
648 2623 764 2659 facies
785 2634 858 2658 ex-

130 2684 269 2731 hibita,
289 2683 398 2721 varie
421 2683 539 2719 etiam
557 2682 596 2718 in
620 2692 858 2718 monumen-

132 2742 182 2778 tis
215 2747 420 2788 veterum3
450 2739 597 2777 suflicit
628 2738 860 2787 intelligere,

135 2812 213 2848 qua
249 2798 376 2848 speeie
406 2797 590 2847 Virgilius
620 2794 861 2832 exhibuerit.

135 2856 190 2892 De
226 2854 302 2891 hae
335 2869 375 2892 v.
406 2856 501 2894 Exc.
541 2854 603 2891 IV.
643 2853 779 2890 Bucol.
811 2851 862 2888 ad

136 2912 300 2958 Eel.V1‚
332 2912 397 2952 75.
448 2913 632 2948 Ceterum
657 2910 708 2947 ad
731 2909 863 2960 Virgi-

136 2970 177 3008 lii
211 2970 260 3007 de
292 2969 419 3020 Scylla
464 2981 604 3007 versus
649 2968 862 3006 Miltonum

970 2209 1226 2254 429—432.
1268 2206 1450 2245 variavit
1486 2205 1640 2242 Home-

913 2275 996 2311 rica
1014 2272 1039 2308 l.
1063 2270 1255 2308 C.v.109.
1280 2268 1374 2305 110.
1406 2272 1531 2300 melas
1545 2265 1641 2300 Pa-

913 2330 1034 2380 chyni
1060 2327 1175 2364 docte
1200 2324 1238 2362 h.
1265 2337 1294 2361 e.
1316 2321 1643 2374 promontorium

915 2387 1065 2425 Siciliae
1089 2383 1274 2428 australe,
1295 2388 1528 2423 ee.s>.s·antenz,
1552 2392 1643 2415 mo—

915 2451 1070 2483 rantem
1102 2443 1164 2493 (ut
1186 2438 1328 2489 δαν),
1362 2437 1451 2488 plus
1483 2443 1643 2487 tempo-

916 2504 969 2541 ris
992 2503 1033 2539 in
1058 2498 1312 2549 navigatione
1332 2500 1643 2533 consumentem.

917 2563 1078 2605 vidisse,
1104 2557 1246 2594 modus
1275 2553 1466 2604 loquendi
1487 2553 1534 2589 ab
1556 2552 1645 2589 Ho-

918 2633 1028 2656 mero
1057 2617 1202 2654 ductus
1237 2614 1260 2651 l.
1297 2628 1328 2649 c.
1358 2625 1396 2649 v.
1433 2613 1498 2651 87.
1531 2612 1584 2651 88
1607 2615 1646 2646 et

919 2689 1046 2727 saepe.
1111 2674 1239 2711 Canes
1273 2676 1367 2708 sunt
1410 2669 1477 2719 qui
1512 2667 1646 2719 paullo

921 2741 1013 2772 ante
1036 2734 1136 2782 lupi.

978 2792 1060 2831 433
1083 2802 1166 2839 sqq.
1199 2786 1340 2837 Magno
1362 2797 1451 2821 cum
1476 2795 1647 2834 appara-

920 2856 965 2886 tu
1000 2847 1199 2886 monitum
1225 2858 1244 2881 a
1265 2849 1357 2881 vate
1376 2847 1415 2878 et
1443 2840 1582 2878 inferri
1611 2844 1650 2875 et

922 2905 1121 2944 enuntiari
1150 2903 1330 2941 observa.
1382 2899 1430 2936 cf.
1463 2898 1531 2936 inf.
1566 2896 1648 2939 546

922 2978 979 3015 sq.
1004 2970 1043 3000 et
1062 2964 1155 3000 Exc.
1175 2961 1226 2998 X.
