1779 3420
135 226 237 273 682

459 224 514 272 P.
550 222 908 273 VIRGILII
945 220 1322 270 MARONIS

200 349 316 396 Nox
346 356 479 409 erat,
519 357 572 396 et
606 346 874 412 placidum
904 345 1189 411 carpebant
1219 345 1355 396 fessa
1387 363 1640 413 soporem

135 417 373 481 Corpora
395 434 492 482 per
514 426 700 476 terras,
738 415 1003 481 silvaeque
1032 424 1082 464 et
1101 432 1251 466 saeva
1273 418 1514 482 quierant

131 489 403 551 Aequoraz
433 503 596 551 quum
619 485 801 533 medio
824 484 1110 533 volvuntur
1135 486 1305 535 sidera
1326 486 1488 552 lapsu,

134 557 313 616 Quum
346 564 482 603 tacet
514 554 685 602 omnis
724 569 872 618 ager9
922 554 1180 619 pecudes,
1228 556 1508 622 pictaeque
1545 572 1641 604 vo-

904 622 1092 686 lucres,

1539 628 1639 677 525

133 695 388 759 Quaeque
414 692 553 740 lacus
573 690 676 740 late
700 690 960 758 liquidos,
990 710 1233 760 quaeque
1260 709 1441 759 aspera
1466 693 1640 743 dumis

221 810 291 844 522
310 808 484 855 placitum
509 806 597 840 alter
623 808 746 841 Hamb.
788 809 973 855 placidam
993 829 1035 833 -
1057 809 1211 854 quietem
1242 809 1331 842 alter
1364 810 1504 853 Menag.
1547 810 1637 857 pla-

131 856 246 888 cidum
280 868 307 888 c.
342 853 494 887 membra
531 856 682 899 quietem
720 867 775 899 ap.
810 859 908 889 Serv.
955 856 999 888 ad
1033 858 1047 888 Ι
1080 860 1165 889 Aen.
1210 857 1290 891 388.
1334 857 1378 889 cf.
1424 855 1509 890 itud.
1554 859 1635 892 691.

130 904 198 937 523
226 903 395 947 quierunt
419 906 491 933 tres
517 913 572 946 ap.
602 903 712 934 Burm.

807 903 876 936 526
901 903 1029 935 dumos
1054 902 1236 943 Montalb„
1262 903 1351 935 unde
1370 903 1491 935 Heins.
1518 904 1638 946 dumo,

129 948 234 981 Goth.
260 960 327 980 sec.
354 948 470 987 dami5
516 954 696 992 utrumque
733 948 853 981 vitium
877 949 1074 983 scribentis.
1109 949 1249 995 (Medic.
1273 950 1435 995 lzquidus
1459 962 1478 983 a
1502 961 1547 983 m.
1572 962 1638 996 pr.¹

129 994 196 1028 vid.
222 996 264 1029 V.
290 995 329 1027 L.
356 994 400 1026 ad
426 996 488 1027 Ge.
515 995 573 1036 IV,
599 995 678 1030 446.
709 995 804 1040 Wr.)

128 1101 261 1127 umore
283 1102 363 1127 non
394 1095 592 1127 amantur.
651 1090 781 1128 Erunt
811 1089 853 1128 in

127 1146 189 1185 his
213 1147 394 1197 inprimis
423 1147 545 1195 Iuno,
585 1147 729 1196 Diana,
773 1148 853 1186 Ve-

126 1218 219 1252 nus,
250 1203 468 1242 habendae.
527 1204 678 1243 Verbo:
720 1206 852 1243 omnia

126 1275 170 1299 eo
194 1268 396 1313 spectant,
428 1268 475 1299 ut
497 1261 580 1313 ipsa
609 1275 742 1301 amore
770 1264 852 1300 sol-

123 1325 255 1358 vatur.
278 1318 690 1372 (memoriniuriarum
709 1334 850 1358 aman-

123 1377 229 1414 tibus
248 1378 467 1426 factarum,
486 1376 525 1415 h.
549 1391 580 1415 e.
602 1378 652 1415 ad
675 1378 849 1428 punien-

125 1434 220 1472 dum
254 1448 317 1472 eas
348 1435 561 1472 intentum.
598 1435 724 1476 Issi—ll.
784 1436 849 1473 Si-

122 1492 233 1530 miles
257 1492 426 1530 aliorum
446 1499 616 1530 mortem
647 1493 719 1530 sibi
753 1494 849 1531 ass'e-

121 1550 296 1588 rentium
347 1550 633 1588 obtestationes
684 1551 849 1601 legimus

122 1607 235 1656 alibi,
276 1613 322 1646 ut
353 1607 480 1645 Aiacis
521 1608 628 1659 apud
661 1608 846 1660 Sophocl.

121 1678 179 1703 vs,
204 1666 286 1706 835
307 1679 390 1716 sqq.
420 1665 481 1703 ed.
512 1666 687 1703 Brunck.
726 1664 845 1719 lVr.)

179 1723 433 1764 522—528.
464 1723 700 1760 Suavissima
720 1724 847 1761 noctis

121 1780 355 1832 descriptio,
408 1793 508 1830 quae
544 1781 668 1831 ipsam
710 1795 846 1819 rerum

120 1839 292 1889 quietem
330 1838 479 1889 spirare
530 1838 720 1888 videtur3
768 1838 847 1876 hoe

119 1902 252 1934 tamen
274 1895 455 1946 inprimis
478 1895 691 1945 laudanda,
722 1896 844 1946 quod,

120 1967 210 1991 cum
240 1965 354 2004 saepe
387 1953 427 1990 in
465 1966 507 1990 ea
538 1959 577 1990 ct
607 1954 670 1990 alii
704 1960 844 2004 poetae

119 2010 414 2059 laboraverint,
445 2010 541 2048 lxuie
559 2011 737 2062 inprimis
757 2012 844 2049 loco

118 2068 184 2105 illa
208 2068 575 2106 convenientissima
600 2075 669 2116 est,
690 2075 734 2106 ut
754 2075 845 2120 post

118 2126 206 2163 illos
228 2127 265 2164 in
286 2126 489 2176 superiore
516 2126 603 2163 loeo
638 2126 844 2178 prodigio-

118 2197 208 2221 rum
248 2189 287 2220 et
335 2183 434 2220 sacri
484 2183 621 2234 magici
670 2190 844 2222 terrores

118 2254 226 2277 nunc
245 2240 418 2278 animum
440 2240 597 2278 diverso
618 2242 737 2279 modo
752 2242 842 2278 asli—

119 2298 217 2345 ciat,
251 2304 374 2347 utque
404 2297 608 2335 delinitum
644 2298 718 2335 liae
747 2312 842 2336 sua-

118 2356 241 2391 vitate
273 2355 446 2392 animum
478 2355 641 2405 legentis
677 2356 842 2393 miserae

118 2411 282 2448 Didonis
309 2425 485 2448 suminus
516 2426 607 2448 mox
642 2425 661 2448 a
691 2427 727 2451 v.
758 2416 839 2454 529

119 2470 262 2504 amoris
282 2475 410 2505 aestus
428 2469 624 2518 animique
642 2470 840 2508 cruciatus

118 2531 232 2562 tanto
281 2525 400 2573 magis
450 2527 676 2575 percellant.
758 2527 839 2564 lani

120 2583 190 2619 los.
226 2582 442 2618 wartonus
476 2582 550 2618 lior
588 2583 838 2631 obst-svamm

118 2645 157 2676 et
180 2639 254 2675 lioc
279 2652 438 2675 monere
466 2640 591 2675 voluit
609 2640 768 2676 Servius
789 2640 838 2676 ad

118 2710 153 2733 v.
180 2699 277 2736 522:
314 2696 563 2731 I’rolemlc'lur
583 2698 659 2732 isla
690 2696 836 2732 ‹les-cri-

112 2756 198 2803 plio
222 2753 278 2788 ml
297 2755 645 2800 exaggrera(ionem
668 2754 836 2799 vigilia-

115 2825 202 2847 rum
232 2811 419 2847 Didonis.
485 2809 562 2845 Nec
598 2814 725 2844 tamen
763 2809 836 2846 liae

115 2868 153 2904 in
175 2881 217 2905 re
241 2866 391 2904 inventi
427 2866 582 2903 laudem
606 2865 724 2902 habet
744 2866 833 2903 -vir-

113 2925 248 2975 gilius,
270 2924 336 2961 sed
360 2923 492 2960 iudicii
515 2929 671 2961 tantum
693 2930 729 2960 et
752 2923 832 2961 clo-

912 1089 1083 1129 cutionis
1111 1090 1152 1128 in
1179 1089 1441 1141 exprimendo
1467 1087 1637 1141 Apollo-

910 1148 976 1186 nio
995 1147 1154 1186 Rhodio
1180 1147 1245 1196 111,
1281 1148 1362 1189 743
1394 1160 1478 1197 sqq,
1543 1145 1634 1196 Νύξ

912 1203 985 1258 μὲν
1016 1201 1143 1246 ἔπειτ’
1173 1211 1247 1242 ete.
1275 1205 1324 1242 cs.
1352 1210 1392 1242 et
1422 1204 1487 1252 lv,
1527 1206 1634 1246 1058

910 1276 1016 1313 sqq.‚
1048 1276 1165 1313 quem
1196 1262 1273 1300 iam
1303 1268 1396 1300 ante
1428 1261 1635 1312 Virgilium

910 1326 1167 1358 converterat
1228 1320 1355 1357 Varro
1418 1319 1635 1369 Atacinus3

908 1379 1021 1416 cuius
1053 1391 1191 1416 versus
1225 1391 1264 1415 v.
1298 1376 1406 1428 apud
1444 1378 1633 1414 Senecam

908 1436 1163 1474 controvers.
1189 1434 1281 1472 XVI
1311 1441 1414 1472 extr.
1475 1434 1551 1472 vix
1572 1447 1634 1472 me

906 1499 1042 1542 teneo,
1075 1493 1172 1543 quin
1190 1492 1277 1530 loca
1297 1491 1539 1540 adscribam3
1564 1490 1633 1530 sed

906 1551 1098 1590 brevitati
1120 1550 1362 1588 studendum
1377 1555 1447 1587 est.
1508 1549 1629 1586 Simi-

905 1608 982 1646 lem
1004 1638 1013 1656 ‚
1064 1609 1178 1646 aliter
1222 1614 1352 1645 tamen
1393 1606 1632 1645 adornatam

905 1667 1034 1703 noctis
1062 1666 1370 1716 descriptionem
1406 1664 1631 1702 videbimus

904 1724 971 1763 lib.
998 1723 1098 1771 VIII,
1122 1726 1188 1764 26.
1249 1722 1473 1759 Praeiverat
1497 1722 1630 1759 omni-

903 1781 978 1818 bus
1001 1779 1165 1818 Alcman
1182 1780 1222 1817 in
1242 1780 1329 1817 loco
1349 1779 1397 1815 ab
1419 1779 1629 1830 Apollonio

904 1837 1090 1889 Sophista
1112 1839 1152 1875 in
1178 1837 1320 1874 Lexico
1349 1836 1512 1874 Homer.
1540 1849 1627 1874 ser-

902 1903 995 1934 vato
1017 1895 1057 1932 in
1080 1909 1166 1933 voe.
1187 1891 1407 1934 κνώδαλον.
1468 1895 1569 1931 Eum
1591 1907 1628 1932 v.

901 1953 971 1990 ins.
1002 1953 1051 1990 ad
1084 1953 1109 1990 l.
1145 1966 1176 1990 e.
1216 1952 1315 2000 Vlll,
1354 1955 1419 1993 26.
1479 1951 1628 1990 Similia

902 2011 1021 2048 etiam
1043 2009 1236 2048 nonnulla
1265 2014 1358 2046 sunt
1385 2008 1424 2045 in
1458 2007 1626 2046 Theocr.

902 2068 961 2108 ld.
983 2071 1021 2116 2,
1045 2071 1098 2109 38
1119 2081 1194 2116 sq.‚
1225 2067 1293 2104 sed
1323 2066 1361 2103 in
1391 2078 1433 2102 re
1463 2079 1626 2116 prorsus

903 2125 1073 2164 diversa.
1141 2124 1273 2162 Noctis
1303 2123 1457 2161 silentia
1485 2123 1625 2160 miram

903 2183 1142 2221 suavitatem
1178 2181 1358 2219 habent:
1419 2182 1545 2218 silvae
1590 2189 1627 2217 et

901 2255 1075 2291 aequora
1100 2242 1306 2291 quierant,
1341 2243 1516 2276 cessante
1548 2237 1622 2275 sub

902 2304 1058 2335 noctem
1089 2303 1223 2336 vento,
1282 2296 1370 2333 Non
1402 2295 1528 2333 aliter.
1573 2295 1622 2332 cs.

900 2355 1045 2406 'si-app.
1079 2353 1277 2406 (quierant
1297 2353 1361 2390 hic
1382 2352 1498 2400 idem,
1515 2351 1623 2400 quod

899 2412 1172 2461 ‹saie-scellam,
1206 2417 1252 2448 ut
1274 2416 1333 2447 est
1363 2410 1469 2460 apud
1503 2408 1621 2447 Ovid.

899 2469 1017 2508 Trist.
1042 2469 1069 2516 l,
1089 2471 1127 2516 3,
1153 2471 1237 2508 272:
1268 2468 1454 2515 „lamque
1473 2479 1494 2515 q
1510 2466 1621 2502 uie—

898 2526 1115 2562 scebant
1170 2538 1286 2561 voces
1336 2523 1620 2572 hominumque

899 2594 1139 2630 canumque,
1180 2581 1367 2629 Lunaque
1399 2586 1619 2617 nocturnos

897 2640 973 2676 alta
995 2639 1154 2687 regebat
1177 2641 1335 2687 equos.“
1380 2636 1494 2674 Falso
1515 2637 1618 2674 enim

897 2695 1152 2732 contenditur
1174 2725 1184 2742 ‚
1231 2695 1312 2731 vim
1353 2693 1472 2731 huius
1505 2694 1617 2731 verbi

896 2751 1165 2788 inchoativam
1224 2765 1386 2801 prorsus
1446 2751 1616 2802 periisse.

896 2809 1032 2846 Claud.
1060 2809 1098 2845 in
1122 2808 1252 2845 nunu.
1280 2809 1325 2855 ll,
1349 2811 1429 2849 327
1454 2822 1536 2857 sqq.
1569 2808 1617 2845 de

893 2866 1132 2903 somniante:
1165 2866 1354 2913 „Labitur
1379 2865 1418 2902 in
1445 2878 1615 2902 somnos.

893 2924 967 2961 Vix
998 2929 1081 2961 toto
1109 2923 1228 2961 corde
1255 2923 1485 2973 quierat,
1518 2922 1615 2959 Ecce

1768 1362 1779 1698 l
