1811 3388
349 218 747 271 AENmDos
786 216 1047 277 L1ss.1v‚
1086 218 1378 264 sss—699
1520 219 1613 264 711

125 345 470 408 Dislieilisque
497 341 692 401 obitus,
724 340 847 388 Irim
875 338 1082 386 demisit
1112 338 1360 403 Olympo,

129 420 272 476 Quae
315 412 598 460 luctantem
642 409 868 458 animam
910 422 1178 472 nexosque
1215 406 1503 456 resolveret
1537 424 1615 454 ar-

897 485 992 526 tus,
1518 479 1615 526 695

125 553 282 605 Nam,
323 548 442 612 quia
472 563 570 595 nec
593 546 730 608 sato,
766 546 952 593 merita
972 560 1071 592 nec
1096 554 1270 593 morte
1294 543 1512 610 peribat,

127 616 231 665 Sed
265 617 451 664 misera
485 624 604 664 ante
638 615 804 672 diem,
842 613 1124 679 subitoque
1161 613 1382 663 adcensa
1418 611 1614 673 surore,

124 684 379 735 Nondum
408 684 478 733 illi
513 683 707 732 ssavum
731 683 1045 747 Proserpina
1065 683 1259 731 vertice
1296 682 1495 731 crinem

125 752 444 817 Abstulerat,
484 754 766 818 Stygioque
801 760 955 817 caput
984 750 1320 800 damnaverat
1354 752 1510 801 Orco,

215 869 283 904 694
320 866 581 913 Difficilemque
615 867 746 901 obitum
775 866 906 899 Zulivh.
954 866 1088 899 <limisit
1122 866 1223 910 vulgo
1245 866 1421 911 scriptum.
1469 866 1616 898 dirm'ttit

125 915 244 947 Franc.
291 916 439 947 remittit
458 914 617 947 Parrlias.
666 913 710 946 ab
728 914 804 946 alto
823 913 972 957 quinque
996 925 1052 956 ap.
1082 913 1262 945 Burmann.
1357 913 1424 947 695
1459 914 1614 945 am'mum

122 967 203 993 tert.
224 961 387 993 lzottend.
435 962 637 993 resolverat
659 963 774 1004 Sprot.
798 966 833 992 et
852 959 959 993 wall.
1008 958 1213 992 absolveret
1229 959 1327 991 Leid.
1356 966 1388 991 et
1417 958 1486 990 Erf.
1535 959 1612 990 dis-

124 1007 282 1040 solveret
318 1007 436 1040 Franc.
541 1008 608 1042 698
651 1006 811 1040 Necdum
847 1005 935 1038 Gud.
971 1017 1046 1038 cum
1094 1012 1241 1050 quatuor
1285 1004 1361 1038 aliis
1410 1004 1525 1037 Heius.
1580 1010 1613 1036 et

124 1053 233 1086 Goth.
258 1065 326 1086 sec.

123 1133 219 1171 lium
250 1134 332 1181 alii,
365 1148 384 1170 a
418 1134 542 1171 Corda
573 1135 647 1172 iam
676 1133 839 1181 laudati,
898 1147 918 1170 a
938 1146 1104 1184 corpore
1128 1134 1303 1171 seiuncta
1322 1137 1391 1169 est.
1438 1132 1511 1168 Res
1535 1130 1612 1167 ita-

124 1190 274 1228 statius
300 1191 330 1228 ll
362 1191 457 1229 Silv.
488 1191 514 1237 I,
552 1192 642 1232 147.
672 1190 839 1228 Mai-nial.
898 1203 972 1240 que
1003 1191 1176 1228 numinis
1207 1191 1439 1227 interventu
1466 1187 1611 1238 egebat.

123 1247 174 1284 Ill
208 1248 325 1298 epigr.
344 1248 420 1298 ⁴43.
490 1247 601 1285 Adde
642 1247 782 1285 Horat.
823 1247 839 1284 1
899 1244 1611 1298 lmitationeexpressitStatius'sheb.

124 1305 250 1341 Carni.
272 1307 337 1350 28,
363 1307 423 1344 19.
443 1306 506 1344 ΩΟ.
557 1306 660 1341 Orco
690 1302 838 1354 (Θάνα-
898 1304 995 1352 Vlll,
1016 1307 1040 1344 9
1073 1306 1257 1342 ΛῪθοιίηηι
1276 1305 1390 1340 illum
1413 1310 1482 1338 cml
1502 1310 1612 1338 trun-

124 1376 192 1399 τον
211 1360 397 1412 appellat)
420 1361 494 1397 iam
518 1368 608 1398 ante
638 1362 737 1398 idem
765 1361 836 1397 tri—
895 1376 944 1398 ca
985 1361 1220 1398 lustravi->rat
1257 1360 1373 1397 obvia
1403 1367 1496 1396 laxo
1525 1360 1612 1395 En-

124 1417 264 1454 buerat
286 1417 490 1468 Euripides
527 1418 565 1455 in
595 1418 680 1455 loco
708 1418 784 1454 iam
817 1431 837 1454 a
895 1420 1018 1454 memis-
1044 1447 1053 1465 ‚
1108 1427 1178 1455 aut
1211 1418 1338 1468 furvo
1376 1417 1612 1465 Proserpina

126 1474 323 1511 Macrobio
343 1474 387 1521 V,
419 1477 467 1515 19
499 1481 657 1521 notato,
697 1475 838 1512 Alcest.
889 1483 1003 1524 poste
1035 1483 1193 1512 notarat
1236 1472 1414 1511 (loetilsas
1450 1473 1613 1509 adsum-

125 1532 240 1571 74—
263 1534 326 1571 77.
363 1530 426 1582 (ex
460 1544 534 1580 qua
566 1532 695 1569 sabula
725 1532 838 1582 plura
897 1540 978 1568 lum
994 1532 1144 1580 sim-12⁹.
1208 1530 1426 1568 Revocavit
1448 1529 1509 1565 ille
1530 1541 1611 1565 rem

124 1587 173 1624 ad
192 1587 328 1624 Mortis
346 1588 547 1637 imaginem
564 1588 839 1626 illustrandam
897 1588 946 1624 ad
977 1588 1248 1626 lustrationem
1281 1594 1314 1624 el
1349 1586 1611 1637 expiationem

122 1645 201 1695 peti
224 1650 400 1694 possunt.
460 1644 556 1681 Vide
575 1659 612 1682 v.
631 1648 725 1685 261.
746 1645 840 1685 438.
899 1644 1068 1682 Umbrae
1089 1674 1099 1691 ,
1138 1651 1225 1682 tuin
1273 1644 1323 1681 ad
1360 1642 1535 1680 tabulam
1572 1642 1611 1678 in

62 1693 72 1706 ⁸
124 1700 839 1752 844.114O.1141.)add.nemaei-11.
897 1702 998 1738 atrio
1026 1701 1203 1739 Plutonis
1233 1701 1495 1752 propositam,
1536 1712 1611 1748 qua

123 1758 171 1794 ad
191 1758 346 1795 Lucian.
367 1757 410 1795 T.
439 1758 467 1805 l,
496 1772 532 1809 p.
562 1760 655 1799 512.
715 1759 838 1796 Iuno-
895 1759 1207 1796 inscriberentur
1227 1758 1414 1795 defuncti.

123 1827 210 1851 nem
243 1813 316 1851 liae
342 1814 389 1851 de
417 1827 460 1851 re
496 1815 700 1852 sollicitam
744 1828 837 1864 esse,

123 1871 176 1908 nil
199 1872 360 1920 mirum,
402 1884 488 1908 cum
525 1884 568 1908 ea
603 1872 762 1909 Didonis
797 1879 837 1910 et

122 1928 342 1965 Poenorum
382 1942 556 1966 caussam
595 1929 836 1980 suscepisset.

124 1985 234 2022 l'nde
254 1998 346 2022 vero
369 1984 443 2022 hoc
463 1985 634 2022 dicemus
654 1987 837 2036 petitum,

123 2042 229 2091 quod
271 2044 386 2078 crinis·
428 2042 709 2079 alisi-inililur?
756 2056 837 2079 non

124 2099 225 2134 enim
248 2098 340 2134 satis
359 2105 415 2134 est
435 2112 521 2134 cnm
543 2098 740 2135 Mai-robio
768 2100 791 2137 l.
815 2099 837 2135 l.

125 2154 274 2200 dicere,
306 2167 352 2190 ex
389 2155 574 2204 Euripide
604 2155 684 2192 Alc.
713 2156 764 2195 75
800 2155 839 2192 id

125 2211 285 2248 ductum
317 2224 407 2247 esse.
470 2212 496 2247 13
534 2224 574 2247 re
603 2225 710 2248 sacra
741 2219 838 2261 puto

125 2268 310 2315 ductum,
342 2281 429 2304 nam
453 2267 608 2304 victima
629 2281 838 2305 consecra-

127 2331 193 2361 tur
215 2324 312 2371 deo,
343 2324 428 2374 pilis
460 2326 497 2360 in
530 2325 659 2361 fronte
695 2324 838 2362 evulsis

124 2387 159 2417 et
182 2381 219 2417 in
241 2382 365 2431 ignem
386 2381 534 2417 iniectis
567 2380 629 2431 (cs.
652 2395 686 2419 v.
713 2396 743 2418 e.
769 2382 836 2418 inl.

124 2437 185 2484 Vl,
206 2439 307 2486 2453
347 2444 403 2474 est
436 2437 474 2474 id
506 2438 663 2488 proprie
692 2435 836 2487 κατάρ-

123 2494 303 2547 χεσθαι),·
330 2494 377 2530 ab
399 2493 472 2530 lioc
493 2501 692 2532 momento
720 2495 835 2531 victi-

125 2565 182 2587 ma
206 2551 278 2588 deo
306 2551 410 2588 dicta
447 2557 485 2587 et
515 2565 633 2588 sarra.
704 2551 836 2601 Itaque

123 2614 161 2644 et
197 2608 251 2655 is,
293 2607 359 2656 qui
389 2608 579 2655 moritur,
622 2608 728 2645 crine
765 2608 836 2644 ab-

123 2664 261 2711 scisso,
313 2663 384 2700 diis
429 2664 583 2711 inseris,
636 2671 835 2714 tamquam

124 2720 308 2766 victima,
347 2727 626 2767 consecratur,
676 2721 834 2771 Iovique

125 2778 246 2813 insero
285 2790 391 2812 sacer
429 2783 497 2813 est.

123 2839 233 2882 poeta
257 2833 414 2880 vulgare
446 2833 560 2870 illud:
591 2833 681 2882 quia
714 2835 832 2870 morti

123 2889 227 2926 haud
253 2895 407 2926 matura
430 2895 533 2937 crat,
565 2902 676 2940 aegre
703 2890 830 2927 anima

952 1818 1033 1857 693
1054 1838 1110 1844 —
1129 1815 1222 1856 695.
1262 1816 1432 1851 dolorem
1454 1843 1464 1860 ‚
1511 1809 1609 1865 ιῖγω-

894 1872 998 1912 νίαν.
1065 1880 1173 1909 arlus
1219 1886 1336 1909 nexos
1363 1901 1372 1918 ,
1437 1870 1611 1920 corporis

894 1943 982 1966 cuin
1005 1929 1133 1966 anima
1166 1941 1334 1976 nexum,
1366 1928 1463 1964 bene
1487 1925 1610 1963 Cerda

894 1986 1016 2033 vidit,
1047 2000 1066 2022 a
1096 1986 1288 2036 palaestra
1319 1991 1357 2021 et
1387 1985 1495 2024 luch
1531 1995 1610 2019 esse

896 2043 1075 2092 petitum.
1136 2044 1287 2091 Corpus
1308 2041 1415 2090 quasi
1437 2040 1610 2091 implicat

896 2106 933 2135 et
965 2099 1270 2147 circumstringit
1311 2098 1479 2133 animam
1504 2126 1513 2143 ,
1563 2108 1609 2132 ne

897 2155 995 2192 elabi
1040 2156 1103 2192 illa
1139 2155 1272 2206 possit.
1347 2154 1609 2204 (Obversatur

896 2219 1035 2262 poetae
1074 2211 1274 2248 Lucretius
1315 2210 1368 2257 ll,
1413 2209 1493 2250 948
1533 2223 1607 2258 sq.:

895 2269 1052 2316 „Donec
1083 2268 1288 2312 materies,
1329 2267 1477 2302 omneis
1511 2279 1607 2302 con—

897 2339 1006 2362 cussa
1030 2338 1098 2376 per
1121 2331 1242 2371 artus,
1274 2323 1433 2360 Vitaleis
1459 2323 1608 2358 animae

897 2382 1054 2418 nodos
1099 2394 1117 2417 e
1151 2393 1315 2431 corpore
1345 2380 1500 2416 solvitf‘
1543 2379 1607 2416 ubi

895 2439 975 2475 vid.
1009 2439 1157 2475 Wakes.
1192 2437 1294 2474 adde
1325 2436 1524 2486 Spalding.
1558 2435 1606 2472 ad

895 2495 1062 2542 Quintil.
1081 2491 1128 2542 ll,
1152 2497 1188 2540 9,
1217 2496 1277 2535 13.
1313 2492 1428 2544 ll'r.)

952 2553 1205 2592 696—699.
1246 2549 1332 2587 Vid.
1369 2549 1417 2585 ad
1447 2562 1484 2586 v.
1513 2552 1606 2589 693.

894 2610 1031 2644 aurita
1052 2622 1120 2644 ne(-
1141 2615 1283 2653 morte,
1318 2606 1426 2642 nullo
1448 2606 1606 2641 imm-‘ini

893 2664 1054 2701 crimine
1103 2664 1318 2701 commisso.
1367 2665 1476 2699 Serv.
1518 2676 1605 2712 opp.

892 2721 1019 2758 stlbt'lo
1047 2735 1213 2757 aec-ensa
1231 2721 1398 2769 sitr‹n·e;
1440 2719 1497 2754 uti
1530 2733 1603 2754 lton

569 2778 739 2814 Ornavit
781 2778 833 2814 sie
886 2779 978 2827 [ὶιίυ
1018 2783 1055 2813 ct
1097 2786 1186 2813 (mle
1227 2779 1355 2821 diem,
1400 2773 1605 2825 ὑπέρμορα

892 2834 998 2870 iliad.
1017 2835 1054 2883 β,
1080 2834 1168 2874 155.
1200 2830 1296 2883 ὑπὲρ
1325 2835 1470 2882 μοῖραν
1497 2830 1601 2868 lliml,

891 2893 921 2937 ζ,
940 2890 1034 2930 488.
1056 2905 1090 2937 υ,
1112 2892 1204 2930 836.
1231 2889 1333 2925 cons.
1353 2887 1476 2924 Gucll.
1522 2888 1601 2922 Ac-
