1811 3388
392 160 803 213 AENEIDOS
841 160 984 210 LIB.
1021 160 1120 224 VI,
1163 163 1451 215 115—126
1570 171 1670 217 873

157 291 301 355 Quid
345 304 651 339 memorem
687 285 946 336 Alciden?
1013 286 1080 334 Et
1120 285 1193 332 mi
1233 300 1401 349 genus
1441 287 1502 336 ab
1545 291 1672 339 Iove

943 371 1171 405 summO.

227 428 442 478 Talibus
469 425 653 476 orabat
678 424 850 487 dictis,
890 440 1110 490 arasque
1132 423 1374 484 tenebat3

158 492 338 561 Quum
357 498 428 545 sic
450 513 567 545 orsa
588 495 738 562 loqui
752 503 920 544 vates:
952 495 1073 543 Sate
1094 494 1347 558 sanguine
1365 492 1562 556 divom,
1581 497 1678 545 125

159 572 297 618 Tros
316 566 655 629 Anchisiada,
692 564 856 614 facilis
881 563 1165 614 descensus
1185 568 1426 625 Averno;

257 709 322 743 123
356 708 609 753 Alcidemque,
654 707 742 740 mihi
773 718 895 752 genus
919 712 990 739 tres
1023 717 1078 749 ap.
1105 706 1215 737 Burm.
1251 703 1334 748 (vid.
1364 705 1405 744 Q.
1439 704 1481 737 V.
1515 702 1615 744 XVI,
1647 701 1682 736 4.

166 756 260 799 Wr.)
310 768 333 788 a
352 757 441 788 Iove
459 756 528 787 duo
551 767 626 788 cum
646 754 736 787 binis
756 754 864 786 Goth.
892 760 927 785 et
954 764 1089 785 summo
1117 760 1172 784 est
1198 764 1266 784 sec.
1296 753 1424 783 Moret.
1523 751 1589 783 124
1623 757 1682 781 te·—

160 802 298 836 nebant
317 814 370 846 pr.
388 802 516 834 Moret.
545 803 633 845 (cum
652 804 748 833 Serv.
770 800 914 839 Dresd.;
940 800 1008 832 vid.
1030 801 1071 839 Q.
1091 800 1133 832 V.
1154 799 1252 837 XVI,
1276 800 1305 832 1.
1336 796 1431 839 Wr.)
1506 796 1572 830 125
1594 798 1680 827 Cum

162 851 214 883 sic
235 850 355 883 Heins.
378 861 419 881 ex
440 849 567 881 Medic.
595 856 629 881 et
659 847 753 887 aliis3
788 847 848 880 alii
885 856 960 879 tum
990 852 1024 878 et
1050 855 1148 878 tanc.
1199 844 1354 888 (Nollem
1385 853 1460 875 tum
1493 854 1535 875 ex
1563 841 1682 886 paucis

161 896 263 929 libris
281 902 462 939 receptum
482 908 500 928 a
521 895 662 935 Iahni03
689 907 798 939 quum
819 894 909 926 enim
939 892 1131 936 emphasim
1158 892 1265 924 habet
1291 890 1469 934 munitque
1499 891 1684 921 transitum

163 944 209 977 ad
230 943 425 976 orationem
445 942 628 986 gravitatis
649 941 805 986 plenam,
831 940 943 985 qualis
971 940 1057 972 haec
1082 945 1134 971 est
1155 938 1329 982 Sibyllam
1367 937 1428 970 cfr.
1457 938 1500 976 ΙΙ,
1520 937 1588 970 679
1610 947 1681 979 sq.:

164 990 291 1033 „Talia
309 990 505 1022 vociferans
531 989 662 1033 gemitu
681 995 809 1021 tectum
832 999 933 1020 omne
952 986 1133 1031 replebat:
1169 988 1197 1026 Q
1213 997 1305 1017 uum
1339 983 1490 1016 subitum
1517 982 1682 1026 dictuque

165 1037 278 1070 oritur
296 1037 457 1069 mirabile
484 1038 714 1081 monstru1n.“
762 1034 862 1067 Adde
895 1036 938 1066 V.
971 1035 1012 1066 L.
1040 1033 1084 1065 ad
1114 1033 1173 1073 ΙΙΙ,
1200 1035 1255 1066 10.
1287 1031 1381 1074 Wr.)
1476 1030 1542 1063 125
1567 1030 1683 1071 Vulgo

164 1085 390 1118 Anchisiade
412 1090 483 1125 est,
510 1082 538 1116 ω’
563 1079 780 1126 Ἀγχισιάὸη.
827 1080 1055 1114 Anchisiada
1070 1079 1198 1111 Medic.
1218 1091 1237 1111 a
1256 1090 1300 1110 m.
1324 1089 1375 1122 pr.
1396 1084 1430 1108 et
1449 1083 1525 1108 tert.
1543 1076 1684 1115 Moret„

167 1131 366 1175 eleganter,
402 1130 547 1162 Heinsio
576 1130 711 1169 iudice3
754 1129 833 1173 quia
863 1135 986 1172 poetas
1018 1127 1162 1158 Latinos
1188 1125 1256 1158 alia
1283 1125 1332 1157 sic
1361 1124 1484 1156 ess'erre
1510 1122 1684 1154 videmus:

169 1181 198 1210 Ο
218 1178 392 1211 Aeacida.
418 1180 560 1210 Oresta.
586 1181 722 1217 Aeeta,
747 1182 786 1208 ut
803 1174 923 1207 docuit
944 1174 1003 1206 ille
1030 1173 1074 1205 ad
1102 1173 1200 1205 Ovid.
1232 1173 1295 1216 Ep.
1321 1173 1356 1212 3,
1385 1171 1439 1204 87.
1473 1170 1506 1209 8,
1527 1170 1548 1204 9
1579 1176 1612 1201 et
1639 1168 1684 1201 al.

166 1225 281 1259 Etiam
302 1236 378 1269 sup.
398 1225 455 1265 ΙΙΙ,
476 1224 544 1258 475
567 1224 741 1256 Anchisa.
791 1221 1027 1265 (Anchisiade
1047 1227 1098 1252 est
1117 1219 1266 1264 prior,
1290 1216 1517 1251 Anchiciada
1539 1214 1687 1248 altera

167 1271 319 1305 Medicei
342 1271 462 1303 lectio.
495 1272 589 1311 lVr.)
638 1274 666 1302 A
691 1270 885 1301 Burmanno
919 1267 1103 1300 admissam
1131 1266 1318 1299 lectionem
1345 1263 1529 1309 pristinam
1558 1261 1685 1294 iterum

169 1319 381 1364 expulimus:
411 1318 502 1351 conf.
522 1315 651 1353 v.348.
684 1317 748 1357 IX,
780 1317 860 1350 653.
909 1316 985 1347 Nec
1016 1320 1132 1346 tamen
1160 1313 1229 1345 hoc
1259 1312 1346 1344 adeo
1376 1316 1585 1355 perpetuum
1616 1320 1686 1352 pu-

168 1366 331 1407 tandum,
357 1376 426 1409 quo
445 1365 556 1396 minus
579 1370 614 1397 et
632 1362 782 1407 vulgaris
802 1362 891 1394 ratio
912 1361 997 1393 ferri
1016 1360 1140 1405 possit.
1189 1361 1239 1391 Ita
1269 1371 1301 1391 v.
1330 1370 1358 1390 c.
1382 1356 1459 1389 Val.
1482 1355 1533 1388 Fl.
1552 1356 1594 1396 ll,
1616 1356 1685 1389 427

168 1413 328 1447 Aeacide
346 1412 475 1455 legitur
498 1418 708 1444 constanter.
758 1408 994 1453 (Anchisiade
1010 1406 1191 1440 revocavit
1210 1405 1361 1438 Iahnius,
1410 1404 1486 1435 Hoc
1506 1403 1539 1434 in
1559 1413 1688 1445 genere

168 1459 329 1504 inprimis
360 1458 545 1491 videndum
559 1484 568 1499 ,

612 1458 670 1502 qui
705 1456 751 1489 sit
777 1455 941 1499 cuiusque
966 1455 1149 1498 scriptoris
1174 1464 1249 1485 mos
1277 1460 1309 1484 et
1343 1449 1570 1483 consuetudo.
1619 1447 1689 1481 Sed

169 1508 258 1540 haee
279 1506 356 1551 ipsa
379 1518 434 1537 res
453 1517 612 1548 magnam
638 1504 746 1537 habet
775 1501 1034 1540 difficultatem,
1070 1507 1105 1532 et
1133 1512 1236 1544 quum
1266 1510 1331 1543 pro
1361 1503 1457 1530 certo
1491 1495 1689 1528 habendum

171 1553 240 1596 sit,
265 1552 452 1597 Virgilium
476 1552 605 1584 dixisse
623 1551 808 1592 Anchisa,
833 1560 904 1581 non
923 1549 1035 1582 minus
1065 1553 1119 1580 est
1146 1554 1299 1589 certum,
1333 1544 1478 1577 eundem
1506 1541 1689 1586 scripsisse

172 1679 221 1712 ut
240 1702 250 1722 ,
292 1671 446 1722 quoties
480 1670 564 1722 ipse
603 1669 655 1707 ad
686 1670 833 1708 inferos
865 1680 905 1706 se

174 1729 432 1780 contulisset,
461 1728 576 1767 fratri
596 1727 703 1780 apud
728 1728 822 1765 deos
839 1726 906 1764 in-

174 1789 292 1827 terim
321 1787 474 1826 versari
496 1786 646 1824 liceret.
706 1785 813 1824 Hinc
845 1784 906 1821 al-

173 1847 300 1885 ternis
344 1845 455 1883 sedes
498 1850 690 1882 mutatae.
755 1842 908 1881 Fabula

175 1905 287 1943 varie
312 1917 333 1940 a
352 1903 480 1955 poetis
500 1908 673 1940 tractata
692 1908 731 1940 et
751 1906 906 1939 ornata.

176 1962 346 2003 Fundus
369 1961 512 2012 Odyss.
543 1964 576 2008 λ,
607 1962 700 2001 302.
738 1961 833 2006 303,
868 1963 908 1994 at

177 2035 216 2060 v.
239 2018 401 2057 Pindar.
421 2019 531 2056 Nem.
552 2019 604 2056 X.
645 2017 775 2055 Etiam
800 2015 907 2053 The-

179 2091 267 2116 seus
305 2082 345 2114 et
377 2076 570 2114 Hercules
617 2080 907 2120 memorantur,

180 2141 378 2186 quatenus
412 2134 562 2172 inferos
589 2132 733 2170 adiere.
769 2145 807 2169 v.
837 2130 907 2168 inf.

181 2196 264 2234 392
286 2205 392 2242 seqq.
451 2191 577 2229 Aliter
605 2190 653 2228 de
673 2189 824 2227 Theseo
850 2188 910 2225 sa-

179 2250 276 2289 bula
316 2255 519 2288 tractatur
553 2263 592 2287 v.
635 2249 730 2289 618.
796 2245 912 2283 Unde

181 2307 448 2360 reprehensus
491 2312 608 2359 poeta
650 2305 698 2342 ab
739 2303 912 2355 Hygino,

183 2380 246 2418 ap.
267 2366 364 2403 Gell.
388 2366 440 2413 X,
461 2368 526 2413 16,
551 2363 660 2415 quod
680 2363 804 2400 altero
827 2362 913 2398 loco

183 2423 381 2462 Theseum
400 2423 442 2461 in
458 2422 593 2460 inferis
619 2427 826 2458 aeternum
850 2431 914 2455 se-

186 2482 368 2530 dentem,
402 2481 443 2519 in
474 2481 600 2518 altero
630 2478 730 2526 hoc,
761 2478 803 2515 in
836 2490 914 2526 quo

185 2553 395 2578 versamur
411 2569 420 2587 ,
452 2541 553 2576 inter
571 2552 634 2574 eos
653 2537 910 2581 nominasset,

187 2600 258 2650 qui
279 2600 337 2636 acl
354 2597 502 2648 inferos
521 2597 698 2633 aclis-sent
722 2602 758 2630 et
785 2593 913 2630 redis-

187 2663 284 2692 sent.
348 2655 561 2693 Enimvero
581 2658 696 2704 poeta
713 2665 794 2689 non
810 2649 915 2687 The-

188 2726 299 2750 seum
320 2713 406 2749 iisse
428 2718 467 2749 et
487 2711 650 2749 rediisse
671 2715 823 2757 narrat,
849 2707 918 2744 sed

188 2770 413 2819 Pollucem,
443 2769 640 2806 Theseum
667 2774 798 2805 autem
824 2771 920 2803 tan-

188 2834 276 2866 tum
296 2828 351 2864 sic
382 2826 643 2873 memoravit,
675 2832 722 2863 ut
755 2824 802 2861 de
837 2823 919 2860 solo

190 2886 303 2924 aditu
324 2885 545 2922 inferorum
568 2889 712 2934 ageret.
774 2882 921 2919 Gram-

962 1665 1096 1704 marici
1115 1665 1310 1716 impetum
1329 1666 1514 1700 accurate
1535 1659 1692 1698 retudit

964 1725 1141 1763 Ouwens
1164 1723 1280 1762 Noct.
1300 1721 1396 1772 flag.
1416 1733 1453 1771 p.
1481 1721 1535 1759 20
1561 1732 1615 1768 sq.

1026 1780 1118 1824 124.
1156 1795 1252 1818 aras
1291 1778 1457 1816 tenebat.
1522 1775 1693 1814 Notissi-

965 1853 1054 1878 mus
1076 1837 1326 1890 precantium
1351 1850 1448 1873 mos,
1497 1834 1536 1872 Si
1558 1840 1694 1871 tamen

965 1904 1100 1935 teneas
1134 1896 1290 1944 animo,
1330 1893 1502 1931 Aeneam
1536 1892 1575 1928 in
1608 1891 1694 1942 ipso

966 1955 1101 1993 limine
1131 1953 1271 2004 templi
1311 1951 1374 1990 vel
1402 1951 1507 1988 antri
1542 1947 1694 1987 substi—

965 2013 1056 2050 tisse
1081 2010 1145 2063 (cf.
1167 2024 1263 2048 mox
1291 2023 1328 2046 v.
1357 2010 1457 2057 1513
1489 2013 1528 2044 et
1547 2006 1578 2043 is
1600 2018 1695 2057 per-

966 2076 1111 2122 petuus
1143 2074 1324 2105 veterum
1358 2080 1464 2114 mos,
1515 2064 1545 2101 si
1574 2063 1695 2100 deum

967 2124 1263 2177 consulerent),
1304 2124 1400 2162 dum
1432 2129 1544 2162 vates
1574 2132 1698 2172 pene-

968 2190 1098 2223 traret
1128 2183 1178 2220 ad
1212 2182 1381 2232 adytum
1402 2210 1413 2230 ,
1458 2194 1496 2218 v.
1528 2180 1596 2227 98,
1629 2191 1696 2214 ara

971 2242 1249 2281 difficultatem
1266 2239 1414 2277 habere
1434 2241 1586 2289 potest,
1619 2248 1698 2286 quo

970 2301 1059 2338 loco
1083 2299 1157 2336 sita
1181 2298 1315 2336 fuerit.
1375 2295 1554 2342 Scilicet,
1585 2293 1615 2330 si
1645 2291 1703 2329 acl

972 2360 1092 2396 limen
1144 2356 1409 2394 substiterunt
1451 2350 1701 2390 consulentes

974 2416 1119 2463 deum,
1153 2414 1202 2452 de
1230 2419 1317 2450 tota
1341 2425 1382 2449 ea
1411 2417 1527 2463 parte
1550 2407 1701 2446 intelli-

972 2472 1167 2525 gendum,
1197 2484 1296 2522 quae
1315 2481 1440 2520 usque
1461 2468 1512 2506 ad
1535 2466 1701 2517 adytum

972 2531 1168 2584 patebat,
1221 2528 1400 2578 adeoque
1438 2522 1618 2579 πρόναος
1665 2528 1704 2560 et

973 2590 1056 2641 ipse
1083 2585 1177 2634 ναὸς
1200 2587 1272 2624 sub
1292 2585 1425 2623 limine
1447 2589 1486 2621 et
1509 2582 1622 2620 aditu
1642 2581 1704 2618 in-

975 2645 1223 2698 telligendus.
1283 2644 1379 2681 Erat
1405 2648 1538 2679 autem
1567 2653 1634 2676 ara
1663 2638 1704 2674 in

976 2718 1160 2758 pronao:
1211 2716 1303 2739 nam
1353 2699 1480 2738 omnis
1525 2694 1704 2735 sacrificii

978 2764 1082 2802 ritus
1114 2763 1242 2800 sactus
1271 2758 1417 2812 passim
1447 2761 1538 2793 ante
1569 2752 1706 2790 aedem

979 2824 1235 2860 memoratur.

1041 2877 1309 2919 125—132.
1360 2871 1541 2909 Avemus
1594 2865 1635 2903 h.
1682 2864 1706 2901 l.
