1827 3436
512 223 630 270 AD
707 219 1235 267 LIBRUMI
1525 226 1620 271 241

107 359 232 408 Capta
265 355 385 406 igitur
421 351 539 400 urbe,
591 350 809 403 praecipua
842 362 886 385 ea
919 362 1017 387 cura
1051 347 1233 399 inprimis
1266 346 1539 395 sacerdotum,
1585 355 1627 386 ut

108 415 277 453 deorum
311 412 420 462 signa
456 415 496 447 et
532 423 628 448 vasa
660 410 772 447 salva
814 413 967 456 essent,
1010 406 1108 444 dum
1145 411 1214 442 aut
1254 403 1546 442 absconderent
1571 419 1628 453 ea,

110 478 183 511 aut
212 483 347 508 secum
378 473 648 519 asportarent.
709 466 774 504 Sic
808 464 990 503 Panthus
1025 462 1223 516 Apollinis
1253 461 1437 499 sacerdos
1467 462 1519 511 II,
1546 464 1628 504 319

107 528 304 581 fugiebat,
336 541 454 564 saera
478 540 605 563 manzo
637 526 841 576 victosque
872 524 965 561 cleos
989 523 1133 561 ferens.
1194 519 1400 570 Sigillatim
1433 518 1533 557 haec
1565 533 1629 556 sa-

108 588 161 627 tis
183 585 365 637 exposita
391 584 536 636 passim
571 589 665 622 sunt
695 597 717 620 a
755 581 851 621 viris
885 581 1034 630 doctis,
1074 578 1190 618 nobis
1223 590 1342 615 curae
1371 577 1470 626 suit,
1512 584 1559 615 ut
1582 577 1632 614 ad

108 645 287 685 rationes
314 656 406 681 suas
432 649 473 680 et
504 655 662 680 caussas
691 654 733 679 ea
760 640 1032 689 reserrentur,
1070 638 1191 688 idque
1220 635 1346 674 teneri
1370 635 1489 674 velim
1516 635 1632 672 etiam

111 704 155 742 in
184 702 282 740 aliis.
849 693 851 695 ’

465 972 1045 1035 EXCURSUS
1115 971 1292 1027 XIII

315 1104 389 1147 De
421 1105 477 1147 iis·
513 1121 628 1162 (succe
661 1103 849 1146 deorum
874 1099 1194 1159 praesentiam
1220 1102 1435 1153 arguunt.

237 1223 265 1271 l,
301 1220 559 1263 402—404.
621 1222 767 1268 Dixit,
820 1227 856 1256 et
895 1226 1074 1256 avertens
1119 1228 1232 1252 rosea
1279 1212 1427 1249 cervice
1464 1209 1635 1260 refulsit,

120 1281 439 1331 Ambrosicceqzte
479 1293 617 1317 comae
654 1279 840 1315 divinum,
869 1278 1011 1314 verlice
1043 1274 1202 1311 odorem
1241 1271 1472 1320 *Spiraverffi
1518 1267 1640 1317 pedes

120 1342 241 1379 vestis
275 1338 447 1388 defluxit
472 1338 530 1375 acl
554 1339 679 1385 imos,
729 1337 781 1373 L'l
818 1349 908 1372 wera
940 1337 1095 1370 incessu.
1118 1332 1258 1381 [Μαῖα]
1284 1328 1374 1364 dea.
1438 1325 1641 1363 Habemus

122 1398 189 1436 hic
211 1396 438 1448 exemplum
469 1394 710 1445 ἐπιφανείας
740 1392 914 1431 numinis
936 1391 1097 1442 insigne.
1157 1387 1245 1425 Non
1266 1383 1529 1422 iniucundum
1552 1382 1640 1430 erit,

123 1455 260 1509 paucis
289 1466 502 1506 exponere,
536 1452 680 1503 quibus
703 1451 831 1489 modis
852 1456 1007 1502 poetae,
1038 1446 1221 1497 Virgilius
1244 1450 1283 1480 et
1300 1443 1512 1489 Homerus,
1543 1439 1641 1478 deo-

123 1529 216 1553 ruin
245 1512 514 1565 praesentiam
536 1511 601 1549 vel
620 1511 662 1548 in
683 1510 858 1547 discessu
881 1512 1063 1559 arguant,
1093 1502 1275 1555 inprimis
1299 1514 1390 1538 cum
1410 1498 1487 1537 viri
1519 1497 1641 1546 docti,

125 1573 195 1624 qui
219 1572 258 1609 in
278 1570 389 1608 hunc
409 1571 543 1608 locum
567 1567 811 1616 inciderunt,
843 1565 1002 1617 sequuti
1023 1564 1104 1601 fere
1125 1562 1205 1599 sint
1228 1557 1437 1598 Heliodori
1459 1555 1643 1606 Aethiop.

125 1631 194 1669 lib.
225 1628 293 1669 ῙΠ.
324 1643 363 1681 Ρ.
390 1628 480 1670 148.
515 1625 594 1668 149
623 1626 683 1664 ed.
714 1624 881 1672 Bourd„
924 1638 945 1660 a
971 1636 1051 1673 quo
1084 1627 1218 1658 tamen
1250 1631 1331 1655 non
1358 1622 1439 1652 tam
1470 1613 1646 1666 poetic-as

126 1689 324 1736 rationes,
364 1700 485 1738 quam
522 1683 845 1736 theosophorum
882 1685 1108 1720 commenta
1138 1676 1320 1729 exposita
1360 1685 1440 1711 esse
1481 1671 1646 1710 manife-

129 1753 237 1785 stum
267 1745 324 1783 fit.

245 1803 413 1851 Quoties
443 1802 564 1853 igitur
594 1807 760 1852 poetae,
799 1797 1058 1850 inprimisque
1088 1791 1286 1846 principes
1315 1788 1401 1837 isti,
1434 1787 1528 1825 deos
1558 1799 1647 1823 cum

130 1862 366 1902 hominibus·
393 1873 507 1912 agere
537 1860 662 1910 iisque
688 1859 874 1896 interesse
905 1855 1079 1901 faciunt,
1119 1850 1273 1889 faciunt
1306 1852 1438 1885 autem
1462 1844 1541 1882 hoc
1562 1856 1648 1880 sae—

131 1922 315 1975 pissime,
361 1933 410 1956 ex
436 1924 597 1969 recepta
622 1917 728 1955 inter
756 1922 913 1954 veteres
945 1910 1223 1965 persuasione,
1257 1905 1309 1943 ad
1342 1917 1462 1955 quam
1491 1902 1650 1940 divinae

133 1987 303 2019 naturae
341 1977 489 2029 species
526 1976 704 2014 humana
734 1974 854 2025 vulgo
893 1970 1046 2009 credita
1072 1965 1292 2006 necessario
1323 1962 1469 2000 ducere
1501 1959 1651 2007 debuit,

133 2039 176 2077 in
198 2038 425 2091 priscorum
446 2035 658 2073 hominum
679 2040 718 2071 et
740 2031 911 2070 heroum
934 2029 1040 2077 vita,
1070 2027 1150 2065 fere
1175 2029 1221 2062 ut
1236 2023 1277 2060 in
1296 2021 1377 2059 vita
1402 2017 1652 2070 patriarcha-

135 2111 250 2145 rum,
284 2095 379 2133 deos
408 2093 581 2131 invisere
614 2092 819 2140 homines,
861 2089 912 2127 ad
942 2101 1008 2125 eos
1042 2085 1268 2129 devertere,
1310 2092 1449 2117 eorum
1478 2075 1651 2126 hospitio

137 2155 219 2204 uti,
258 2154 306 2191 iis
337 2165 572 2201 occurrere,
624 2161 826 2189 sermones
871 2161 916 2185 ac
954 2143 1116 2183 consilia
1166 2136 1461 2177 communicare
1496 2134 1653 2180 solitos,

139 2213 294 2265 quoties
310 2211 434 2263 igitur
467 2210 562 2248 deos
588 2209 694 2247 inter
714 2207 898 2246 homines
921 2216 1033 2255 agere
1061 2201 1285 2238 memorant
1306 2200 1466 2246 poetae:
1510 2191 1543 2227 si
1563 2204 1653 2227 nio-

141 2273 238 2311 dum
262 2270 424 2322 quidem
451 2275 491 2306 et
512 2268 713 2306 rationem
735 2268 964 2316 exponunt,
1009 2272 1128 2311 quam
1156 2262 1288 2293 tamen
1310 2263 1423 2302 saepe
1453 2248 1654 2286 declarare

142 2329 364 2382 negligunt:
396 2333 464 2365 aut
483 2326 549 2375 dii,
582 2326 657 2363 etsi
686 2338 776 2362 cum
804 2319 1034 2360 hominibus
1066 2320 1212 2367 agunt,
1241 2310 1358 2362 plane
1383 2321 1423 2345 se
1445 2305 1655 2344 hominum

140 2388 245 2428 visui
271 2401 351 2425 non
382 2385 622 2433 subiiciunt,
662 2388 733 2419 aut
760 2381 803 2418 in
838 2382 1096 2429 conspectum
1126 2370 1296 2410 veniunt
1325 2363 1546 2412 manifesti,
1588 2368 1657 2400 aut

142 2448 272 2485 forma
307 2444 485 2483 humana
522 2442 708 2480 adsumta
738 2452 777 2477 se
809 2438 1006 2483 offerunt,
1051 2437 1096 2470 ut
1129 2436 1261 2466 tamen
1289 2438 1405 2472 mox,
1448 2422 1589 2459 saltem
1618 2420 1657 2457 in

145 2505 331 2553 discessu,
369 2502 529 2540 divinae
556 2497 801 2552 praesentiae
829 2504 1118 2542 nonnunquam
1143 2486 1251 2537 signa
1279 2483 1408 2532 aliqua
1438 2480 1571 2517 edant.

261 2562 305 2600 In
337 2559 542 2599 variandis
576 2558 638 2596 his
665 2561 891 2607 sequuntur
917 2556 1057 2603 poetae
1086 2543 1300 2600 nonnullas
1328 2539 1423 2576 alias
1454 2536 1660 2588 opiniones

146 2622 251 2659 inter
269 2620 421 2672 priscos
448 2617 629 2655 homines
656 2620 859 2665 receptas:
900 2610 1028 2661 primo
1059 2602 1240 2654 quidem,
1272 2598 1367 2662 deos
1400 2594 1564 2647 propria
1590 2605 1660 2629 sua

147 2693 192 2717 ac
224 2678 362 2716 divina
393 2677 521 2728 specie
556 2690 576 2712 a
606 2672 846 2712 mortalibus
873 2674 942 2706 aut
972 2664 1132 2703 omnino
1173 2671 1281 2696 cerm
1324 2668 1403 2692 non
1442 2665 1554 2704 posse
1593 2655 1662 2687 aut

148 2751 231 2776 non
261 2736 334 2774 nisi
364 2749 455 2772 cun]
485 2734 593 2772 vitae
628 2729 876 2775 discrimine,
920 2725 1011 2777 (pro
1039 2716 1218 2768 exemplo
1249 2713 1298 2750 sit
1324 2708 1492 2762 Semele)
1525 2709 1662 2770 saltem

150 2796 361 2833 oculorum
396 2792 604 2839 caecitate,
648 2788 704 2842 (v.
733 2802 764 2829 c.
797 2786 945 2837 Hymn.
973 2782 1013 2819 in
1048 2772 1338 2836 Vener31883⁸
1360 2783 1398 2806 v.
1426 2767 1477 2805 ad
1511 2765 1662 2825 Callum.

150 2854 191 2891 L.
210 2854 252 2891 P.
275 2855 330 2893 82
350 2850 565 2903 Spanhem.
588 2855 627 2886 et
650 2847 701 2885 ad
729 2843 824 2896 102)
857 2856 935 2880 non
958 2849 1071 2890 posse
1106 2845 1234 2870 cernit
1256 2841 1342 2897 5pisl
1370 2826 1475 2895 sorte
1510 2824 1557 2892 a'b
1588 2821 1663 2859 ho-

151 2911 344 2958 minibus,
377 2908 445 2960 qui
467 2910 701 2958 θεοφιλεῖς,
738 2917 758 2939 a
784 2902 858 2940 diis
886 2897 1006 2937 amati
1036 2895 1184 2931 essent:
1226 2900 1340 2925 ουπω
1368 2899 1442 2936 γαρ
1468 2890 1665 2951 ἱποιὶντεσιγῖι

151 2969 247 3010 θεοὶ
270 2969 488 3019 φαίνονται
511 2965 703 3017 ἐναργεῖς,
736 2960 878 3011 OdySS-
918 2973 957 3002 π,
994 2954 1087 2994 151-
1147 2947 1297 2983 contra
1317 2945 1482 2994 zamma
1505 2940 1546 2978 δε
1566 2951 1665 2986 ‘PU‘

220 3038 430 3087 VIRGIL.
471 3035 611 3080 ToM.
649 3030 712 3077 II.
1324 3009 1388 3054 16
