1811 3388
458 237 873 291 AENEIDOS
913 236 1057 285 LIB.
1098 236 1189 295 III,
1231 239 1452 285 68-76
1618 239 1717 286 453

200 367 493 420 Nereidum
514 365 670 414 matri
695 372 748 413 et
768 367 1023 429 Neptuno
1048 364 1281 424 Aegaeo:

201 443 372 501 Quam
398 437 515 502 pius
536 435 876 495 Arcitenens,
916 448 1034 480 oras
1061 440 1112 480 et
1138 430 1291 478 litora
1317 429 1517 477 circum

197 511 502 568 Errantem,
538 509 771 568 Mycono
804 520 831 552 e
861 501 996 551 celsa
1019 504 1304 566 Gyaroque
1324 498 1562 560 revinxit,

268 594 347 639 76.
385 590 576 637 GYARo
617 600 776 635 CELSA
812 588 1158 641 MYcoNooUE

1651 433 1716 479 75

200 717 273 738 mus
292 712 432 747 tamen,
464 715 579 738 annon
607 702 747 748 poetica
775 702 913 736 ratione
940 698 1144 745 exquisitius
1174 704 1326 744 ponatur
1356 695 1718 740 genericumnomeu,

200 752 322 786 tellus.
371 752 480 784 Porro
503 751 537 782 in
559 750 622 783 tali
644 749 761 794 positu
775 776 783 791 ,
810 758 845 782 ut
865 750 922 782 hic
938 750 1044 781 verba
1066 746 1180 780 vides:
1207 748 1324 778 Sacra
1343 763 1386 768 --
1405 743 1618 788 gratissima
1645 740 1716 772 tel-

199 799 258 832 lus
275 798 475 831 Nereidum
496 798 606 830 matri
631 804 750 841 potest
773 798 866 829 Forte
892 796 1005 829 tellus
1022 793 1133 837 magis
1157 792 1308 836 placere.
1355 788 1548 835 (Videlicet
1566 786 1718 831 pessime

198 846 345 887 feceris,
373 845 402 877 si
418 857 483 890 pro
504 845 617 877 tellus
638 844 820 889 scripseris
842 844 978 883 Delus,
1013 841 1108 886 quod.
1133 844 1340 884 aspernatur
1372 835 1502 881 duplex
1529 834 1716 879 epitheton

198 905 306 926 sacra
330 899 365 925 et
381 893 606 937 gratissima.
655 892 699 923 Et
717 903 757 923 ex
778 890 1016 934 descriptione
1035 893 1196 921 accurata
1217 887 1262 920 73
1283 904 1326 909 —
1346 885 1402 919 77.
1432 882 1517 915 satis
1545 892 1717 926 apparere

198 940 247 973 ait
274 938 542 979 VVunderlich„
577 949 665 982 quae
696 937 927 981 intelligenda
958 935 1005 968 sit
1033 934 1156 967 insula.
1195 931 1292 973 JVr.)
1354 930 1481 963 Tellus
1509 936 1624 962 autem
1652 939 1715 970 pro

199 986 310 1019 insula
332 998 403 1019 non
422 986 511 1018 adeo
531 985 723 1017 abhorrere
752 985 795 1017 ab
827 996 889 1016 usu
923 989 1110 1027 poetarum
1141 980 1292 1013 videtur.
1340 977 1497 1010 Subeunt
1521 975 1627 1007 modo
1656 973 1716 1006 illa

199 1033 367 1067 animum:
404 1032 582 1065 Claudiam.
606 1031 649 1063 de
674 1032 715 1064 P..
743 1032 799 1064 Pr.
825 1032 850 1071 Ι,
885 1032 952 1065 192
988 1030 1092 1061 Ceres
1124 1027 1168 1059 de
1196 1025 1334 1059 Sicilia:
1372 1023 1475 1056 salve
1503 1021 1717 1068 gratissima

199 1081 320 1113 tellus.
369 1079 468 1112 ovid.
487 1080 572 1111 Met.
596 1079 654 1118 III,
678 1079 746 1112 597
779 1081 891 1111 Forte
915 1085 1049 1123 petens
1079 1074 1231 1114 Delum,
1265 1073 1349 1105 diae
1378 1070 1525 1103 telluris
1550 1069 1599 1101 ad
1632 1079 1717 1101 oras

198 1127 386 1172 Applicor.
409 1133 444 1158 et
463 1126 524 1158 inf.
550 1138 581 1158 v.
602 1126 668 1159 127
693 1123 829 1157 crebris
840 1123 947 1169 freta
968 1123 1111 1155 consita
1131 1122 1252 1153 terris.
1302 1117 1415 1150 Etiam
1442 1120 1595 1150 Senecae
1619 1115 1716 1147 locus

198 1175 304 1207 Herc.
324 1174 390 1205 sur.
414 1174 457 1208 15
483 1180 656 1216 tamquam
681 1184 723 1203 ex
740 1180 860 1204 nostro
888 1181 1071 1214 expressus
1101 1167 1261 1210 vulgatae
1281 1163 1445 1198 lectionis
1469 1162 1628 1196 columen
1649 1160 1716 1193 ha-

200 1221 275 1254 beri
296 1227 434 1264 potest:
462 1218 670 1264 Qaibasque
696 1219 798 1251 natis
823 1216 964 1250 mobilis
993 1216 1107 1248 tellus
1140 1215 1253 1246 stetit.
1347 1212 1393 1246 74
1429 1210 1615 1256 Neptunio
1648 1207 1715 1241 ali-

199 1275 285 1312 quot
304 1280 357 1311 ap.
382 1268 496 1299 Burm.
522 1266 612 1298 Pier.
632 1265 709 1297 Ald.
730 1277 783 1309 pr.
833 1265 1008 1307 ,Neptuno
1026 1262 1262 1305 Ennosigaeo
1294 1258 1408 1292 Titius
1440 1257 1524 1289 Loe.
1556 1262 1714 1288 controv.

200 1316 282 1354 XV,
306 1315 358 1349 16.
408 1315 539 1347 Versus
574 1312 669 1344 haud
698 1311 802 1344 dubie
832 1324 872 1343 ex
902 1317 1006 1354 poeta
1037 1308 1183 1352 antiquo
1215 1312 1395 1350 arreptus,
1429 1304 1523 1336 forte
1552 1302 1645 1335 idem
1674 1313 1715 1333 ex

199 1363 335 1395 Graeco
358 1372 489 1393 versus.
506 1372 536 1392 v.
561 1360 779 1391 Excurs.1V.
875 1359 920 1392 75
950 1358 1058 1403 prius
1085 1355 1338 1398 interpretatur
1369 1353 1538 1394 Pompon.
1569 1349 1650 1381 Sab.
1683 1355 1716 1380 et

200 1415 358 1440 notatum
379 1418 444 1451 pro
468 1419 539 1439 var.
566 1406 648 1438 lect.
677 1404 712 1437 in
741 1403 936 1441 Servianis3
971 1403 1089 1446 sicque
1119 1401 1255 1444 aliquot
1283 1399 1389 1432 Pierii
1420 1404 1561 1440 tresque
1588 1397 1716 1436 Burm.,

200 1455 294 1499 quod
316 1454 382 1487 iam
402 1453 557 1486 Broukh.
580 1453 768 1496 probarat,
805 1460 838 1484 et
860 1451 964 1483 docte
990 1447 1180 1481 illustravit
1212 1448 1325 1478 Burm.
1359 1444 1536 1478 Secundus
1565 1443 1609 1474 ad
1642 1445 1716 1474 An-

200 1502 287 1535 thol.
308 1501 333 1536 l.
353 1513 383 1536 c.
401 1514 435 1545 p.
456 1503 537 1540 460,
563 1505 603 1531 ut
622 1499 668 1531 sit
683 1500 792 1544 prius
812 1506 1010 1532 errantem.
1055 1496 1110 1528 Ad
1128 1501 1243 1526 terrae
1265 1500 1380 1525 tamen
1409 1498 1539 1523 motum
1559 1490 1622 1521 sub
1642 1492 1715 1521 Au-

200 1555 326 1592 gusto,
351 1547 380 1580 si
400 1546 619 1580 Tertulliano
639 1546 724 1578 fides
747 1545 928 1583 habenda,
961 1544 1088 1576 facturn
1118 1540 1244 1573 referri
1270 1539 1326 1572 hic
1353 1537 1441 1570 nihil
1469 1542 1601 1582 potest.
1650 1548 1716 1568 ar-

200 1597 392 1640 quitenens
410 1594 576 1628 scribitur
596 1592 630 1624 in
650 1591 778 1624 Medic.
800 1598 835 1623 et
864 1591 960 1626 aliis;
982 1603 1013 1622 v.
1033 1588 1154 1621 Heius.
1185 1589 1233 1630 (et
1261 1586 1404 1620 VVakef.
1436 1584 1479 1617 ad
1505 1584 1645 1616 Lucret.
1670 1583 1714 1623 V,

198 1642 277 1677 554.
310 1641 403 1683 JVr.)
450 1642 581 1674 Actius
599 1640 810 1672 arcitenens
839 1638 929 1671 coni.
958 1636 1116 1679 Cuning.,
1143 1646 1266 1679 parum
1292 1631 1455 1665 feliciter.
1549 1631 1595 1665 76
1621 1629 1716 1662 Ordo

198 1689 383 1721 verborum
402 1688 445 1720 ab
464 1687 582 1720 Heins.
600 1685 752 1718 Medicei
770 1685 985 1729 aliorumque
1000 1710 1009 1725 ,
1034 1683 1139 1715 etiam
1169 1680 1427 1719 Pierianorum,
1452 1677 1555 1710 codd.
1589 1683 1715 1709 aucto-

200 1736 306 1769 ritate
326 1736 380 1767 est‘
393 1735 586 1767 restitutus.
637 1732 753 1776 Vulgo
777 1732 812 1764 in
830 1731 970 1775 scriptis
1004 1737 1038 1763 et
1067 1728 1171 1762 editis
1199 1728 1268 1770 leg.
1300 1728 1458 1770 ,Mycone
1484 1724 1583 1756 celsa
1611 1724 1716 1767 Gya-

199 1795 324 1828 roque.
375 1782 463 1819 Sed,
493 1783 651 1823 Bchone
674 1779 839 1811 vitiosum
870 1790 967 1815 esse,
1005 1785 1038 1810 et
1069 1775 1202 1809 Pierius
1232 1773 1321 1806 vidit
1353 1779 1389 1805 et
1415 1770 1518 1804 facile
1545 1776 1714 1815 apparet3

198 1836 253 1862 est
274 1829 363 1861 enim
385 1825 590 1867 Mv'uovog3
617 1833 732 1859 ortum
751 1826 862 1866 forte,
889 1832 925 1857 ut
946 1824 1066 1857 Heius.
1086 1823 1195 1863 vidit,
1231 1833 1273 1853 ex
1294 1822 1451 1863 Mycono
1476 1831 1494 1850 e
1516 1818 1634 1858 celsa,
1671 1817 1715 1849 cf.

198 1876 300 1909 eund.
324 1875 368 1908 ad
387 1875 485 1908 Ovid.
508 1876 570 1919 Ep.
595 1874 697 1913 XXI,
718 1874 774 1914 81,
795 1872 993 1916 docentque
1012 1871 1048 1903 id
1068 1882 1138 1903 var.
1163 1869 1244 1901 lect.
1268 1879 1286 1899 e
1309 1869 1422 1899 Burm.
1451 1864 1554 1898 codd.
1584 1866 1715 1906 ffcho-

198 1924 290 1963 noe,
329 1923 514 1961 Μίοοηεε,
550 1921 766 1961 Miclzonoe,
800 1919 838 1951 it.
868 1921 924 1952 M.
953 1918 1096 1951 excelsa
1126 1924 1163 1949 et
1191 1915 1308 1955 celsa,
1348 1920 1386 1945 ut
1415 1911 1450 1943 in
1479 1910 1586 1944 Goth.
1646 1910 1715 1943 Sed

198 1971 316 2003 Heius.
334 1980 442 2014 porro
462 1968 691 2012 rescripserat
711 1968 837 2008 Gyaro
857 1979 876 1997 e
894 1966 1013 2006 celsa,
1039 1965 1115 1997 sine
1133 1962 1226 1995 libro
1241 1987 1249 2002 ,
1285 1960 1379 2005 quod
1399 1965 1494 1991 recte
1512 1959 1627 1990 Burm.
1653 1968 1715 1989 re—

198 2017 312 2061 liquit.
364 2018 503 2059 <Parum
531 2021 694 2048 accurate
723 2013 759 2046 h.
790 2013 813 2045 l.
847 2012 1015 2056 Heynius.
1064 2012 1102 2042 In
1132 2008 1332 2041 Heinsianis
1363 2005 1464 2038 libris
1501 2005 1629 2047 legitur
1661 2003 1714 2035 vel

200 2066 380 2108 Myconoe
402 2063 500 2095 celsa
522 2064 734 2105 Gyaroque,
760 2059 850 2092 utin
871 2059 949 2102 ipso
977 2057 1161 2096 Mediceo,
1196 2055 1252 2087 vel
1282 2056 1440 2099 fllycono
1468 2064 1495 2084 ο.
1530 2053 1591 2092 G.‚
1626 2062 1714 2094 quae

200 2110 306 2143 lectio
323 2110 365 2141 iis
386 2109 507 2142 deberi
529 2109 676 2148 videtur,
705 2107 762 2151 qui
778 2109 958 2150 Myconoe
975 2105 1135 2138 vitiosum
1153 2114 1229 2136 esse
1247 2100 1486 2144 intelligentes
1509 2109 1579 2130 non
1599 2097 1714 2130 anirn—

984 2200 1137 2249 Aegaeo
1159 2196 1260 2234 mari
1289 2200 1500 2246 poetarum
1533 2192 1713 2229 narratio

985 2255 1257 2302 consecravit,
1287 2259 1335 2290 ut
1366 2251 1430 2289 vel
1458 2264 1508 2288 ex
1537 2250 1713 2288 Homero

986 2320 1148 2361 notum,
1180 2326 1218 2350 v.
1248 2309 1375 2347 Guell.
1408 2309 1473 2347 vel
1512 2306 1713 2360 Cerdam).

989 2372 1231 2410 Gratissima
1259 2368 1305 2405 iis
1338 2366 1478 2414 Delus,
1527 2379 1575 2403 ex
1604 2366 1712 2402 anti—

198 2217 443 2254 eonumque,
481 2201 691 2253 Cyclades,
731 2200 926 2249 consedit,

198 2260 447 2316 ἐστήρικται,
478 2260 559 2298 fixa
579 2265 649 2296 est.
710 2257 809 2295 nihil
839 2272 925 2294 am-

197 2320 313 2372 plius.
373 2320 477 2356 mari
495 2318 624 2354 medlo
643 2328 712 2353 seu
733 2316 825 2366 quia
846 2316 926 2366 Cy-

198 2378 358 2415 cladum
390 2376 522 2415 media
559 2374 697 2412 habita
740 2373 925 2423 dictaque

197 2435 414 2484 Straboni,
454 2433 579 2472 Plinio
620 2439 660 2470 et
696 2431 843 2468 Solino.
887 2444 925 2468 v.

198 2493 346 2542 Cema,
396 2499 437 2530 et
477 2491 580 2529 adde
617 2489 768 2527 Gallim.
804 2489 843 2525 in
884 2489 925 2525 Ι).

196 2554 293 2600 300,
325 2549 462 2602 Steph.
498 2550 592 2601 Byz.
619 2548 661 2585 in
685 2550 821 2598 Δῆλος
851 2546 927 2583 ibi-

197 2621 274 2659 que
306 2609 460 2660 Intpp.‚
502 2620 571 2644 seu
600 2604 852 2656 simpliciter,
883 2604 924 2640 in

199 2667 302 2715 alto3
337 2666 457 2704 modo
490 2662 679 2715 loquendi
708 2661 924 2700 Homerico

199 2723 341 2774 Odyss.
363 2725 397 2770 δ,
417 2722 511 2771 844,
534 2728 580 2760 ut
610 2734 705 2758 mox
734 2719 782 2757 de
807 2720 924 2756 Creta

199 2794 238 2818 V.
261 2780 352 2821 104.
384 2779 478 2833 (hoc
497 2779 656 2828 verius3
695 2778 776 2816 vid.
806 2778 856 2825 Q.
878 2777 924 2814 V.

199 2837 323 2885 XIIII.
350 2837 389 2884 5,
427 2837 468 2875 I).
520 2835 637 2887 lVr.)
702 2836 925 2872 *Nereidum

199 2897 319 2931 matri
333 2924 342 2940 ,
365 2894 522 2943 Doridi,
549 2901 589 2931 et
614 2895 804 2943 Neptuno
825 2892 926 2944 (Ae-

196 2966 301 3002 gaeo
322 2951 454 3000 dicto,
485 2951 593 3000 quod
625 2950 707 2988 eius
729 2950 862 2988 sedem
887 2950 925 2986 in

985 2444 1063 2480 qua
1086 2428 1240 2466 sabula:
1270 2439 1307 2463 v.
1329 2425 1424 2462 Exc.
1445 2423 1495 2461 IV
1526 2423 1577 2461 ad
1601 2422 1641 2461 h.
1672 2436 1712 2460 v.

985 2487 1052 2528 75.
1085 2489 1209 2537 pins,
1243 2489 1382 2534 gratus
1414 2495 1501 2532 erga
1527 2481 1712 2529 insulam,

985 2547 1110 2596 φίλην
1132 2539 1332 2595 τιθήνην;
1367 2539 1410 2576 in
1431 2553 1509 2590 qua
1532 2545 1618 2576 erat
1637 2552 1712 2576 na-

986 2609 1061 2640 tus.
1129 2602 1207 2638 Res
1257 2599 1323 2637 vel
1379 2611 1429 2634 ex
1484 2595 1712 2634 Callimachi

984 2661 1146 2711 Hymno
1175 2659 1216 2695 in
1248 2656 1388 2693 Delum
1424 2661 1531 2693 nota.
1590 2656 1711 2691 Arci-

982 2727 1114 2755 tenens
1145 2729 1229 2754 vox
1256 2715 1335 2752 iam
1364 2713 1514 2750 Naevio
1550 2712 1711 2761 aliisque

982 2775 1112 2828 poetis
1140 2780 1231 2811 ante
1252 2771 1455 2821 Virgilium
1479 2771 1710 2819 frequenta-

984 2840 1037 2871 ta.
1057 2846 1095 2870 v.
1117 2832 1205 2869 loca
1228 2845 1289 2881 ap.
1319 2828 1494 2866 Mam-ob.
1524 2828 1586 2873 VI,
1616 2827 1640 2867 5
1671 2832 1710 2862 et

985 2891 1186 2928 Ursinum.
1247 2901 1335 2924 oms
1354 2895 1388 2922 et
1407 2887 1539 2923 lillora
1563 2887 1709 2921 cim-mn

987 2950 1196 2986 Errantem
1234 2946 1437 2982 illustrant
1488 2943 1551 2979 illa
1602 2939 1706 2991 apud
