1779 3420
131 233 232 279 400
536 224 1273 277 EXCURSUSII

130 358 310 396 carmina
349 369 400 396 ex
431 357 478 395 iis
513 356 711 394 aetatibus
740 366 923 404 magnam
953 351 1062 404 apud
1089 354 1370 404 grammaticos
1400 355 1653 405 sequentium

130 416 382 454 saeculorum
421 415 703 454 auctoritatem
746 412 940 450 habeant:
990 411 1138 449 Zosimi
1175 418 1302 450 aetate
1333 413 1406 452 vix
1440 413 1655 465 quicquam

129 474 314 513 Pisandri
346 472 496 512 Rhodii
528 478 565 510 et
602 470 825 522 aequalium
852 474 1075 520 supererat.
1143 470 1232 508 Hoc
1262 471 1390 509 altero
1424 470 1547 522 igitur
1580 471 1655 509 ad-

129 532 271 581 misso,
313 531 560 570 conveniunt
588 530 694 567 inter
720 541 759 565 se
795 527 951 575 omnia,
991 540 1064 564 nec
1085 528 1299 578 quicquam
1328 529 1493 577 turbat,
1535 543 1655 581 prae-

130 596 318 641 terquam
347 589 539 627 Macrobii
570 593 641 625 aut
670 585 942 636 grammatici,
985 598 1103 636 quem
1133 586 1198 623 ille
1225 586 1457 637 loquentem
1483 587 1653 636 inducit,

131 654 349 697 assertum,
395 648 504 697 quod
528 652 698 692 temere,
743 656 818 680 nec
845 643 1027 694 inspecto
1068 644 1287 694 Pisandro,
1325 650 1364 682 et
1392 645 1492 682 falsa
1527 646 1576 684 de
1608 659 1654 683 eo

133 711 327 757 concepta
356 704 562 756 opinione,
605 708 675 740 aut
704 701 871 739 confuso
899 701 1083 738 Pisandri
1108 702 1290 751 nomine,
1325 717 1419 740 cum
1443 704 1654 754 antiquum

130 765 245 802 illum
278 762 483 800 Rhodium
515 767 674 813 poetam
705 765 911 797 auctorem
943 772 1024 796 esse
1056 766 1243 810 putaret,
1297 761 1504 812 prolatum
1536 763 1655 800 fuisse

132 822 387 860 manifestum
418 819 525 871 fit*).
585 819 757 856 Potuere
788 823 924 855 tamen
954 817 997 854 in
1036 830 1082 855 eo
1121 818 1227 856 inter
1258 825 1391 856 cetera
1421 832 1485 856 res
1513 820 1655 858 Troia-

132 893 206 918 nae
243 878 412 929 exponi,
454 884 516 926 et,
559 882 764 927 tamquam
796 889 817 912 a
856 876 1040 913 Romano
1075 882 1262 925 auctore,
1306 878 1389 915 sive
1420 877 1472 915 ad
1504 878 1655 930 Virgilii

133 936 384 988 exemplum,
433 935 516 972 sive
548 935 600 972 ad
631 946 885 972 communem
913 934 1110 972 narrandi
1139 948 1315 984 morem,
1362 935 1489 986 qualis
1528 937 1578 974 ab
1609 950 1655 974 eo

132 995 225 1033 inde
256 1000 435 1045 tempore
465 993 572 1031 inter
593 993 798 1030 Romanos
828 993 926 1040 suit,
959 992 1163 1031 constitui.
1225 993 1279 1030 De
1306 993 1454 1031 Sinone
1483 1001 1523 1032 et
1553 1008 1655 1045 equo

132 1053 327 1100 Troiano,
371 1063 472 1102 quae
506 1050 679 1104 exempli
707 1050 795 1090 loco
824 1064 847 1088 a
877 1050 1082 1089 Macrobio
1120 1057 1419 1100 memorantur,
1461 1066 1534 1091 suo
1566 1053 1655 1091 loco

132 1110 369 1150 videbimus.

531 1393 1117 1453 EXCURSUS
1175 1394 1239 1450 ΙΙ

365 1507 572 1552 Noctis
614 1527 726 1568 per
776 1510 996 1553 coelum
1046 1510 1431 1553 transvectio.

251 1626 297 1675 II,
330 1627 368 1667 8.
401 1629 438 1668 9.
481 1636 517 1665 et
557 1629 643 1665 iam
682 1642 762 1665 nox
804 1627 976 1665 humida
1017 1627 1125 1664 coelo
1158 1628 1428 1678 Praecipitat.
1492 1625 1526 1664 A
1557 1625 1658 1664 Solis

134 1698 280 1731 curru,
319 1690 367 1722 ut
396 1685 560 1723 omnino
593 1685 641 1724 de
671 1688 827 1737 poetica
856 1685 934 1723 hac
963 1685 1120 1722 ratione
1152 1685 1276 1722 semel
1305 1698 1560 1732 moneamus,
1601 1683 1656 1721 si—

134 1742 237 1779 milis
267 1742 395 1794 imago
427 1744 615 1782 traducta
647 1743 698 1781 ad
730 1744 921 1792 Noctem,
952 1748 1000 1781 ut
1030 1743 1065 1780 ei
1096 1743 1331 1781 tribuantur
1361 1745 1468 1794 equi,
1501 1757 1653 1790 curru-s,

135 1802 250 1848 axis,
285 1801 412 1838 orbita
443 1815 515 1852 per
547 1801 722 1851 coelum,
762 1816 801 1840 V.
834 1816 866 1840 e.
899 1801 967 1839 ins.
1000 1801 1063 1849 ΙΙΙ,
1096 1802 1181 1843 512
1209 1801 1381 1838 nec-(lum
1410 1800 1540 1837 orbem
1570 1814 1657 1837 me.-

134 1859 251 1895 ‹lc'mn
284 1860 384 1895 Nox
422 1859 529 1896 horis
557 1869 651 1897 [zela
684 1859 858 1897 subibat.
893 1873 933 1898 v.
966 1858 1017 1897 ad
1046 1858 1192 1899 Tibull.
1222 1859 1276 1907 II,
1312 1862 1355 1907 1,
1391 1860 1458 1900 87.
1518 1858 1658 1908 Itaque

137 1917 239 1953 Nox
267 1919 536 1966 praecipitat,
593 1918 666 1955 sub
697 1918 819 1956 finem
851 1917 1043 1956 decursus
1083 1930 1156 1969 per
1187 1917 1342 1955 coelum
1371 1916 1414 1954 :in
1445 1929 1554 1954 mare
1585 1915 1657 1953 de—

136 1973 313 2024 scendit,
344 1974 685 2024 quemadmodum
710 1975 893 2027 procedit
923 1976 982 2013 acl
1015 1975 1244 2023 Oceanum,
1278 1975 1456 2012 medium
1485 1976 1560 2012 iler
1586 1988 1657 2011 ex-

136 2033 219 2081 egit
251 2037 292 2069 et
333 2032 497 2082 similia,
539 2033 782 2085 omninoque
825 2033 877 2071 ad
914 2033 1021 2071 hanc
1056 2033 1228 2071 sormam
1271 2032 1426 2070 dictum
1458 2031 1659 2084 accipien—

138 2089 258 2138 dum,
290 2089 323 2127 si
354 2091 453 2127 Nox
484 2093 630 2138 oritur,
664 2094 806 2143 sut-gil,
837 2094 960 2141 venit,
995 2091 1044 2129 ab
1079 2091 1262 2129 Oceano:
1292 2091 1363 2129 inf.
1395 2104 1434 2129 v.
1468 2091 1553 2132 250
1579 2092 1658 2127 ruit

142 2148 303 2184 Oceano
332 2149 448 2197 Nox,
484 2148 588 2186 adde
616 2149 726 2188 Iliad.
764 2155 810 2198 θ,
844 2148 952 2199 486;
992 2156 1032 2187 et
1062 2149 1225 2200 quidem
1255 2149 1377 2187 modo
1406 2148 1486 2197 sic,
1530 2154 1579 2186 ut
1608 2147 1657 2185 ab

135 2205 301 2244 Oriente
331 2206 422 2243 Nox
454 2207 565 2256 quasi
597 2208 699 2246 Solis
729 2208 896 2258 vestigia
924 2214 1092 2259 premat,
1124 2207 1258 2254 modo,
1289 2213 1336 2244 ut
1355 2207 1445 2245 Sole
1466 2206 1508 2244 in
1527 2206 1657 2244 Ocea-

136 2277 236 2300 num
270 2263 536 2302 descendente
570 2265 660 2302 Nox
703 2265 752 2302 ab
782 2265 860 2302 hac
885 2265 973 2317 ipsa
1004 2272 1119 2317 parte
1150 2265 1382 2303 Occidentis
1413 2270 1569 2315 surgat,
1613 2269 1659 2301 ut

137 2321 247 2372 apud
283 2322 402 2360 Ovid.
434 2323 506 2359 lux
536 2323 648 2360 tarde
679 2324 862 2364 decedere
892 2326 983 2361 wisa
1002 2325 1312 2374 praecipitatur
1336 2325 1455 2374 aquis
1480 2330 1516 2359 et
1540 2323 1658 2373 aquis

139 2380 240 2415 [Vox
275 2382 404 2429 sut-gil
435 2379 486 2417 ab
529 2381 667 2420 isdem.
728 2381 920 2419 Similiter
950 2382 1093 2418 Sidera
1138 2383 1253 2432 sequi
1293 2382 1441 2418 Noctis
1480 2393 1653 2426 currum,

137 2441 178 2473 et
208 2435 370 2486 singulis
406 2437 594 2475 noctibus
635 2451 757 2476 cursu
797 2451 868 2490 per
895 2439 1051 2476 coelum
1082 2445 1225 2476 exacto
1255 2452 1374 2475 mam>
1407 2438 1582 2473 occulere
1621 2442 1659 2473 et

138 2495 180 2530 in
215 2508 324 2530 mare
349 2495 559 2543 immergi,
606 2495 849 2546 omninoque
880 2495 989 2543 labi,
1026 2498 1260 2545 procedere,
1302 2508 1433 2542 ruere,
1477 2506 1658 2532 sermone

137 2557 349 2603 poetarum
379 2559 585 2602 receptum
616 2559 696 2600 est,
737 2559 776 2589 et
807 2553 902 2590 hinc
933 2553 1106 2590 mediani
1148 2559 1308 2591 noctem
1354 2553 1409 2589 ita
1440 2551 1657 2599 declarant,

138 2614 186 2646 ut
216 2609 373 2655 sidera,
419 2610 631 2660 praecipue
662 2610 1012 2660 septentrionalia,
1057 2611 1215 2647 eulmen
1255 2611 1357 2647 coeli
1384 2623 1430 2646 ac
1465 2610 1658 2647 verticmn

138 2680 207 2703 seu
245 2666 381 2717 polum
412 2675 559 2713 lettere,
604 2680 699 2703 mox
727 2668 820 2704 inde
847 2682 1027 2716 vergere,
1062 2682 1181 2705 cursa
1206 2668 1353 2704 declivi
1377 2667 1503 2715 fiori,
1540 2674 1658 2705 nocte

138 2724 215 2761 iam
245 2730 385 2760 exacta
417 2725 589 2760 occidere
621 2724 831 2773 dicantur,
880 2738 918 2762 v.
955 2739 987 2762 c.
1023 2724 1062 2762 in
1092 2725 1168 2761 illis
1199 2725 1334 2763 Ovidii
1364 2723 1458 2761 Met.
1490 2725 1542 2773 X,
1573 2724 1658 2766 446

147 2783 323 2832 Tempus
344 2790 451 2828 elul,
487 2796 563 2832 quo
589 2790 734 2819 cmxc-ta
764 2782 905 2830 silent,
937 2784 1113 2834 iulerque
1147 2784 1308 2820 'J'rc‘otles
1338 2782 1526 2821 Flcxerat
1552 2782 1657 2821 obli-

232 2918 256 2962 ')
282 2919 384 2951 Nunc
412 2916 514 2949 video
543 2916 586 2949 de
619 2915 791 2949 Macrobii
818 2927 937 2950 errore
963 2917 1175 2962 disputatum
1197 2917 1265 2952 iam
1288 2931 1363 2952 esse
1395 2920 1484 2953 alo.
1506 2918 1657 2952 Merrick

137 2966 182 3001 ad
202 2964 403 3011 Tryphiod.
424 2964 515 2997 Diss.
536 2976 571 3010 p.
594 2964 712 2998 LXIV
735 2975 810 3009 sqq.
