<?xml version="1.0" encoding="UTF-8"?>
<!DOCTYPE html PUBLIC "-//W3C//DTD XHTML 1.0 Transitional//EN"
    "http://www.w3.org/TR/xhtml1/DTD/xhtml1-transitional.dtd">
<html xmlns="http://www.w3.org/1999/xhtml" xml:lang="en" lang="en">
 <head>
  <title>
</title>
<meta http-equiv="Content-Type" content="text/html;charset=utf-8" />
  <meta name='ocr-system' content='tesseract 3.04.00' />
  <meta name='ocr-capabilities' content='ocr_page ocr_carea ocr_par ocr_line ocrx_word'/>
</head>
<body>
  <div class='ocr_page' id='page_1' title='image "./publiusvirgilius02virguoft/publiusvirgilius02virguoft_1013.png"; bbox 0 0 1811 3388; ppageno 0'>
   <div class='ocr_carea' id='block_1_1' title="bbox 473 209 1585 277">
    <p class='ocr_par' dir='ltr' id='par_1_1' title="bbox 473 209 1585 277">
     <span class='ocr_line' id='line_1_1' title="bbox 473 209 1585 277; baseline 0.01 -23"><span class='ocrx_word' id='word_1_1' title='bbox 473 209 596 255; x_wconf 80' lang='lat' dir='ltr'>AD</span> <span class='ocrx_word' id='word_1_2' title='bbox 669 209 1097 262; x_wconf 87' lang='lat' dir='ltr'><strong>LIBRUM</strong></span> <span class='ocrx_word' id='word_1_3' title='bbox 1160 218 1237 265; x_wconf 94' lang='lat' dir='ltr'>VI</span> <span class='ocrx_word' id='word_1_4' title='bbox 1458 230 1585 277; x_wconf 88' lang='lat'>1005</span> 
     </span>
    </p>
   </div>
   <div class='ocr_carea' id='block_1_2' title="bbox 418 386 1269 450">
    <p class='ocr_par' dir='ltr' id='par_1_2' title="bbox 418 386 1269 450">
     <span class='ocr_line' id='line_1_2' title="bbox 418 386 1269 450; baseline 0.009 -7"><span class='ocrx_word' id='word_1_5' title='bbox 418 386 1137 450; x_wconf 87' lang='lat' dir='ltr'>EXCURSUS</span> <span class='ocrx_word' id='word_1_6' title='bbox 1206 395 1269 450; x_wconf 95' lang='lat' dir='ltr'>II</span> 
     </span>
    </p>
   </div>
   <div class='ocr_carea' id='block_1_3' title="bbox 142 513 1536 628">
    <p class='ocr_par' dir='ltr' id='par_1_3' title="bbox 142 513 1536 628">
     <span class='ocr_line' id='line_1_3' title="bbox 142 513 1536 582; baseline 0.006 -28"><span class='ocrx_word' id='word_1_7' title='bbox 142 513 374 554; x_wconf 76' lang='lat' dir='ltr'><em>Locorum</em></span> <span class='ocrx_word' id='word_1_8' title='bbox 408 513 530 555; x_wconf 79' lang='lat' dir='ltr'>circa</span> <span class='ocrx_word' id='word_1_9' title='bbox 561 514 802 556; x_wconf 69' lang='lat' dir='ltr'>Avernum</span> <span class='ocrx_word' id='word_1_10' title='bbox 832 515 1092 573; x_wconf 74' lang='lat' dir='ltr'>descriptio,</span> <span class='ocrx_word' id='word_1_11' title='bbox 1123 535 1198 562; x_wconf 75' lang='lat' dir='ltr'>seu</span> <span class='ocrx_word' id='word_1_12' title='bbox 1228 526 1536 582; x_wconf 62' lang='lat' dir='ltr'>topographia</span> 
     </span>
     <span class='ocr_line' id='line_1_4' title="bbox 665 571 1015 628; baseline 0.011 -16"><span class='ocrx_word' id='word_1_13' title='bbox 665 572 776 628; x_wconf 75' lang='lat' dir='ltr'>agri</span> <span class='ocrx_word' id='word_1_14' title='bbox 809 571 1015 616; x_wconf 76' lang='lat' dir='ltr'>Cumani.</span> 
     </span>
    </p>
   </div>
   <div class='ocr_carea' id='block_1_4' title="bbox 73 673 1589 2968">
    <p class='ocr_par' dir='ltr' id='par_1_4' title="bbox 73 673 1589 2968">
     <span class='ocr_line' id='line_1_5' title="bbox 201 673 1589 733; baseline 0.01 -22"><span class='ocrx_word' id='word_1_15' title='bbox 201 674 307 712; x_wconf 86' lang='lat' dir='ltr'>Libri</span> <span class='ocrx_word' id='word_1_16' title='bbox 337 673 458 712; x_wconf 85' lang='lat' dir='ltr'>huius</span> <span class='ocrx_word' id='word_1_17' title='bbox 488 675 560 713; x_wconf 72' lang='lat' dir='ltr'>vix</span> <span class='ocrx_word' id='word_1_18' title='bbox 590 676 683 713; x_wconf 86' lang='lat' dir='ltr'>satis</span> <span class='ocrx_word' id='word_1_19' title='bbox 712 691 854 728; x_wconf 81' lang='lat' dir='ltr'>magna</span> <span class='ocrx_word' id='word_1_20' title='bbox 886 691 965 716; x_wconf 87' lang='lat' dir='ltr'>esse</span> <span class='ocrx_word' id='word_1_21' title='bbox 994 686 1127 730; x_wconf 84' lang='lat' dir='ltr'>potest</span> <span class='ocrx_word' id='word_1_22' title='bbox 1156 684 1344 733; x_wconf 82' lang='lat' dir='ltr'>suavitas,</span> <span class='ocrx_word' id='word_1_23' title='bbox 1373 685 1449 724; x_wconf 90' lang='lat' dir='ltr'>nisi</span> <span class='ocrx_word' id='word_1_24' title='bbox 1479 686 1589 725; x_wconf 84' lang='lat' dir='ltr'>loeo-</span> 
     </span>
     <span class='ocr_line' id='line_1_6' title="bbox 84 732 1589 791; baseline 0.008 -20"><span class='ocrx_word' id='word_1_25' title='bbox 84 747 176 772; x_wconf 86' lang='lat' dir='ltr'>rum</span> <span class='ocrx_word' id='word_1_26' title='bbox 209 732 521 783; x_wconf 79' lang='lat' dir='ltr'>descriptionem</span> <span class='ocrx_word' id='word_1_27' title='bbox 562 734 686 772; x_wconf 89' lang='lat' dir='ltr'>oculis</span> <span class='ocrx_word' id='word_1_28' title='bbox 727 736 936 785; x_wconf 86' lang='lat' dir='ltr'>animoque</span> <span class='ocrx_word' id='word_1_29' title='bbox 977 737 1192 777; x_wconf 78' lang='lat' dir='ltr'>subiectam</span> <span class='ocrx_word' id='word_1_30' title='bbox 1231 740 1388 781; x_wconf 82' lang='lat' dir='ltr'>habeas.</span> <span class='ocrx_word' id='word_1_31' title='bbox 1458 744 1589 791; x_wconf 88' lang='lat' dir='ltr'>Quam</span> 
     </span>
     <span class='ocr_line' id='line_1_7' title="bbox 86 790 1589 845; baseline 0.007 -16"><span class='ocrx_word' id='word_1_32' title='bbox 86 805 177 829; x_wconf 88' lang='lat' dir='ltr'>cum</span> <span class='ocrx_word' id='word_1_33' title='bbox 209 790 327 828; x_wconf 87' lang='lat' dir='ltr'>multi</span> <span class='ocrx_word' id='word_1_34' title='bbox 359 790 570 839; x_wconf 82' lang='lat' dir='ltr'>dederint,</span> <span class='ocrx_word' id='word_1_35' title='bbox 601 805 730 842; x_wconf 86' lang='lat' dir='ltr'>nuper</span> <span class='ocrx_word' id='word_1_36' title='bbox 761 799 894 831; x_wconf 86' lang='lat' dir='ltr'>tamen</span> <span class='ocrx_word' id='word_1_37' title='bbox 927 794 1150 845; x_wconf 74' lang='lat' dir='ltr'>diligentius</span> <span class='ocrx_word' id='word_1_38' title='bbox 1188 811 1233 835; x_wconf 88' lang='lat' dir='ltr'>ea</span> <span class='ocrx_word' id='word_1_39' title='bbox 1271 799 1415 838; x_wconf 83' lang='lat' dir='ltr'>litteris</span> <span class='ocrx_word' id='word_1_40' title='bbox 1459 802 1589 841; x_wconf 73' lang='lat' dir='ltr'>caelo-</span> 
     </span>
     <span class='ocr_line' id='line_1_8' title="bbox 85 849 1587 912; baseline 0.008 -27"><span class='ocrx_word' id='word_1_41' title='bbox 85 861 162 899; x_wconf 85' lang='lat' dir='ltr'>que</span> <span class='ocrx_word' id='word_1_42' title='bbox 200 860 386 899; x_wconf 81' lang='lat' dir='ltr'>expressa</span> <span class='ocrx_word' id='word_1_43' title='bbox 427 854 486 885; x_wconf 85' lang='lat' dir='ltr'>est</span> <span class='ocrx_word' id='word_1_44' title='bbox 522 862 543 884; x_wconf 87' lang='lat' dir='ltr'>a</span> <span class='ocrx_word' id='word_1_45' title='bbox 572 849 710 887; x_wconf 84' lang='lat' dir='ltr'>Paullo</span> <span class='ocrx_word' id='word_1_46' title='bbox 754 849 864 901; x_wconf 86' lang='lat' dir='ltr'><strong>(Ant.</strong></span> <span class='ocrx_word' id='word_1_47' title='bbox 894 853 1019 889; x_wconf 68' lang='lat' dir='ltr'><em>Paolc&#39;</em></span> <span class='ocrx_word' id='word_1_48' title='bbox 1055 853 1099 890; x_wconf 91' lang='lat' dir='ltr'>in</span> <span class='ocrx_word' id='word_1_49' title='bbox 1138 856 1373 894; x_wconf 77' lang='lat' dir='ltr'><em>Puteolanis</em></span> <span class='ocrx_word' id='word_1_50' title='bbox 1397 859 1587 912; x_wconf 77' lang='lat' dir='ltr'>Antiqq.)</span> 
     </span>
     <span class='ocr_line' id='line_1_9' title="bbox 84 905 1588 967; baseline 0.007 -23"><span class='ocrx_word' id='word_1_51' title='bbox 84 913 124 944; x_wconf 86' lang='lat' dir='ltr'>et</span> <span class='ocrx_word' id='word_1_52' title='bbox 155 905 355 943; x_wconf 84' lang='lat' dir='ltr'>coloribus</span> <span class='ocrx_word' id='word_1_53' title='bbox 382 905 517 943; x_wconf 85' lang='lat' dir='ltr'>vivide</span> <span class='ocrx_word' id='word_1_54' title='bbox 547 906 706 944; x_wconf 79' lang='lat' dir='ltr'>reddita</span> <span class='ocrx_word' id='word_1_55' title='bbox 735 907 782 944; x_wconf 86' lang='lat' dir='ltr'>ab</span> <span class='ocrx_word' id='word_1_56' title='bbox 814 908 869 946; x_wconf 93' lang='lat' dir='ltr'>Ill.</span> <span class='ocrx_word' id='word_1_57' title='bbox 900 908 999 958; x_wconf 85' lang='lat' dir='ltr'>Equ.</span> <span class='ocrx_word' id='word_1_58' title='bbox 1041 910 1089 947; x_wconf 89' lang='lat' dir='ltr'>de</span> <span class='ocrx_word' id='word_1_59' title='bbox 1118 911 1322 951; x_wconf 87' lang='lat' dir='ltr'>Hamilton</span> <span class='ocrx_word' id='word_1_60' title='bbox 1350 914 1392 952; x_wconf 89' lang='lat' dir='ltr'>in</span> <span class='ocrx_word' id='word_1_61' title='bbox 1426 915 1588 967; x_wconf 78' lang='lat' dir='ltr'>Campis</span> 
     </span>
     <span class='ocr_line' id='line_1_10' title="bbox 85 963 1586 1018; baseline 0.007 -18"><span class='ocrx_word' id='word_1_62' title='bbox 85 964 328 1014; x_wconf 73' lang='lat' dir='ltr'><em>Phlegraeis</em></span> <span class='ocrx_word' id='word_1_63' title='bbox 359 963 470 1001; x_wconf 90' lang='lat' dir='ltr'>Tom.</span> <span class='ocrx_word' id='word_1_64' title='bbox 499 963 526 1011; x_wconf 88' lang='lat' dir='ltr'>I,</span> <span class='ocrx_word' id='word_1_65' title='bbox 571 963 651 1001; x_wconf 87' lang='lat' dir='ltr'>tab.</span> <span class='ocrx_word' id='word_1_66' title='bbox 682 964 794 1002; x_wconf 85' lang='lat' dir='ltr'>XVII</span> <span class='ocrx_word' id='word_1_67' title='bbox 824 979 905 1016; x_wconf 82' lang='lat' dir='ltr'>sqq.</span> <span class='ocrx_word' id='word_1_68' title='bbox 949 972 988 1003; x_wconf 92' lang='lat' dir='ltr'>et</span> <span class='ocrx_word' id='word_1_69' title='bbox 1027 981 1155 1018; x_wconf 83' lang='lat' dir='ltr'>nuper</span> <span class='ocrx_word' id='word_1_70' title='bbox 1194 972 1295 1007; x_wconf 71' lang='lat' dir='ltr'><em>Nic.</em></span> <span class='ocrx_word' id='word_1_71' title='bbox 1343 972 1506 1009; x_wconf 63' lang='lat' dir='ltr'>Cat-letti</span> <span class='ocrx_word' id='word_1_72' title='bbox 1543 973 1586 1011; x_wconf 89' lang='lat' dir='ltr'>in</span> 
     </span>
     <span class='ocr_line' id='line_1_11' title="bbox 85 1021 1585 1081; baseline 0.006 -22"><span class='ocrx_word' id='word_1_73' title='bbox 85 1023 217 1060; x_wconf 64' lang='lat' dir='ltr'>Scor-ta</span> <span class='ocrx_word' id='word_1_74' title='bbox 253 1021 362 1058; x_wconf 81' lang='lat' dir='ltr'>della</span> <span class='ocrx_word' id='word_1_75' title='bbox 398 1022 558 1070; x_wconf 75' lang='lat' dir='ltr'><em>regione</em></span> <span class='ocrx_word' id='word_1_76' title='bbox 603 1021 859 1059; x_wconf 76' lang='lat' dir='ltr'>abbruceiata</span> <span class='ocrx_word' id='word_1_77' title='bbox 890 1025 933 1060; x_wconf 79' lang='lat' dir='ltr'>in</span> <span class='ocrx_word' id='word_1_78' title='bbox 969 1024 1212 1075; x_wconf 70' lang='lat' dir='ltr'>Campagtza</span> <span class='ocrx_word' id='word_1_79' title='bbox 1236 1028 1366 1078; x_wconf 69' lang='grc' dir='ltr'><em>[εἰὶσε</em></span> <span class='ocrx_word' id='word_1_80' title='bbox 1405 1027 1585 1081; x_wconf 84' lang='lat' dir='ltr'>(Neapoli</span> 
     </span>
     <span class='ocr_line' id='line_1_12' title="bbox 86 1076 1584 1136; baseline 0.003 -16"><span class='ocrx_word' id='word_1_81' title='bbox 86 1081 209 1120; x_wconf 84' lang='lat'>1787.</span> <span class='ocrx_word' id='word_1_82' title='bbox 246 1076 302 1131; x_wconf 73' lang='lat'>4.)</span> <span class='ocrx_word' id='word_1_83' title='bbox 347 1084 387 1115; x_wconf 86' lang='lat' dir='ltr'>et</span> <span class='ocrx_word' id='word_1_84' title='bbox 426 1078 615 1115; x_wconf 68' lang='lat' dir='ltr'>Breislak·</span> <span class='ocrx_word' id='word_1_85' title='bbox 642 1079 685 1116; x_wconf 91' lang='lat' dir='ltr'>in</span> <span class='ocrx_word' id='word_1_86' title='bbox 722 1080 943 1129; x_wconf 72' lang='lat' dir='ltr'>Campanie</span> <span class='ocrx_word' id='word_1_87' title='bbox 974 1081 1084 1120; x_wconf 85' lang='lat' dir='ltr'>Tom.</span> <span class='ocrx_word' id='word_1_88' title='bbox 1110 1084 1144 1120; x_wconf 87' lang='lat' dir='ltr'>II</span> <span class='ocrx_word' id='word_1_89' title='bbox 1171 1098 1210 1135; x_wconf 90' lang='lat' dir='ltr'>p.</span> <span class='ocrx_word' id='word_1_90' title='bbox 1250 1085 1328 1126; x_wconf 77' lang='lat'>148</span> <span class='ocrx_word' id='word_1_91' title='bbox 1362 1100 1419 1136; x_wconf 86' lang='lat' dir='ltr'>sq.</span> <span class='ocrx_word' id='word_1_92' title='bbox 1486 1087 1584 1125; x_wconf 85' lang='lat' dir='ltr'>Nam</span> 
     </span>
     <span class='ocr_line' id='line_1_13' title="bbox 82 1134 1584 1193; baseline 0.005 -19"><span class='ocrx_word' id='word_1_93' title='bbox 82 1137 190 1175; x_wconf 86' lang='lat' dir='ltr'>illam</span> <span class='ocrx_word' id='word_1_94' title='bbox 222 1134 576 1186; x_wconf 79' lang='lat' dir='ltr'>chorographiam,</span> <span class='ocrx_word' id='word_1_95' title='bbox 607 1150 706 1186; x_wconf 86' lang='lat' dir='ltr'>quae</span> <span class='ocrx_word' id='word_1_96' title='bbox 736 1137 776 1173; x_wconf 92' lang='lat' dir='ltr'>in</span> <span class='ocrx_word' id='word_1_97' title='bbox 806 1137 992 1176; x_wconf 86' lang='lat' dir='ltr'>Mazzella</span> <span class='ocrx_word' id='word_1_98' title='bbox 1023 1146 1062 1177; x_wconf 88' lang='lat' dir='ltr'>et</span> <span class='ocrx_word' id='word_1_99' title='bbox 1092 1139 1186 1178; x_wconf 85' lang='lat' dir='ltr'>hinc</span> <span class='ocrx_word' id='word_1_100' title='bbox 1225 1143 1332 1193; x_wconf 82' lang='lat' dir='ltr'>apud</span> <span class='ocrx_word' id='word_1_101' title='bbox 1361 1144 1456 1180; x_wconf 89' lang='lat' dir='ltr'>alios</span> <span class='ocrx_word' id='word_1_102' title='bbox 1486 1158 1584 1182; x_wconf 90' lang='lat' dir='ltr'>con—</span> 
     </span>
     <span class='ocr_line' id='line_1_14' title="bbox 83 1193 1583 1246; baseline 0.005 -14"><span class='ocrx_word' id='word_1_103' title='bbox 83 1194 268 1246; x_wconf 86' lang='lat' dir='ltr'>spicitur,</span> <span class='ocrx_word' id='word_1_104' title='bbox 311 1193 504 1231; x_wconf 88' lang='lat' dir='ltr'>nonnulla</span> <span class='ocrx_word' id='word_1_105' title='bbox 542 1207 684 1244; x_wconf 87' lang='lat' dir='ltr'>parum</span> <span class='ocrx_word' id='word_1_106' title='bbox 725 1202 908 1232; x_wconf 85' lang='lat' dir='ltr'>accurate</span> <span class='ocrx_word' id='word_1_107' title='bbox 949 1196 1142 1234; x_wconf 77' lang='lat' dir='ltr'>delineata</span> <span class='ocrx_word' id='word_1_108' title='bbox 1184 1197 1329 1237; x_wconf 86' lang='lat' dir='ltr'>habere</span> <span class='ocrx_word' id='word_1_109' title='bbox 1366 1214 1441 1238; x_wconf 89' lang='lat' dir='ltr'>usu</span> <span class='ocrx_word' id='word_1_110' title='bbox 1470 1202 1583 1239; x_wconf 80' lang='lat' dir='ltr'>facile</span> 
     </span>
     <span class='ocr_line' id='line_1_15' title="bbox 83 1250 1583 1309; baseline 0.004 -19"><span class='ocrx_word' id='word_1_111' title='bbox 83 1250 412 1304; x_wconf 74' lang='lat' dir='ltr'>deprehenditur.</span> <span class='ocrx_word' id='word_1_112' title='bbox 470 1251 678 1289; x_wconf 85' lang='lat' dir='ltr'>Procurrit</span> <span class='ocrx_word' id='word_1_113' title='bbox 706 1252 812 1289; x_wconf 86' lang='lat' dir='ltr'>inter</span> <span class='ocrx_word' id='word_1_114' title='bbox 833 1253 1018 1292; x_wconf 87' lang='lat' dir='ltr'>Puteolos</span> <span class='ocrx_word' id='word_1_115' title='bbox 1052 1261 1091 1292; x_wconf 88' lang='lat' dir='ltr'>et</span> <span class='ocrx_word' id='word_1_116' title='bbox 1113 1256 1254 1294; x_wconf 82' lang='lat' dir='ltr'>Cumas</span> <span class='ocrx_word' id='word_1_117' title='bbox 1285 1264 1472 1308; x_wconf 82' lang='lat' dir='ltr'>angustus</span> <span class='ocrx_word' id='word_1_118' title='bbox 1493 1272 1583 1309; x_wconf 82' lang='lat' dir='ltr'>ager</span> 
     </span>
     <span class='ocr_line' id='line_1_16' title="bbox 81 1308 1583 1361; baseline 0.004 -13"><span class='ocrx_word' id='word_1_119' title='bbox 81 1311 124 1348; x_wconf 91' lang='lat' dir='ltr'>in</span> <span class='ocrx_word' id='word_1_120' title='bbox 153 1309 473 1361; x_wconf 85' lang='lat' dir='ltr'>promontorium</span> <span class='ocrx_word' id='word_1_121' title='bbox 502 1308 698 1346; x_wconf 85' lang='lat' dir='ltr'>Misenum</span> <span class='ocrx_word' id='word_1_122' title='bbox 729 1309 920 1348; x_wconf 86' lang='lat' dir='ltr'>desinens.</span> <span class='ocrx_word' id='word_1_123' title='bbox 990 1312 1208 1350; x_wconf 87' lang='lat' dir='ltr'>Puteolano</span> <span class='ocrx_word' id='word_1_124' title='bbox 1239 1328 1267 1351; x_wconf 80' lang='lat' dir='ltr'>S.</span> <span class='ocrx_word' id='word_1_125' title='bbox 1298 1315 1445 1353; x_wconf 80' lang='lat' dir='ltr'>Baiano</span> <span class='ocrx_word' id='word_1_126' title='bbox 1479 1316 1583 1354; x_wconf 84' lang='lat' dir='ltr'>sinui</span> 
     </span>
     <span class='ocr_line' id='line_1_17' title="bbox 80 1366 1581 1422; baseline 0.004 -17"><span class='ocrx_word' id='word_1_127' title='bbox 80 1368 259 1405; x_wconf 81' lang='lat' dir='ltr'>imminet</span> <span class='ocrx_word' id='word_1_128' title='bbox 291 1367 399 1404; x_wconf 88' lang='lat' dir='ltr'>lacus</span> <span class='ocrx_word' id='word_1_129' title='bbox 428 1366 632 1414; x_wconf 81' lang='lat' dir='ltr'>Avernus,</span> <span class='ocrx_word' id='word_1_130' title='bbox 665 1367 841 1418; x_wconf 83' lang='lat' dir='ltr'>adeoque</span> <span class='ocrx_word' id='word_1_131' title='bbox 875 1369 1006 1406; x_wconf 85' lang='lat' dir='ltr'>Cumis</span> <span class='ocrx_word' id='word_1_132' title='bbox 1050 1370 1113 1406; x_wconf 84' lang='lat' dir='ltr'>ille</span> <span class='ocrx_word' id='word_1_133' title='bbox 1143 1384 1164 1407; x_wconf 86' lang='lat' dir='ltr'>a</span> <span class='ocrx_word' id='word_1_134' title='bbox 1194 1377 1302 1422; x_wconf 83' lang='lat' dir='ltr'>tergo</span> <span class='ocrx_word' id='word_1_135' title='bbox 1333 1373 1442 1410; x_wconf 82' lang='lat' dir='ltr'>situs.</span> <span class='ocrx_word' id='word_1_136' title='bbox 1500 1374 1581 1410; x_wconf 86' lang='lat' dir='ltr'>Fa-</span> 
     </span>
     <span class='ocr_line' id='line_1_18' title="bbox 82 1424 1581 1474; baseline 0.003 -11"><span class='ocrx_word' id='word_1_137' title='bbox 82 1426 158 1463; x_wconf 86' lang='lat' dir='ltr'>cies</span> <span class='ocrx_word' id='word_1_138' title='bbox 201 1425 308 1462; x_wconf 90' lang='lat' dir='ltr'>lacus</span> <span class='ocrx_word' id='word_1_139' title='bbox 346 1437 457 1462; x_wconf 87' lang='lat' dir='ltr'>nunc</span> <span class='ocrx_word' id='word_1_140' title='bbox 493 1424 653 1474; x_wconf 86' lang='lat' dir='ltr'>quidem</span> <span class='ocrx_word' id='word_1_141' title='bbox 684 1425 772 1462; x_wconf 84' lang='lat' dir='ltr'>talis</span> <span class='ocrx_word' id='word_1_142' title='bbox 801 1431 882 1474; x_wconf 87' lang='lat' dir='ltr'>est,</span> <span class='ocrx_word' id='word_1_143' title='bbox 923 1435 970 1464; x_wconf 89' lang='lat' dir='ltr'>ut</span> <span class='ocrx_word' id='word_1_144' title='bbox 1008 1427 1264 1465; x_wconf 77' lang='lat' dir='ltr'>circumcirca</span> <span class='ocrx_word' id='word_1_145' title='bbox 1299 1430 1396 1466; x_wconf 90' lang='lat' dir='ltr'>colle</span> <span class='ocrx_word' id='word_1_146' title='bbox 1438 1430 1581 1468; x_wconf 72' lang='lat' dir='ltr'>leviter</span> 
     </span>
     <span class='ocr_line' id='line_1_19' title="bbox 81 1483 1579 1540; baseline 0.003 -20"><span class='ocrx_word' id='word_1_147' title='bbox 81 1483 220 1521; x_wconf 86' lang='lat' dir='ltr'>acclivi</span> <span class='ocrx_word' id='word_1_148' title='bbox 250 1488 310 1532; x_wconf 84' lang='lat' dir='ltr'>et,</span> <span class='ocrx_word' id='word_1_149' title='bbox 342 1488 500 1534; x_wconf 87' lang='lat' dir='ltr'>praeter</span> <span class='ocrx_word' id='word_1_150' title='bbox 530 1494 616 1518; x_wconf 87' lang='lat' dir='ltr'>eam</span> <span class='ocrx_word' id='word_1_151' title='bbox 646 1488 820 1532; x_wconf 88' lang='lat' dir='ltr'>partem,</span> <span class='ocrx_word' id='word_1_152' title='bbox 852 1496 927 1532; x_wconf 86' lang='lat' dir='ltr'>qua</span> <span class='ocrx_word' id='word_1_153' title='bbox 951 1484 1001 1521; x_wconf 86' lang='lat' dir='ltr'>ad</span> <span class='ocrx_word' id='word_1_154' title='bbox 1028 1498 1136 1522; x_wconf 87' lang='lat' dir='ltr'>mare</span> <span class='ocrx_word' id='word_1_155' title='bbox 1167 1484 1292 1538; x_wconf 87' lang='lat' dir='ltr'>(sinus</span> <span class='ocrx_word' id='word_1_156' title='bbox 1310 1486 1462 1540; x_wconf 81' lang='lat' dir='ltr'>Baiani)</span> <span class='ocrx_word' id='word_1_157' title='bbox 1483 1502 1579 1538; x_wconf 82' lang='lat' dir='ltr'>pro—</span> 
     </span>
     <span class='ocr_line' id='line_1_20' title="bbox 80 1540 1578 1592; baseline 0.003 -14"><span class='ocrx_word' id='word_1_158' title='bbox 80 1547 240 1592; x_wconf 90' lang='lat' dir='ltr'>spectus</span> <span class='ocrx_word' id='word_1_159' title='bbox 269 1546 399 1591; x_wconf 88' lang='lat' dir='ltr'>patet,</span> <span class='ocrx_word' id='word_1_160' title='bbox 429 1540 510 1576; x_wconf 78' lang='lat' dir='ltr'>fere</span> <span class='ocrx_word' id='word_1_161' title='bbox 540 1546 733 1590; x_wconf 85' lang='lat' dir='ltr'>perpetuo</span> <span class='ocrx_word' id='word_1_162' title='bbox 764 1540 960 1578; x_wconf 82' lang='lat' dir='ltr'>ambiente</span> <span class='ocrx_word' id='word_1_163' title='bbox 990 1542 1031 1579; x_wconf 91' lang='lat' dir='ltr'>in</span> <span class='ocrx_word' id='word_1_164' title='bbox 1062 1543 1198 1580; x_wconf 88' lang='lat' dir='ltr'>orbem</span> <span class='ocrx_word' id='word_1_165' title='bbox 1228 1543 1292 1580; x_wconf 87' lang='lat' dir='ltr'>ille</span> <span class='ocrx_word' id='word_1_166' title='bbox 1323 1545 1578 1583; x_wconf 84' lang='lat' dir='ltr'>rotundetur.</span> 
     </span>
     <span class='ocr_line' id='line_1_21' title="bbox 79 1597 1579 1653; baseline 0.003 -17"><span class='ocrx_word' id='word_1_167' title='bbox 79 1598 328 1653; x_wconf 40' lang='lat' dir='ltr'>Stadiorum.</span> <span class='ocrx_word' id='word_1_168' title='bbox 356 1597 530 1647; x_wconf 86' lang='lat' dir='ltr'>quinque</span> <span class='ocrx_word' id='word_1_169' title='bbox 570 1597 761 1635; x_wconf 87' lang='lat' dir='ltr'>ambitum</span> <span class='ocrx_word' id='word_1_170' title='bbox 792 1598 868 1635; x_wconf 86' lang='lat' dir='ltr'>iam</span> <span class='ocrx_word' id='word_1_171' title='bbox 900 1599 993 1636; x_wconf 85' lang='lat' dir='ltr'>olim</span> <span class='ocrx_word' id='word_1_172' title='bbox 1025 1599 1220 1638; x_wconf 89' lang='lat' dir='ltr'>Diodorus</span> <span class='ocrx_word' id='word_1_173' title='bbox 1262 1601 1389 1639; x_wconf 85' lang='lat' dir='ltr'>edidit</span> <span class='ocrx_word' id='word_1_174' title='bbox 1418 1602 1483 1640; x_wconf 91' lang='lat' dir='ltr'>lib.</span> <span class='ocrx_word' id='word_1_175' title='bbox 1514 1603 1579 1650; x_wconf 80' lang='lat' dir='ltr'>lv,</span> 
     </span>
     <span class='ocr_line' id='line_1_22' title="bbox 81 1654 1580 1709; baseline 0.003 -16"><span class='ocrx_word' id='word_1_176' title='bbox 81 1670 113 1695; x_wconf 85' lang='lat' dir='ltr'>c.</span> <span class='ocrx_word' id='word_1_177' title='bbox 144 1660 211 1698; x_wconf 85' lang='lat'>22.</span> <span class='ocrx_word' id='word_1_178' title='bbox 271 1654 495 1692; x_wconf 83' lang='lat' dir='ltr'>Altitudine</span> <span class='ocrx_word' id='word_1_179' title='bbox 525 1660 585 1692; x_wconf 85' lang='lat' dir='ltr'>est</span> <span class='ocrx_word' id='word_1_180' title='bbox 615 1655 666 1692; x_wconf 89' lang='lat' dir='ltr'>ad</span> <span class='ocrx_word' id='word_1_181' title='bbox 696 1656 967 1694; x_wconf 90' lang='lat' dir='ltr'><strong>CCXXXVIII</strong></span> <span class='ocrx_word' id='word_1_182' title='bbox 1009 1662 1049 1693; x_wconf 89' lang='lat' dir='ltr'>et·</span> <span class='ocrx_word' id='word_1_183' title='bbox 1079 1657 1224 1694; x_wconf 90' lang='lat' dir='ltr'><strong>CCLIII</strong></span> <span class='ocrx_word' id='word_1_184' title='bbox 1253 1672 1388 1709; x_wconf 87' lang='lat' dir='ltr'>passus</span> <span class='ocrx_word' id='word_1_185' title='bbox 1422 1660 1580 1709; x_wconf 88' lang='lat' dir='ltr'>(secun-</span> 
     </span>
     <span class='ocr_line' id='line_1_23' title="bbox 81 1712 1579 1765; baseline 0.001 -13"><span class='ocrx_word' id='word_1_186' title='bbox 81 1714 178 1752; x_wconf 87' lang='lat' dir='ltr'>dum</span> <span class='ocrx_word' id='word_1_187' title='bbox 207 1713 435 1751; x_wconf 84' lang='lat' dir='ltr'>Mazzellam</span> <span class='ocrx_word' id='word_1_188' title='bbox 466 1712 491 1749; x_wconf 90' lang='lat' dir='ltr'>l.</span> <span class='ocrx_word' id='word_1_189' title='bbox 523 1725 555 1750; x_wconf 84' lang='lat' dir='ltr'>c.</span> <span class='ocrx_word' id='word_1_190' title='bbox 590 1726 622 1750; x_wconf 89' lang='lat' dir='ltr'>e.</span> <span class='ocrx_word' id='word_1_191' title='bbox 655 1713 738 1765; x_wconf 87' lang='lat'>15),</span> <span class='ocrx_word' id='word_1_192' title='bbox 769 1720 886 1751; x_wconf 83' lang='lat' dir='ltr'>aucta</span> <span class='ocrx_word' id='word_1_193' title='bbox 917 1713 1011 1751; x_wconf 88' lang='lat' dir='ltr'>olim</span> <span class='ocrx_word' id='word_1_194' title='bbox 1032 1714 1073 1751; x_wconf 91' lang='lat' dir='ltr'>in</span> <span class='ocrx_word' id='word_1_195' title='bbox 1093 1714 1350 1753; x_wconf 88' lang='lat' dir='ltr'>immensum:</span> <span class='ocrx_word' id='word_1_196' title='bbox 1383 1716 1463 1753; x_wconf 82' lang='lat' dir='ltr'>vid.</span> <span class='ocrx_word' id='word_1_197' title='bbox 1486 1717 1579 1754; x_wconf 80' lang='lat' dir='ltr'>Dio-</span> 
     </span>
     <span class='ocr_line' id='line_1_24' title="bbox 80 1768 1579 1823; baseline 0.001 -13"><span class='ocrx_word' id='word_1_198' title='bbox 80 1771 166 1810; x_wconf 87' lang='lat' dir='ltr'>dor.</span> <span class='ocrx_word' id='word_1_199' title='bbox 197 1771 222 1809; x_wconf 90' lang='lat' dir='ltr'>l.</span> <span class='ocrx_word' id='word_1_200' title='bbox 254 1785 286 1808; x_wconf 91' lang='lat' dir='ltr'>c.</span> <span class='ocrx_word' id='word_1_201' title='bbox 321 1770 413 1807; x_wconf 86' lang='lat' dir='ltr'>add.</span> <span class='ocrx_word' id='word_1_202' title='bbox 453 1768 619 1807; x_wconf 80' lang='lat' dir='ltr'>Aristot.</span> <span class='ocrx_word' id='word_1_203' title='bbox 656 1769 796 1808; x_wconf 84' lang='lat' dir='ltr'>Mirab.</span> <span class='ocrx_word' id='word_1_204' title='bbox 835 1771 970 1808; x_wconf 86' lang='lat' dir='ltr'>Audit.</span> <span class='ocrx_word' id='word_1_205' title='bbox 1010 1785 1042 1808; x_wconf 91' lang='lat' dir='ltr'>e.</span> <span class='ocrx_word' id='word_1_206' title='bbox 1077 1775 1168 1812; x_wconf 83' lang='lat'>108.</span> <span class='ocrx_word' id='word_1_207' title='bbox 1198 1786 1286 1823; x_wconf 82' lang='lat' dir='ltr'>pag.</span> <span class='ocrx_word' id='word_1_208' title='bbox 1324 1776 1407 1814; x_wconf 88' lang='lat'>727</span> <span class='ocrx_word' id='word_1_209' title='bbox 1445 1775 1487 1811; x_wconf 85' lang='lat' dir='ltr'>E.</span> <span class='ocrx_word' id='word_1_210' title='bbox 1519 1774 1579 1811; x_wconf 91' lang='lat' dir='ltr'>ed.</span> 
     </span>
     <span class='ocr_line' id='line_1_25' title="bbox 80 1827 1581 1879; baseline 0.001 -13"><span class='ocrx_word' id='word_1_211' title='bbox 80 1829 136 1866; x_wconf 90' lang='lat' dir='ltr'>du</span> <span class='ocrx_word' id='word_1_212' title='bbox 158 1829 280 1878; x_wconf 84' lang='lat' dir='ltr'>Vall.;</span> <span class='ocrx_word' id='word_1_213' title='bbox 311 1827 538 1866; x_wconf 86' lang='lat' dir='ltr'>decrescere</span> <span class='ocrx_word' id='word_1_214' title='bbox 567 1832 700 1864; x_wconf 85' lang='lat' dir='ltr'>tamen</span> <span class='ocrx_word' id='word_1_215' title='bbox 720 1833 760 1864; x_wconf 85' lang='lat' dir='ltr'>et</span> <span class='ocrx_word' id='word_1_216' title='bbox 779 1833 1003 1879; x_wconf 87' lang='lat' dir='ltr'>temporum</span> <span class='ocrx_word' id='word_1_217' title='bbox 1034 1829 1372 1867; x_wconf 85' lang='lat' dir='ltr'>vicissitudinibus</span> <span class='ocrx_word' id='word_1_218' title='bbox 1402 1830 1581 1868; x_wconf 82' lang='lat' dir='ltr'>imminui</span> 
     </span>
     <span class='ocr_line' id='line_1_26' title="bbox 77 1884 1580 1937; baseline 0.001 -13"><span class='ocrx_word' id='word_1_219' title='bbox 77 1886 144 1924; x_wconf 86' lang='lat' dir='ltr'>illa</span> <span class='ocrx_word' id='word_1_220' title='bbox 184 1885 325 1937; x_wconf 90' lang='lat' dir='ltr'>potuit.</span> <span class='ocrx_word' id='word_1_221' title='bbox 385 1884 530 1933; x_wconf 82' lang='lat' dir='ltr'>Colles,</span> <span class='ocrx_word' id='word_1_222' title='bbox 574 1884 641 1934; x_wconf 89' lang='lat' dir='ltr'>qui</span> <span class='ocrx_word' id='word_1_223' title='bbox 685 1885 888 1935; x_wconf 84' lang='lat' dir='ltr'>ambiunt,</span> <span class='ocrx_word' id='word_1_224' title='bbox 938 1885 1035 1923; x_wconf 85' lang='lat' dir='ltr'>silva</span> <span class='ocrx_word' id='word_1_225' title='bbox 1075 1886 1168 1924; x_wconf 90' lang='lat' dir='ltr'>olim</span> <span class='ocrx_word' id='word_1_226' title='bbox 1206 1887 1401 1924; x_wconf 86' lang='lat' dir='ltr'>inaccessa</span> <span class='ocrx_word' id='word_1_227' title='bbox 1441 1889 1580 1926; x_wconf 83' lang='lat' dir='ltr'>consiti</span> 
     </span>
     <span class='ocr_line' id='line_1_27' title="bbox 78 1942 1578 1995; baseline 0.001 -14"><span class='ocrx_word' id='word_1_228' title='bbox 78 1950 193 1982; x_wconf 87' lang='lat' dir='ltr'>erant</span> <span class='ocrx_word' id='word_1_229' title='bbox 220 1943 271 1981; x_wconf 86' lang='lat' dir='ltr'>ad</span> <span class='ocrx_word' id='word_1_230' title='bbox 301 1942 501 1980; x_wconf 86' lang='lat' dir='ltr'>convalles</span> <span class='ocrx_word' id='word_1_231' title='bbox 533 1942 790 1990; x_wconf 83' lang='lat' dir='ltr'>decurrente,</span> <span class='ocrx_word' id='word_1_232' title='bbox 823 1948 863 1980; x_wconf 87' lang='lat' dir='ltr'>et</span> <span class='ocrx_word' id='word_1_233' title='bbox 892 1942 933 1980; x_wconf 86' lang='lat' dir='ltr'>hi</span> <span class='ocrx_word' id='word_1_234' title='bbox 965 1949 1060 1980; x_wconf 85' lang='lat' dir='ltr'>sunt</span> <span class='ocrx_word' id='word_1_235' title='bbox 1089 1944 1172 1981; x_wconf 76' lang='lat' dir='ltr'>luci</span> <span class='ocrx_word' id='word_1_236' title='bbox 1194 1946 1345 1982; x_wconf 51' lang='lat' dir='ltr'>Averna·</span> <span class='ocrx_word' id='word_1_237' title='bbox 1375 1943 1454 1995; x_wconf 87' lang='lat' dir='ltr'>(Vl,</span> <span class='ocrx_word' id='word_1_238' title='bbox 1488 1949 1578 1987; x_wconf 85' lang='lat'>118.</span> 
     </span>
     <span class='ocr_line' id='line_1_28' title="bbox 81 1999 1577 2053; baseline 0.003 -18"><span class='ocrx_word' id='word_1_239' title='bbox 81 2004 174 2043; x_wconf 81' lang='lat'>138,</span> <span class='ocrx_word' id='word_1_240' title='bbox 206 1999 328 2053; x_wconf 75' lang='lat'>201),</span> <span class='ocrx_word' id='word_1_241' title='bbox 367 2000 408 2036; x_wconf 88' lang='lat' dir='ltr'>in</span> <span class='ocrx_word' id='word_1_242' title='bbox 441 1999 584 2049; x_wconf 85' lang='lat' dir='ltr'>quibus</span> <span class='ocrx_word' id='word_1_243' title='bbox 619 2013 761 2036; x_wconf 79' lang='lat' dir='ltr'>aureae</span> <span class='ocrx_word' id='word_1_244' title='bbox 800 2000 954 2037; x_wconf 83' lang='lat' dir='ltr'>frondis</span> <span class='ocrx_word' id='word_1_245' title='bbox 996 2000 1114 2037; x_wconf 87' lang='lat' dir='ltr'>arbor</span> <span class='ocrx_word' id='word_1_246' title='bbox 1153 2001 1207 2052; x_wconf 88' lang='lat' dir='ltr'>(v.</span> <span class='ocrx_word' id='word_1_247' title='bbox 1242 2004 1320 2042; x_wconf 82' lang='lat'>138</span> <span class='ocrx_word' id='word_1_248' title='bbox 1353 2015 1433 2050; x_wconf 83' lang='lat' dir='ltr'>sqq.</span> <span class='ocrx_word' id='word_1_249' title='bbox 1468 2001 1577 2053; x_wconf 86' lang='lat'>186).</span> 
     </span>
     <span class='ocr_line' id='line_1_29' title="bbox 78 2052 1578 2109; baseline -0.001 -13"><span class='ocrx_word' id='word_1_250' title='bbox 78 2059 227 2096; x_wconf 86' lang='lat' dir='ltr'>Silvam</span> <span class='ocrx_word' id='word_1_251' title='bbox 258 2058 502 2105; x_wconf 80' lang='lat' dir='ltr'>immensam,</span> <span class='ocrx_word' id='word_1_252' title='bbox 532 2052 780 2108; x_wconf 73' lang='grc' dir='ltr'><em>Ὀμβριμοῦς</em></span> <span class='ocrx_word' id='word_1_253' title='bbox 812 2054 933 2103; x_wconf 71' lang='grc' dir='ltr'><em>ἄλσος</em></span> <span class='ocrx_word' id='word_1_254' title='bbox 961 2053 1130 2104; x_wconf 79' lang='grc' dir='ltr'><strong><em>ου’ὁαίας</em></strong></span> <span class='ocrx_word' id='word_1_255' title='bbox 1162 2053 1308 2109; x_wconf 79' lang='grc' dir='ltr'><em>Κόρης,</em></span> <span class='ocrx_word' id='word_1_256' title='bbox 1342 2057 1578 2108; x_wconf 69' lang='grc' dir='ltr'>[,)’ςορ1]ι·οιι</span> 
     </span>
     <span class='ocr_line' id='line_1_30' title="bbox 77 2111 1578 2166; baseline -0.001 -9"><span class='ocrx_word' id='word_1_257' title='bbox 77 2118 161 2158; x_wconf 85' lang='grc'>698</span> <span class='ocrx_word' id='word_1_258' title='bbox 193 2128 350 2166; x_wconf 85' lang='lat' dir='ltr'>quoque</span> <span class='ocrx_word' id='word_1_259' title='bbox 373 2120 581 2161; x_wconf 88' lang='lat' dir='ltr'>memorat,</span> <span class='ocrx_word' id='word_1_260' title='bbox 612 2119 649 2150; x_wconf 89' lang='lat' dir='ltr'>et</span> <span class='ocrx_word' id='word_1_261' title='bbox 678 2114 804 2151; x_wconf 85' lang='lat' dir='ltr'>multo</span> <span class='ocrx_word' id='word_1_262' title='bbox 836 2114 1022 2151; x_wconf 83' lang='lat' dir='ltr'>disertius</span> <span class='ocrx_word' id='word_1_263' title='bbox 1040 2114 1260 2152; x_wconf 82' lang='lat' dir='ltr'>Homerus:</span> <span class='ocrx_word' id='word_1_264' title='bbox 1293 2112 1387 2154; x_wconf 69' lang='grc' dir='ltr'>ἔνθ’</span> <span class='ocrx_word' id='word_1_265' title='bbox 1417 2111 1516 2166; x_wconf 65' lang='grc' dir='ltr'>ἀκτή</span> <span class='ocrx_word' id='word_1_266' title='bbox 1538 2131 1578 2155; x_wconf 83' lang='grc' dir='ltr'>τε</span> 
     </span>
     <span class='ocr_line' id='line_1_31' title="bbox 77 2168 1576 2224; baseline 0 -12"><span class='ocrx_word' id='word_1_267' title='bbox 77 2173 214 2224; x_wconf 72' lang='grc' dir='ltr'><em>λάχεια·</em></span> <span class='ocrx_word' id='word_1_268' title='bbox 250 2172 319 2212; x_wconf 77' lang='grc' dir='ltr'>καὶ</span> <span class='ocrx_word' id='word_1_269' title='bbox 353 2169 474 2211; x_wconf 68' lang='grc' dir='ltr'><em>ἄλσεα</em></span> <span class='ocrx_word' id='word_1_270' title='bbox 506 2171 828 2222; x_wconf 77' lang='grc' dir='ltr'><em>Περσεφονείης,</em></span> <span class='ocrx_word' id='word_1_271' title='bbox 872 2173 1045 2222; x_wconf 76' lang='grc' dir='ltr'><strong><em>Μακραί</em></strong></span> <span class='ocrx_word' id='word_1_272' title='bbox 1090 2168 1132 2210; x_wconf 79' lang='grc' dir='ltr'>τ’</span> <span class='ocrx_word' id='word_1_273' title='bbox 1169 2172 1338 2224; x_wconf 72' lang='grc' dir='ltr'><em>αἴγειροι</em></span> <span class='ocrx_word' id='word_1_274' title='bbox 1369 2172 1437 2211; x_wconf 79' lang='grc' dir='ltr'>καὶ</span> <span class='ocrx_word' id='word_1_275' title='bbox 1477 2171 1576 2212; x_wconf 76' lang='grc' dir='ltr'><em>ἰτέαι</em></span> 
     </span>
     <span class='ocr_line' id='line_1_32' title="bbox 78 2227 1575 2283; baseline -0.002 -13"><span class='ocrx_word' id='word_1_276' title='bbox 78 2227 359 2283; x_wconf 69' lang='grc' dir='ltr'><em>ὠλεσίκαρποι.</em></span> <span class='ocrx_word' id='word_1_277' title='bbox 439 2230 653 2278; x_wconf 87' lang='lat' dir='ltr'>Cupressos</span> <span class='ocrx_word' id='word_1_278' title='bbox 690 2228 896 2265; x_wconf 82' lang='lat' dir='ltr'>altissimas</span> <span class='ocrx_word' id='word_1_279' title='bbox 937 2229 1150 2266; x_wconf 82' lang='lat' dir='ltr'>etiamnum</span> <span class='ocrx_word' id='word_1_280' title='bbox 1198 2229 1327 2267; x_wconf 89' lang='lat' dir='ltr'>lacum</span> <span class='ocrx_word' id='word_1_281' title='bbox 1372 2229 1575 2267; x_wconf 86' lang='lat' dir='ltr'>Avernum</span> 
     </span>
     <span class='ocr_line' id='line_1_33' title="bbox 76 2285 1575 2338; baseline -0.001 -13"><span class='ocrx_word' id='word_1_282' title='bbox 76 2288 276 2338; x_wconf 77' lang='lat' dir='ltr'>cingentes</span> <span class='ocrx_word' id='word_1_283' title='bbox 306 2286 569 2324; x_wconf 87' lang='lat' dir='ltr'>tristissimam</span> <span class='ocrx_word' id='word_1_284' title='bbox 599 2285 687 2322; x_wconf 82' lang='lat' dir='ltr'>loco</span> <span class='ocrx_word' id='word_1_285' title='bbox 727 2285 864 2322; x_wconf 80' lang='lat' dir='ltr'>faciem</span> <span class='ocrx_word' id='word_1_286' title='bbox 895 2287 1061 2323; x_wconf 85' lang='lat' dir='ltr'>adiicere</span> <span class='ocrx_word' id='word_1_287' title='bbox 1093 2287 1246 2324; x_wconf 86' lang='lat' dir='ltr'>narrari</span> <span class='ocrx_word' id='word_1_288' title='bbox 1278 2286 1393 2324; x_wconf 78' lang='lat' dir='ltr'>video</span> <span class='ocrx_word' id='word_1_289' title='bbox 1426 2300 1445 2322; x_wconf 89' lang='lat' dir='ltr'>a</span> <span class='ocrx_word' id='word_1_290' title='bbox 1483 2287 1575 2323; x_wconf 79' lang='lat' dir='ltr'>Fla-</span> 
     </span>
     <span class='ocr_line' id='line_1_34' title="bbox 77 2343 1575 2396; baseline -0.001 -14"><span class='ocrx_word' id='word_1_291' title='bbox 77 2345 194 2383; x_wconf 88' lang='lat' dir='ltr'>chato</span> <span class='ocrx_word' id='word_1_292' title='bbox 228 2343 530 2396; x_wconf 32' lang='lat' dir='ltr'>(Observationss</span> <span class='ocrx_word' id='word_1_293' title='bbox 558 2357 626 2379; x_wconf 78' lang='lat' dir='ltr'>sur</span> <span class='ocrx_word' id='word_1_294' title='bbox 653 2344 689 2380; x_wconf 80' lang='lat' dir='ltr'>le</span> <span class='ocrx_word' id='word_1_295' title='bbox 724 2344 944 2380; x_wconf 56' lang='lat' dir='ltr'>Commo-oe</span> <span class='ocrx_word' id='word_1_296' title='bbox 975 2352 1010 2380; x_wconf 74' lang='lat' dir='ltr'>ec</span> <span class='ocrx_word' id='word_1_297' title='bbox 1039 2358 1107 2379; x_wconf 76' lang='lat' dir='ltr'>sm·</span> <span class='ocrx_word' id='word_1_298' title='bbox 1136 2344 1191 2380; x_wconf 74' lang='lat' dir='ltr'>les</span> <span class='ocrx_word' id='word_1_299' title='bbox 1219 2346 1313 2380; x_wconf 80' lang='lat' dir='ltr'>Arls</span> <span class='ocrx_word' id='word_1_300' title='bbox 1343 2344 1386 2381; x_wconf 88' lang='lat' dir='ltr'>T.</span> <span class='ocrx_word' id='word_1_301' title='bbox 1418 2344 1451 2391; x_wconf 93' lang='lat' dir='ltr'>I,</span> <span class='ocrx_word' id='word_1_302' title='bbox 1490 2358 1575 2394; x_wconf 79' lang='lat' dir='ltr'>pag.</span> 
     </span>
     <span class='ocr_line' id='line_1_35' title="bbox 80 2399 1576 2451; baseline -0.003 -9"><span class='ocrx_word' id='word_1_303' title='bbox 80 2405 190 2451; x_wconf 87' lang='lat'>111),</span> <span class='ocrx_word' id='word_1_304' title='bbox 223 2402 293 2438; x_wconf 90' lang='lat' dir='ltr'>etsi</span> <span class='ocrx_word' id='word_1_305' title='bbox 324 2402 371 2437; x_wconf 87' lang='lat' dir='ltr'>ab</span> <span class='ocrx_word' id='word_1_306' title='bbox 403 2400 509 2438; x_wconf 90' lang='lat' dir='ltr'>Italis</span> <span class='ocrx_word' id='word_1_307' title='bbox 552 2399 650 2437; x_wconf 88' lang='lat' dir='ltr'>nihil</span> <span class='ocrx_word' id='word_1_308' title='bbox 685 2400 760 2437; x_wconf 71' lang='lat' dir='ltr'>tale</span> <span class='ocrx_word' id='word_1_309' title='bbox 800 2400 917 2451; x_wconf 83' lang='lat' dir='ltr'>prodi</span> <span class='ocrx_word' id='word_1_310' title='bbox 955 2400 1126 2437; x_wconf 85' lang='lat' dir='ltr'>memini.</span> <span class='ocrx_word' id='word_1_311' title='bbox 1186 2401 1243 2437; x_wconf 88' lang='lat' dir='ltr'>Ita</span> <span class='ocrx_word' id='word_1_312' title='bbox 1275 2407 1403 2438; x_wconf 82' lang='lat' dir='ltr'>tamen</span> <span class='ocrx_word' id='word_1_313' title='bbox 1433 2401 1576 2438; x_wconf 87' lang='lat' dir='ltr'>Petro-</span> 
     </span>
     <span class='ocr_line' id='line_1_36' title="bbox 76 2457 1577 2508; baseline -0.001 -12"><span class='ocrx_word' id='word_1_314' title='bbox 76 2459 166 2496; x_wconf 87' lang='lat' dir='ltr'>nius</span> <span class='ocrx_word' id='word_1_315' title='bbox 197 2465 363 2496; x_wconf 85' lang='lat' dir='ltr'>naturae</span> <span class='ocrx_word' id='word_1_316' title='bbox 394 2459 602 2495; x_wconf 78' lang='lat' dir='ltr'>veritatem</span> <span class='ocrx_word' id='word_1_317' title='bbox 634 2458 868 2507; x_wconf 77' lang='lat' dir='ltr'>expressisse</span> <span class='ocrx_word' id='word_1_318' title='bbox 896 2457 1025 2495; x_wconf 79' lang='lat' dir='ltr'>videri</span> <span class='ocrx_word' id='word_1_319' title='bbox 1057 2457 1194 2506; x_wconf 80' lang='lat' dir='ltr'>debet,</span> <span class='ocrx_word' id='word_1_320' title='bbox 1237 2459 1304 2508; x_wconf 86' lang='lat' dir='ltr'>qui</span> <span class='ocrx_word' id='word_1_321' title='bbox 1335 2471 1431 2494; x_wconf 77' lang='lat' dir='ltr'>saxa</span> <span class='ocrx_word' id='word_1_322' title='bbox 1445 2458 1577 2507; x_wconf 61' lang='lat' dir='ltr'>Ji‘rala&#39;</span> 
     </span>
     <span class='ocr_line' id='line_1_37' title="bbox 76 2515 1576 2565; baseline -0.001 -11"><span class='ocrx_word' id='word_1_323' title='bbox 76 2516 426 2554; x_wconf 70' lang='lat' dir='ltr'>circumtmnulata</span> <span class='ocrx_word' id='word_1_324' title='bbox 456 2529 640 2565; x_wconf 60' lang='lat' dir='ltr'>cupressu</span> <span class='ocrx_word' id='word_1_325' title='bbox 669 2520 817 2552; x_wconf 84' lang='lat' dir='ltr'>narrat.</span> <span class='ocrx_word' id='word_1_326' title='bbox 890 2517 1006 2551; x_wconf 88' lang='lat' dir='ltr'>Sacer</span> <span class='ocrx_word' id='word_1_327' title='bbox 1036 2521 1168 2552; x_wconf 85' lang='lat' dir='ltr'>autem</span> <span class='ocrx_word' id='word_1_328' title='bbox 1208 2515 1320 2552; x_wconf 86' lang='lat' dir='ltr'>lucus</span> <span class='ocrx_word' id='word_1_329' title='bbox 1349 2516 1413 2553; x_wconf 86' lang='lat' dir='ltr'>ille</span> <span class='ocrx_word' id='word_1_330' title='bbox 1446 2515 1576 2552; x_wconf 88' lang='lat' dir='ltr'>Heca—</span> 
     </span>
     <span class='ocr_line' id='line_1_38' title="bbox 77 2571 1575 2625; baseline -0.001 -14"><span class='ocrx_word' id='word_1_331' title='bbox 77 2579 141 2611; x_wconf 85' lang='lat' dir='ltr'>tae</span> <span class='ocrx_word' id='word_1_332' title='bbox 173 2572 228 2625; x_wconf 84' lang='lat' dir='ltr'>(V.</span> <span class='ocrx_word' id='word_1_333' title='bbox 258 2572 325 2625; x_wconf 82' lang='lat'>13)</span> <span class='ocrx_word' id='word_1_334' title='bbox 358 2586 426 2610; x_wconf 88' lang='lat' dir='ltr'>seu</span> <span class='ocrx_word' id='word_1_335' title='bbox 456 2572 737 2623; x_wconf 71' lang='lat' dir='ltr'>Proserpinae,</span> <span class='ocrx_word' id='word_1_336' title='bbox 778 2578 824 2609; x_wconf 90' lang='lat' dir='ltr'>ut</span> <span class='ocrx_word' id='word_1_337' title='bbox 854 2571 1051 2609; x_wconf 83' lang='lat' dir='ltr'>Homerus</span> <span class='ocrx_word' id='word_1_338' title='bbox 1091 2573 1162 2609; x_wconf 87' lang='lat' dir='ltr'>ait:</span> <span class='ocrx_word' id='word_1_339' title='bbox 1210 2573 1434 2610; x_wconf 86' lang='lat' dir='ltr'>Promiscue</span> <span class='ocrx_word' id='word_1_340' title='bbox 1472 2573 1575 2610; x_wconf 88' lang='lat' dir='ltr'>enim</span> 
     </span>
     <span class='ocr_line' id='line_1_39' title="bbox 75 2629 1573 2680; baseline -0.001 -13"><span class='ocrx_word' id='word_1_341' title='bbox 75 2630 119 2668; x_wconf 89' lang='lat' dir='ltr'>in</span> <span class='ocrx_word' id='word_1_342' title='bbox 148 2631 266 2669; x_wconf 90' lang='lat' dir='ltr'>rebus</span> <span class='ocrx_word' id='word_1_343' title='bbox 296 2630 432 2680; x_wconf 86' lang='lat' dir='ltr'>inseris</span> <span class='ocrx_word' id='word_1_344' title='bbox 462 2630 630 2678; x_wconf 84' lang='lat' dir='ltr'>Hecate,</span> <span class='ocrx_word' id='word_1_345' title='bbox 662 2629 920 2679; x_wconf 83' lang='lat' dir='ltr'>Proserpina,</span> <span class='ocrx_word' id='word_1_346' title='bbox 956 2630 1103 2678; x_wconf 87' lang='lat' dir='ltr'>Diana,</span> <span class='ocrx_word' id='word_1_347' title='bbox 1142 2629 1253 2667; x_wconf 78' lang='lat' dir='ltr'>Luna</span> <span class='ocrx_word' id='word_1_348' title='bbox 1283 2631 1479 2668; x_wconf 86' lang='lat' dir='ltr'>nominari</span> <span class='ocrx_word' id='word_1_349' title='bbox 1509 2644 1573 2667; x_wconf 87' lang='lat' dir='ltr'>so-</span> 
     </span>
     <span class='ocr_line' id='line_1_40' title="bbox 75 2687 1570 2738; baseline 0 -14"><span class='ocrx_word' id='word_1_350' title='bbox 75 2687 142 2726; x_wconf 89' lang='lat' dir='ltr'>let.</span> <span class='ocrx_word' id='word_1_351' title='bbox 190 2688 449 2738; x_wconf 77' lang='lat' dir='ltr'>Proserpinae</span> <span class='ocrx_word' id='word_1_352' title='bbox 480 2701 631 2724; x_wconf 86' lang='lat' dir='ltr'>sacram</span> <span class='ocrx_word' id='word_1_353' title='bbox 662 2687 848 2738; x_wconf 83' lang='lat' dir='ltr'>paludem</span> <span class='ocrx_word' id='word_1_354' title='bbox 878 2687 1078 2725; x_wconf 81' lang='lat' dir='ltr'>Avernain</span> <span class='ocrx_word' id='word_1_355' title='bbox 1108 2687 1242 2725; x_wconf 85' lang='lat' dir='ltr'>videas</span> <span class='ocrx_word' id='word_1_356' title='bbox 1277 2688 1383 2738; x_wconf 88' lang='lat' dir='ltr'>apud</span> <span class='ocrx_word' id='word_1_357' title='bbox 1416 2687 1570 2724; x_wconf 79' lang='lat' dir='ltr'>Diodor.</span> 
     </span>
     <span class='ocr_line' id='line_1_41' title="bbox 76 2743 1572 2796; baseline -0.001 -14"><span class='ocrx_word' id='word_1_358' title='bbox 76 2745 139 2793; x_wconf 90' lang='lat' dir='ltr'>IV,</span> <span class='ocrx_word' id='word_1_359' title='bbox 171 2748 237 2792; x_wconf 90' lang='lat'>22,</span> <span class='ocrx_word' id='word_1_360' title='bbox 270 2751 307 2781; x_wconf 91' lang='lat' dir='ltr'>et</span> <span class='ocrx_word' id='word_1_361' title='bbox 337 2745 471 2796; x_wconf 88' lang='lat' dir='ltr'>templi</span> <span class='ocrx_word' id='word_1_362' title='bbox 502 2745 675 2782; x_wconf 75' lang='lat' dir='ltr'>Hecatae</span> <span class='ocrx_word' id='word_1_363' title='bbox 704 2745 840 2782; x_wconf 84' lang='lat' dir='ltr'>ruinas</span> <span class='ocrx_word' id='word_1_364' title='bbox 873 2758 954 2781; x_wconf 86' lang='lat' dir='ltr'>esse</span> <span class='ocrx_word' id='word_1_365' title='bbox 984 2758 1068 2793; x_wconf 86' lang='lat' dir='ltr'>eas,</span> <span class='ocrx_word' id='word_1_366' title='bbox 1109 2758 1205 2794; x_wconf 87' lang='lat' dir='ltr'>quas</span> <span class='ocrx_word' id='word_1_367' title='bbox 1235 2745 1352 2794; x_wconf 72' lang='lat' dir='ltr'>vulgo</span> <span class='ocrx_word' id='word_1_368' title='bbox 1385 2743 1572 2793; x_wconf 81' lang='lat' dir='ltr'>Apollinis</span> 
     </span>
     <span class='ocr_line' id='line_1_42' title="bbox 75 2799 1571 2851; baseline -0.002 -13"><span class='ocrx_word' id='word_1_369' title='bbox 75 2802 200 2850; x_wconf 85' lang='lat' dir='ltr'>aiunt,</span> <span class='ocrx_word' id='word_1_370' title='bbox 233 2802 284 2838; x_wconf 90' lang='lat' dir='ltr'>ad</span> <span class='ocrx_word' id='word_1_371' title='bbox 304 2801 506 2839; x_wconf 86' lang='lat' dir='ltr'>Avernum</span> <span class='ocrx_word' id='word_1_372' title='bbox 528 2802 672 2851; x_wconf 83' lang='lat' dir='ltr'>lacum,</span> <span class='ocrx_word' id='word_1_373' title='bbox 703 2815 784 2839; x_wconf 86' lang='lat' dir='ltr'>non</span> <span class='ocrx_word' id='word_1_374' title='bbox 802 2803 903 2839; x_wconf 86' lang='lat' dir='ltr'>male</span> <span class='ocrx_word' id='word_1_375' title='bbox 923 2802 1119 2839; x_wconf 81' lang='lat' dir='ltr'>coniectat</span> <span class='ocrx_word' id='word_1_376' title='bbox 1140 2802 1279 2839; x_wconf 87' lang='lat' dir='ltr'>Paolus</span> <span class='ocrx_word' id='word_1_377' title='bbox 1306 2802 1370 2838; x_wconf 86' lang='lat' dir='ltr'>sol.</span> <span class='ocrx_word' id='word_1_378' title='bbox 1391 2799 1571 2837; x_wconf 75' lang='lat' dir='ltr'><strong>XXVIII.</strong></span> 
     </span>
     <span class='ocr_line' id='line_1_43' title="bbox 73 2856 1571 2909; baseline -0.003 -13"><span class='ocrx_word' id='word_1_379' title='bbox 73 2859 152 2896; x_wconf 88' lang='lat' dir='ltr'>Sed</span> <span class='ocrx_word' id='word_1_380' title='bbox 182 2859 302 2896; x_wconf 88' lang='lat' dir='ltr'>silvae</span> <span class='ocrx_word' id='word_1_381' title='bbox 332 2859 430 2895; x_wconf 86' lang='lat' dir='ltr'>istae</span> <span class='ocrx_word' id='word_1_382' title='bbox 459 2859 654 2896; x_wconf 86' lang='lat' dir='ltr'>inclusum</span> <span class='ocrx_word' id='word_1_383' title='bbox 687 2861 786 2896; x_wconf 89' lang='lat' dir='ltr'>aeris</span> <span class='ocrx_word' id='word_1_384' title='bbox 820 2859 948 2897; x_wconf 89' lang='lat' dir='ltr'>lacum</span> <span class='ocrx_word' id='word_1_385' title='bbox 980 2859 1201 2909; x_wconf 82' lang='lat' dir='ltr'>pestilentia</span> <span class='ocrx_word' id='word_1_386' title='bbox 1232 2859 1466 2904; x_wconf 73' lang='lat' dir='ltr'>infecerant,</span> <span class='ocrx_word' id='word_1_387' title='bbox 1502 2856 1571 2892; x_wconf 83' lang='lat' dir='ltr'>etsi</span> 
     </span>
     <span class='ocr_line' id='line_1_44' title="bbox 73 2912 1570 2968; baseline 0.001 -16"><span class='ocrx_word' id='word_1_388' title='bbox 73 2916 146 2967; x_wconf 84' lang='lat' dir='ltr'>ipsi</span> <span class='ocrx_word' id='word_1_389' title='bbox 177 2921 294 2953; x_wconf 86' lang='lat' dir='ltr'>antro</span> <span class='ocrx_word' id='word_1_390' title='bbox 328 2914 620 2953; x_wconf 81' lang='lat' dir='ltr'>exhalationem</span> <span class='ocrx_word' id='word_1_391' title='bbox 650 2916 791 2954; x_wconf 86' lang='lat' dir='ltr'>tribuit</span> <span class='ocrx_word' id='word_1_392' title='bbox 821 2916 1002 2968; x_wconf 81' lang='lat' dir='ltr'>Virgilius</span> <span class='ocrx_word' id='word_1_393' title='bbox 1035 2916 1116 2967; x_wconf 85' lang='lat' dir='ltr'>(VI,</span> <span class='ocrx_word' id='word_1_394' title='bbox 1144 2912 1384 2964; x_wconf 77' lang='lat'>237—241)</span> <span class='ocrx_word' id='word_1_395' title='bbox 1417 2919 1456 2950; x_wconf 77' lang='lat' dir='ltr'>el.</span> <span class='ocrx_word' id='word_1_396' title='bbox 1481 2913 1570 2950; x_wconf 76' lang='lat' dir='ltr'>imi-</span> 
     </span>
    </p>
   </div>
  </div>
 </body>
</html>
