1779 3420
132 232 233 280 918
468 229 522 278 P.
559 227 919 278 VIRGILII
959 226 1335 277 MARONIS

133 357 238 404 Per
258 369 507 420 superOS,
547 361 600 402 et
623 354 665 402 si
692 369 795 419 qua
817 351 956 402 fides
985 351 1175 402 tellure
1199 353 1297 402 sub
1318 354 1423 403 ima
1450 362 1552 406 est:

132 424 335 475 Invitus
353 464 366 488 ,
401 423 609 488 regina,
646 431 742 472 tuo
764 422 832 471 de
852 422 1009 471 litore
1034 423 1177 474 cessi.
1556 428 1659 477 460

136 494 247 544 Sed
268 510 360 544 me
383 494 518 543 iussa
543 493 734 556 deum,
761 508 898 558 quae
920 508 1065 541 nunc
1091 492 1186 541 has
1206 492 1283 542 ire
1304 509 1404 559 per
1423 494 1659 559 umbraS,

132 567 240 615 Per
257 563 374 613 loca
403 572 553 613 senta
585 563 687 611 situ
719 570 917 625 cogunt
947 570 1278 628 noctemque
1309 562 1658 630 profundam,

132 635 378 700 Imperiis
401 648 559 698 egere
584 631 715 693 suis;
751 647 853 680 nec
879 630 1102 681 credere
1130 632 1273 698 quivi

132 705 289 754 Hunc
310 712 519 752 tantum
540 702 636 751 tibi
656 717 746 750 me
773 700 1005 751 discessu
1027 699 1171 750 ferre
1194 701 1460 751 dolorem.

136 774 272 823 Siste
317 772 544 838 gradum
564 813 577 837 ,
629 780 795 838 teque
836 771 1094 837 adspectu
1137 787 1208 821 ne
1258 771 1513 822 subtrahe
1557 788 1659 821 no-

923 850 1048 893 stro.

136 914 312 975 Quem
347 909 522 976 fugis?
573 920 873 961 extremum
906 910 1016 1030 flato
1040 952 1052 975 ,
1105 909 1254 977 quod
1283 919 1338 961 te
1376 846 1659 979 εὶᾶίοςέξιῗ

964 997 1028 1030 oc
1060 990 1150 1032 est.

134 1049 353 1099 Talibus
372 1052 580 1100 Aeneas
605 1049 888 1101 ardentem
914 1060 966 1100 et
985 1060 1135 1100 torva
1156 1058 1403 1099 tuentem

130 1119 357 1170 Lenibat
379 1120 529 1170 dictis
550 1121 812 1185 animum,
849 1120 1199 1188 lacrimasque
1224 1120 1408 1171 ciebat.

223 1236 292 1273 459
321 1245 377 1271 est
397 1238 499 1272 abest
521 1238 565 1272 ab
593 1250 647 1284 pr.
676 1239 818 1284 Menag.
849 1245 886 1273 et
917 1239 1042 1272 eodem
1077 1237 1184 1272 Goth.
1219 1249 1289 1271 sec.
1337 1236 1448 1281 (Erit,
1481 1236 1540 1282 qui
1569 1236 1660 1271 scri-

130 1290 229 1329 ptum
251 1285 366 1318 malit:
391 1298 494 1332 per,
520 1287 553 1320 si
571 1298 604 1332 q.
615 1286 688 1330 fid.
719 1287 816 1330 lVr.)

129 1332 201 1367 465
236 1344 303 1364 nec
334 1344 364 1365 s.
401 1335 519 1378 Sprot.
568 1334 763 1380 adspectui
793 1333 897 1367 codd.
930 1347 986 1379 ap.
1013 1333 1105 1367 Pier.

910 1286 979 1322 461
1007 1287 1071 1332 qai
1088 1288 1224 1326 Franc.,
1250 1291 1286 1317 et
1305 1285 1348 1317 ab
1369 1284 1437 1317 alia
1458 1296 1560 1317 manu
1579 1297 1659 1330 que.

1200 1332 1270 1367 466
1298 1331 1407 1377 sator
1436 1331 1574 1375 Menag.
1606 1344 1659 1376 pr.

121 1377 251 1424 satum
279 1380 360 1412 Exc.
393 1381 508 1414 Burm.
558 1387 594 1413 te
634 1381 736 1414 abest
766 1393 786 1414 a
818 1380 909 1414 binis
947 1382 1131 1414 Burmann.
1165 1385 1200 1412 et
1230 1379 1339 1412 Goth.
1366 1384 1471 1419 tert.‚
1505 1378 1660 1411 indocte.

129 1424 200 1460 468
223 1425 401 1459 Leneibat
421 1433 509 1460 vett.
533 1438 590 1472 ap.
608 1428 700 1461 Pier.
749 1428 981 1473 lacrimisque
1004 1429 1126 1461 Franc.
1175 1426 1334 1459 Ceterum
1362 1427 1475 1458 Burin.
1504 1425 1661 1458 difficul-

129 1478 241 1505 tatem
258 1479 356 1506 recte
375 1473 596 1519 percipiebat
614 1474 649 1507 in
673 1486 734 1516 eo,
759 1475 856 1519 quod
876 1483 984 1509 torva
1003 1483 1166 1508 tuentem
1197 1474 1357 1506 animum
1386 1472 1421 1504 in
1449 1472 1570 1505 umbra
1597 1484 1661 1504 ex-

129 1518 255 1552 hibere
274 1520 410 1554 videtur
429 1527 558 1566 poeta5
584 1521 709 1555 lortin.
728 1529 847 1555 autem
869 1521 975 1555 etiam
1003 1521 1205 1565 corrigebat
1228 1522 1402 1553 animam:
1429 1518 1505 1552 sine
1535 1520 1661 1553 fructu.

130 1567 208 1600 Nec
233 1567 318 1600 satis
348 1574 403 1600 est
431 1567 591 1613 accipere
619 1568 751 1602 dictum
791 1581 878 1614 pro,
912 1571 1072 1602 animam
1101 1568 1251 1601 tuentis.
1300 1566 1403 1607 Nisi,
1439 1566 1533 1611 quod
1558 1566 1661 1599 valde

131 1613 311 1657 suspicor,
335 1614 593 1648 hemistichium
613 1615 703 1648 male
720 1616 897 1661 expletum
919 1623 992 1658 est,
1029 1628 1104 1649 cum
1136 1627 1155 1647 a
1186 1615 1330 1647 Marone
1357 1613 1517 1646 relictum
1546 1619 1660 1646 esset:

136 1659 289 1694 Talibus
307 1680 350 1685 —-
372 1670 533 1695 tuentem
548 1661 707 1696 Lenibat
729 1664 837 1696 dictis
860 1687 869 1696 .

922 1663 997 1696 Illa
1018 1675 1045 1696 s.
1066 1662 1197 1706 triplex
1218 1660 1458 1706 expediendae
1483 1659 1535 1692 rei
1561 1661 1661 1693 adest

130 1707 275 1740 modus:
300 1707 449 1753 primum
469 1716 508 1742 ut
526 1708 720 1754 distinguas
738 1716 822 1755 post
842 1710 971 1752 dictis,
995 1716 1033 1742 ut
1051 1709 1114 1742 sit:
1145 1710 1305 1742 animum
1326 1708 1568 1752 lacrimasque
1586 1709 1660 1740 cie-

131 1814 183 1840 ex
213 1801 386 1841 flammis
418 1802 658 1841 lucentibus.
697 1817 783 1855 sup.
816 1803 865 1853 V,

130 1873 192 1915 pr.
251 1858 348 1901 459.
379 1869 418 1898 et
439 1863 477 1898 si
498 1876 580 1914 qua
596 1861 710 1908 fides
729 1862 866 1899 tellus-e

130 1917 204 1955 sub
235 1918 321 1954 ima
344 1926 429 1965 esus
470 1920 502 1957 si
531 1918 629 1969 quid
660 1919 769 1970 apud
800 1919 866 1957 in-

130 1976 237 2014 seros
271 1975 381 2013 aliud
402 2005 412 2024 ‚
451 1977 562 2027 quod
589 1976 712 2014 sidem
738 1978 868 2015 facere

130 2032 281 2071 iuranti
303 2039 439 2084 potest
468 2033 528 2087 (id
549 2035 656 2073 enim
678 2041 716 2073 et
736 2035 868 2088 ipsum

118 2091 232 2139 fides
274 2091 353 2129 dici
392 2092 503 2130 solet.
556 2094 662 2131 conf.
696 2107 785 2145 sup.
817 2093 865 2142 Il,

134 2148 228 2190 142.
281 2149 383 2187 Male
416 2150 534 2189 aliter
576 2153 689 2190 Serv.
716 2157 757 2189 et
783 2149 866 2205 aL).

133 2204 253 2259 (Apte
276 2214 411 2246 autem
433 2221 506 2261 per
524 2222 691 2261 superos
723 2216 764 2247 et
795 2222 867 2261 per

130 2265 308 2304 infernos
332 2266 427 2304 deos
459 2266 590 2317 iurat;
628 2280 701 2319 per
733 2267 867 2305 sidera

131 2329 173 2361 et
199 2337 386 2375 superos,
427 2325 520 2375 quia
552 2325 636 2377 ipse
666 2324 799 2363 adhuc
826 2326 867 2363 in

131 2380 236 2419 vivis
260 2387 468 2431 versatur3
499 2396 571 2434 per
594 2383 751 2421 inferna
783 2397 869 2422 nu·-

131 2437 263 2487 mina,
304 2440 413 2489 quod
446 2441 617 2489 Didoni,
659 2441 769 2492 apud
802 2441 868 2479 in-

132 2496 236 2533 seros
260 2496 480 2546 habitanti,
506 2499 748 2550 persuadere
768 2500 868 2537 vult.

137 2552 256 2605 lVr.)
328 2554 425 2597 460.
466 2556 633 2594 Ursinus
662 2563 872 2607 comparat

134 2611 281 2648 Catulli
316 2625 477 2651 versum
509 2613 558 2651 de
591 2615 712 2652 Coma
750 2615 871 2652 Bere-

134 2669 262 2706 nices:
297 2671 458 2719 Invita,
493 2686 515 2707 ο
535 2675 702 2721 regma,
729 2680 796 2709 tuo
823 2673 871 2708 cle

135 2729 276 2764 vertice
309 2729 422 2764 ‹ees—si.
488 2729 746 2765 Conveniunt
787 2729 868 2766 sal—

134 2791 216 2822 tem
246 2784 382 2824 verba.
450 2784 547 2827 462.
579 2787 679 2822 sitas
711 2792 771 2823 est
803 2787 868 2823 in—

135 2843 264 2880 cultae
306 2842 493 2891 telluris,
551 2856 624 2880 nec
675 2857 867 2881 manuum

135 2915 253 2952 opera
293 2908 457 2948 motae,
501 2901 662 2950 squalor
701 2907 740 2938 et
769 2901 868 2938 lior-

135 2972 225 3007 νον,
253 2972 332 3010 quo
354 2960 398 2996 lit
423 2966 467 2997 ut
489 2958 717 2997 obducatur
739 2959 869 2996 solum

925 1804 1124 1853 sentibus,
1157 1803 1313 1852 dumis,
1353 1802 1476 1841 filice:
1522 1815 1660 1854 aspera

924 1862 1058 1912 itaque
1079 1863 1166 1900 loca
1186 1868 1226 1899 et
1244 1860 1411 1898 horrida
1431 1855 1660 1913 (αὕχμηροῖν

924 1916 1078 1973 χώραν)
1102 1933 1151 1957 ex
1174 1919 1289 1957 cultu
1308 1919 1508 1969 neglecto,
1537 1918 1657 1955 adeo-

926 1990 1003 2029 que
1025 1991 1075 2015 ex
1097 1977 1199 2026 situ,
1230 1978 1299 2028 qui
1327 1973 1454 2028 εὔροός
1476 1981 1556 2025 est,
1587 1989 1661 2013 ex-

925 2036 1066 2088 primit
1099 2036 1204 2073 enim
1233 2035 1493 2073 Homericum
1520 2031 1660 2074 Ἀΐδεω

927 2090 1051 2146 δόμον
1104 2090 1324 2147 εὐρώεντα.
1410 2091 1506 2134 465.
1558 2093 1661 2129 Siste

922 2152 1118 2203 graelum.
1182 2151 1272 2189 Hoc
1314 2163 1412 2189 vero
1455 2150 1661 2201 praeclare

926 2223 976 2247 ex
1008 2210 1153 2261 Odyss.
1188 2213 1223 2255 λ,
1256 2208 1338 2250 560
1368 2214 1406 2245 et
1431 2208 1540 2245 omni
1566 2222 1661 2246 ora-

926 2268 1035 2306 tione
1060 2268 1246 2306 disertius
1265 2279 1363 2304 mox
1389 2265 1588 2304 silentium
1611 2279 1661 2303 ex

927 2340 966 2365 v.
988 2326 1086 2373 562,
1114 2339 1231 2376 quem
1262 2324 1339 2362 iam
1368 2324 1535 2374 Longini
1562 2321 1604 2375 §.
1634 2326 1660 2365 9

926 2384 1120 2421 iudicium
1148 2382 1388 2422 nobilitavit.
1436 2382 1498 2420 Ad
1518 2395 1557 2420 v·
1576 2380 1661 2425 466

926 2442 1042 2480 facile
1062 2442 1104 2479 in
1130 2447 1304 2479 mentem
1335 2440 1471 2478 veniat
1501 2438 1662 2491 Sopho-

930 2500 1058 2537 eleum
1100 2499 1227 2538 illud:
1278 2496 1320 2538 σὲ
1365 2494 1408 2538 δ’
1449 2491 1482 2537 ὦ
1527 2513 1572 2548 φ.
1604 2518 1660 2525 —-

929 2556 1187 2610 προςεννέπω
1261 2553 1528 2595 Πανύστατον
1594 2551 1660 2605 δή,

929 2611 1102 2655 κοῦποτ’
1150 2609 1276 2661 αὖθις
1312 2610 1492 2664 ὕστερον.
1526 2610 1661 2664 (Aiace

931 2675 1009 2714 871
1045 2670 1118 2723 sq.)
1182 2670 1333 2722 (Quem
1363 2670 1521 2721 sugis?
1569 2669 1597 2707 i.
1623 2683 1660 2720 q.

931 2729 1026 2779 quid
1047 2742 1107 2765 mc
1133 2729 1259 2779 sugis?
1288 2728 1369 2766 vid.
1402 2728 1447 2765 V.
1474 2728 1515 2765 L,
1548 2727 1599 2764 ad
1632 2728 1659 2775 l,

930 2789 968 2827 8.
1009 2785 1123 2836 lli.)
1205 2789 1300 2828 467.
1345 2794 1458 2823 torva
1491 2793 1661 2822 luentem

928 2841 1091 2895 ὑπόδρα
1115 2845 1297 2885 ἰδοῦσαν.
1359 2844 1454 2885 468.
1487 2843 1662 2880 Lenibat

930 2902 1046 2938 divas
1075 2904 1259 2938 animam
1281 2932 1289 2947 ,
1336 2901 1459 2938 lenire
1487 2900 1660 2948 volebat,

929 2959 1139 3008 studebat,
1171 2972 1255 2997 eam
1277 2960 1442 3008 iratam,
1475 2965 1514 2996 et
1536 2960 1662 2997 torvis
