1779 3420
116 205 222 255 572
414 192 1346 248 EXCURSUSIII.IV.

490 380 1065 440 EXCURSUS
1148 377 1253 434 III

674 494 1097 551 Polydorus.

235 618 300 668 111,
330 616 398 659 49.
429 615 486 653 De
506 612 710 664 Polydoro
737 610 917 648 narratio
938 609 987 648 ab
1009 608 1142 660 aliquo
1170 603 1331 647 Νόστων
1353 603 1551 656 scriptore
1578 602 1643 640 in-

119 683 264 727 venta,
296 689 317 713 a
339 673 514 725 Tragicis
534 672 611 709 fuit
630 675 786 716 ornata,
813 668 934 705 variis
957 667 1120 718 quidem
1139 664 1290 713 modis,
1321 670 1370 701 ut
1393 663 1460 701 vel
1481 675 1532 699 ex
1545 662 1643 699 Ser-

119 736 187 774 vio
208 735 260 772 ad
281 733 322 772 h.
346 734 371 771 l.
390 739 428 770 et
442 731 599 782 Hygino
618 727 696 766 fab.
719 728 800 767 109
819 725 1056 777 intelligitur
1074 740 1083 764 ε
1124 735 1299 772 namque
1320 721 1371 758 ad
1391 720 1556 758 Ilionem
1577 733 1644 756 so-

119 806 254 832 rorem
282 787 575 842 Polymnestori
608 790 778 836 nuptam
796 784 961 821 missum
980 796 1072 821 eum
1094 779 1353 820 educandum
1373 777 1430 816 illi
1452 781 1644 826 narrant3

120 865 244 904 porro
290 863 312 886 a
352 860 444 899 rege
469 847 608 898 ignaro
637 843 765 881 filium
802 855 855 879 ex
887 841 1010 879 Ilione
1048 845 1280 891 susceptum
1307 836 1429 875 fuisse
1456 841 1643 873 necatum

120 924 195 962 pro
216 906 432 959 Polydoro.
462 919 502 943 v.
523 904 689 940 Excurs.
714 900 850 938 XXIV
879 900 931 936 ad
949 900 1016 938 lib.
1041 899 1068 937 Ι.
1130 897 1330 935 Homerus
1352 894 1493 945 utique
1514 893 1643 941 aliter,

120 966 230 1019 apud
247 978 366 1016 quem
386 961 612 1014 Polydorus
633 958 682 997 ab
706 956 861 996 Achille
883 958 1082 996 occiditur
1103 955 1213 994 Iliad.
1235 971 1273 1003 v,
1293 952 1377 994 407
1403 965 1488 1003 sqq.
1549 951 1644 990 Vir-

118 1025 236 1076 gilius
259 1029 352 1061 ante
374 1021 511 1060 oculos
537 1017 683 1056 habuit
704 1016 913 1054 Hecubam
934 1015 1210 1067 Euripideam,
1240 1013 1283 1050 in
1303 1010 1398 1064 ipsis
1426 1010 1527 1049 adeo
1546 1022 1643 1048 ver-

119 1083 204 1133 bis,
234 1081 371 1120 statim
390 1094 412 1118 a
429 1076 642 1131 principio.
683 1075 732 1113 ef.
754 1074 846 1113 Not.
869 1074 921 1112 ad
939 1088 978 1113 v.
1001 1077 1056 1117 22
1078 1087 1134 1125 sq.

467 1357 1132 1419 EXCURSUS
1206 1354 1301 1412 IV

235 1493 301 1543 III,
334 1494 388 1534 73
406 1493 540 1532 -77,
583 1489 639 1526 De
665 1488 787 1535 Delo,
817 1487 1062 1538 grallssima
1084 1485 1203 1523 tellus
1225 1482 1451 1522 Nereidum
1469 1482 1590 1518 matri
1610 1488 1646 1517 et

123 1555 315 1604 IVeptuno
338 1552 520 1600 Aegaeo,
580 1546 817 1599 Appellatur
839 1546 897 1583 ita
915 1558 996 1583 non
1014 1542 1252 1595 simpliciter
1267 1571 1278 1591 ,
1310 1546 1507 1591 quatenus
1529 1539 1645 1576 insu-

121 1612 181 1662 la3
213 1611 272 1648 ita
302 1608 408 1646 enim
437 1607 549 1644 locus
578 1605 804 1655 langueret,
843 1602 914 1640 sed
940 1608 1128 1654 respectu
1157 1600 1209 1638 ad
1234 1599 1505 1649 antiquiorem
1527 1597 1646 1635 fabu-

120 1670 222 1718 lam,
261 1679 364 1719 quae
396 1678 507 1703 nunc
538 1663 700 1714 quidem
734 1662 830 1699 satis
857 1660 1039 1712 expediri
1069 1673 1150 1697 non
1178 1663 1324 1710 potest.
1384 1655 1549 1694 Servius
1577 1660 1644 1692 ta-

121 1740 233 1766 men:
263 1727 437 1771 Postea,
471 1721 627 1772 inquit,
659 1720 913 1771 supplicante
933 1720 1025 1757 lovi
1053 1719 1240 1764 Lalona,
1273 1715 1410 1753 lemna
1431 1712 1647 1764 sapety‘errc’

123 1787 244 1838 aquis
275 1784 419 1833 coepit.
480 1782 603 1817 Haec
628 1780 765 1829 primo
803 1778 996 1827 Neptuno
1041 1785 1078 1813 et
1104 1773 1256 1813 Doridi
1272 1773 1365 1824 suit
1393 1778 1640 1818 consecrata,

119 1835 777 1895 postea—Lalorza-—llttoribus
804 1843 992 1885 suscepta
1021 1842 1091 1871 est.
1146 1831 1338 1870 Similiter
1365 1829 1513 1868 Strabo
1542 1828 1644 1878 VIII,

121 1915 161 1954 p.
180 1898 264 1942 574
281 1897 328 1948 A,
358 1897 500 1934 Delum
521 1894 651 1947 primo
672 1894 862 1945 Neptuno
880 1905 1056 1939 sacram,
1086 1905 1182 1928 mox
1201 1890 1377 1927 Latonae
1399 1902 1474 1940 pro
1498 1886 1645 1924 Calau-

121 1959 181 1998 ria
201 1970 370 2006 cessam,
401 1968 451 1993 ex
476 1952 649 2004 antiquis
676 1953 805 2006 poetis
826 1957 979 1989 narrat.
1018 1949 1150 1997 Quem
1168 1949 1303 1986 locum
1327 1960 1418 1984 cum
1439 1945 1524 1983 aliis
1544 1958 1644 1982 con—

122 2016 285 2055 iecturis
312 2014 392 2052 iam
423 2017 667 2063 occupatum
695 2009 815 2049 video
851 2023 874 2046 a
912 2009 1009 2047 Viro
1037 2007 1195 2046 doctiss.
1224 2006 1267 2044 in
1290 2005 1433 2043 Exere.
1465 2003 1515 2042 de
1545 2002 1643 2040 Delo

122 2075 233 2114 Misc.
263 2073 377 2112 Obss.
400 2071 488 2110 Vol.
516 2070 599 2118 VII,
629 2082 669 2121 p.
699 2071 766 2110 79.
827 2067 1002 2105 Omnino
1030 2064 1128 2104 mihi
1156 2064 1300 2104 videor
1334 2061 1476 2101 Graeci
1503 2067 1645 2114 poetae

121 2132 290 2184 vestigia
314 2137 355 2169 et
377 2130 460 2182 ipsa
482 2128 608 2167 verba
638 2127 680 2165 in
699 2126 778 2164 hoc
801 2138 924 2165 versu
945 2125 1000 2167 74
1021 2123 1365 2163 animadvertere:
1408 2116 1581 2173 Νηρῆός
1604 2133 1645 2158 τε

124 2188 297 2244 δάμαρτι
324 2182 586 2229 Ποσειδάωνί
616 2185 652 2225 τ’
680 2182 847 2232 ἄνακτι,
878 2184 919 2222 in
943 2182 1054 2222 hunc
1073 2182 1139 2221 vel
1161 2181 1328 2219 similem
1354 2178 1544 2227 modum,
1574 2182 1645 2214 aut

123 2250 289 2302 propius
309 2247 360 2285 ad
379 2245 502 2285 verba
521 2243 670 2282 nostri:
703 2243 920 2295 Νηρεΐδων
947 2236 1099 2295 μητρός
1126 2255 1168 2280 τε
1206 2232 1466 2284 Ποσειδῶνός
1491 2232 1533 2275 τ’
1565 2234 1643 2274 Αἰ-

123 2308 255 2361 γαίου.
314 2305 538 2343 Multorum
561 2307 694 2340 autem
722 2301 945 2338 carminum
980 2303 1260 2350 argumentum
1285 2296 1380 2334 olim
1407 2295 1485 2332 suit
1513 2293 1643 2331 Delus.

123 2379 163 2403 v.
179 2364 288 2402 laud.
316 2362 489 2401 Exercit.
508 2375 546 2413 p.
573 2364 611 2409 3,
644 2365 684 2396 et
704 2364 839 2396 noster
858 2372 981 2411 supra
1003 2358 1145 2409 Georg.
1168 2355 1234 2405 III,
1267 2357 1292 2396 6
1317 2353 1395 2392 Cui
1412 2366 1492 2389 non
1512 2352 1645 2388 dictus

125 2424 262 2473 Hylas
277 2436 382 2472 puer
397 2429 432 2457 et
456 2420 636 2456 Latonia
657 2417 817 2455 Delos?

212 2480 255 2518 [n
275 2478 415 2517 iisdem
428 2476 608 2515 versibus
628 2474 771 2526 Apollo
791 2474 1187 2512 Delon—Errantem
1211 2470 1349 2521 Gyaro
1365 2467 1473 2504 celsa
1494 2467 1644 2516 Ilffyco-

125 2552 252 2590 noque
271 2537 456 2583 revinxc‘l,
472 2535 504 2571 si
528 2533 761 2584 elegantiam
784 2538 996 2584 poetarum
1019 2529 1208 2580 sequaris,
1221 2527 1328 2564 celsa
1349 2527 1540 2575 Mycono,
1556 2523 1643 2574 epi—

125 2596 238 2634 theto
252 2592 465 2646 posteriori
484 2591 576 2631 voci
592 2590 758 2638 adiecto,
771 2588 971 2640 iungenda
983 2588 1185 2627 videntur.
1206 2587 1307 2623 Sane
1320 2582 1468 2621 Ovidio
1481 2581 1644 2632 quidem

124 2654 218 2693 Met.
246 2652 329 2702 VII,
361 2650 443 2692 463
471 2650 638 2687 humilis
657 2650 856 2699 stsyconos
877 2646 995 2684 dicta.
1044 2644 1203 2682 Scilicet
1223 2641 1353 2680 insula
1378 2639 1507 2678 onmis
1536 2639 1640 2688 alta,

127 2718 323 2764 quatenus
342 2708 443 2747 mari
463 2707 622 2754 eminet,
655 2711 695 2742 et
716 2705 882 2741 humilis
906 2704 1075 2741 aliarum
1096 2702 1320 2739 insularum
1332 2704 1540 2750 respectu;
1571 2697 1643 2734 etsi

125 2769 333 2809 interdum
356 2767 432 2805 ista
456 2765 541 2817 ipsa
562 2762 739 2816 epitheta
762 2761 883 2800 modo
909 2761 961 2799 ad
978 2760 1166 2798 littorum
1196 2759 1275 2796 alta
1301 2755 1579 2808 promontoria
1604 2761 1644 2792 et

126 2828 310 2881 scopulos
339 2829 596 2873 montesque,
625 2821 690 2860 vel
716 2821 828 2858 laeve
852 2826 892 2856 et
921 2819 1063 2856 leniter
1091 2818 1240 2856 acclive
1271 2816 1403 2865 littus,
1443 2814 1565 2852 modo
1592 2812 1644 2850 ad

126 2885 318 2926 interiora
343 2881 398 2936 (v.
421 2897 453 2919 c.
473 2876 664 2933 χθαμαλή
686 2878 828 2930 OdySS.
849 2893 886 2923 κ,
911 2875 1008 2929 196)
1029 2882 1233 2926 spectant,
1269 2874 1412 2921 modo,
1445 2879 1643 2923 quatenus

128 2960 148 2984 c
168 2944 385 2997 longinquo
404 2940 466 2979 vel
493 2952 511 2976 c
543 2936 770 2990 propinquo
793 2941 998 2988 spectatur
1019 2941 1127 2973 terra
1149 2932 1441 2985 navigantibus
1490 2931 1553 2969 Sic
1574 2931 1641 2968 inf.
