1811 3388
367 198 778 248 AENEIDOS
821 200 961 250 LIB.
999 202 1086 261 IV,
1128 205 1420 255 474—482
1549 214 1645 259 671

146 326 293 386 Quae
338 322 469 372 mihi
508 321 699 372 reddat
740 339 891 386 eum,
937 322 1022 372 vel
1053 341 1118 374 eo
1148 341 1237 375 me
1268 326 1433 378 solvat
1467 346 1648 380 aman-

920 401 1045 444 tem.

144 459 344 510 Oceani
375 457 545 507 finem
570 459 706 508 iuxta
728 460 1008 528 solemque
1029 462 1311 514 cadentem
1545 475 1647 522 480

141 528 369 579 Ultimus
401 528 728 593 Aethiopum
764 529 911 579 locus
949 541 1048 593 est,
1084 532 1177 581 ubi
1208 550 1484 584 maxumus
1503 539 1645 588 Atlas

140 602 305 646 Axem
333 596 564 646 humero
591 607 807 665 torquet
833 599 994 650 stellis
1020 601 1326 652 ardentibus
1351 614 1556 671 aptum:

228 746 297 783 479
323 748 506 781 reddet-
518 748 598 780 solv
591 756 635 781 νει
660 749 830 794 oblongus
856 751 967 784 Vatic.
991 751 1116 793 Pierii3
1155 754 1337 787 reddac—
1349 755 1467 790 Solvet
1481 757 1641 803 Longob.

137 793 301 827 ciusdem.
351 796 461 828 solut
478 795 588 828 Wall.
613 808 632 828 a
650 808 693 828 m.
716 809 768 841 pr.
817 798 946 830 reddet
973 807 1005 831 et
1025 798 1152 833 absolz
1146 809 1190 832 et
1210 801 1299 833 alter
1316 803 1451 847 Menag.
1478 811 1513 837 et
1534 806 1640 838 w1tt

136 841 196 873 vel
217 853 310 886 quae
334 854 388 873 me
411 842 535 874 solvat
557 843 678 874 Frnic
714 850 749 875 et
778 844 885 876 Goth.
911 852 991 877 tert.
1041 847 1110 879 Sed
1145 846 1320 891 vulgatam
1354 849 1457 883 etiam
1486 853 1640 885 Donatus

136 894 170 919 et
194 887 352 920 Lutatius
377 894 578 931 agnoscunt.
603 900 634 921 v.
660 890 840 922 Burmann.
934 892 1003 926 432
1028 901 1146 925 actum
1181 894 1323 927 volebat
1347 897 1511 939 Vossius;
1547 906 1583 932 at
1607 911 1638 933 v.

135 934 247 966 Burm.
266 933 301 967 h.
322 934 345 967 l.
367 941 404 966 et
397 914 492 967 0vid.
514 943 640 968 notam.
689 936 744 979 (at
766 945 912 982 torquet
936 938 1060 972 Medic.
1085 951 1104 972 a
1127 952 1172 973 m.
1196 952 1249 984 pr.
1281 943 1350 975 Wr
1331 943 1378 986 r.)

135 1060 205 1099 dju
234 1059 385 1099 Aeneas
406 1075 591 1114 praesens
621 1070 717 1102 erat.
778 1066 856 1103 Te-

133 1118 266 1156 nenda
286 1118 403 1168 haec,
435 1126 480 1158 ut
499 1120 547 1157 de
567 1134 719 1158 summa
740 1128 778 1159 et
804 1124 854 1160 li-

134 1175 197 1213 bri
218 1182 258 1213 et
273 1177 512 1214 narrationis
535 1185 701 1218 constet.
731 1180 855 1228 Quod

134 1233 383 1272 sacerdotem
414 1235 546 1272 arcani
570 1237 670 1273 sacri
698 1237 746 1274 ab
768 1238 853 1275 He-

133 1290 334 1341 speridum
355 1290 480 1329 hortis
503 1292 685 1343 advocat,
708 1295 851 1333 mirum

132 1346 265 1385 videri
291 1354 445 1399 potest,
473 1350 546 1386 nisi
563 1351 665 1388 sorte
684 1352 851 1403 Apollo—

133 1404 186 1441 nii
219 1404 380 1454 Medea,
430 1406 482 1443 ad
531 1408 641 1445 cuius
677 1422 850 1447 amorem

132 1461 298 1499 Didonis
315 1477 426 1500 amor
442 1464 483 1500 in
502 1464 673 1502 Aeneam
692 1480 851 1504 accom-

130 1518 316 1557 modatus
337 1526 396 1557 est
416 1534 436 1556 a
454 1528 585 1572 poeta,
611 1523 728 1560 etiam
742 1523 851 1562 hunc

129 1574 295 1614 hortum
323 1590 412 1614 cum
452 1578 624 1616 dracone
654 1582 850 1631 sacrisque

130 1633 286 1684 magicis
315 1634 382 1672 lib:
407 1635 472 1683 IV,
508 1639 585 1677 109
612 1651 694 1687 sqq.
728 1652 849 1676 accu-

129 1696 214 1727 rate
232 1690 440 1742 descriptis
461 1693 502 1729 in
528 1700 668 1744 poetae
690 1695 848 1746 ingenio

129 1747 227 1785 sevit
247 1754 284 1785 et
302 1748 505 1787 instruxit.
565 1752 680 1789 Certe
708 1766 744 1790 v.
763 1753 846 1794 484

128 1804 268 1846 —436
292 1819 311 1841 a
338 1806 497 1843 Medeae
532 1810 712 1860 exemplo
734 1811 847 1861 petiti

127 1867 239 1910 sunt,
292 1863 475 1914 Apollon.
514 1864 587 1914 ΠΙ,
638 1868 720 1908 530
763 1882 845 1918 sqq.

126 1919 337 1957 Enimvero
348 1921 562 1959 tenendum
574 1931 777 1974 praeterea
789 1931 848 1963 est

128 1974 225 2023 hoc,
253 1983 472 2015 extremam
493 1979 601 2016 illam
625 1980 779 2018 Africae
804 1982 844 2020 h.

126 2045 157 2069 e.
179 2033 463 2072 occidentalem
485 2036 636 2087 plagam
652 2039 846 2089 antiquis-

126 2089 317 2127 simorum
350 2098 558 2142 poetarum
594 2095 736 2132 fabulis
764 2109 845 2132 esse

127 2146 385 2196 celebratam,
409 2162 479 2186 nec
497 2150 616 2188 modo
632 2152 742 2199 Solis,
762 2153 844 2190 No-

126 2203 220 2251 ctis,
251 2203 413 2251 Mortis,
456 2206 697 2256 Inserorum,
738 2210 842 2246 'sar-

125 2260 215 2307 tari,
249 2261 472 2311 Elysiorum
501 2264 669 2301 confinia
694 2273 760 2302 aut
781 2279 843 2303 se·-

125 2316 193 2353 des
221 2316 262 2354 in
287 2320 442 2356 Oceano
472 2322 659 2359 constitui
695 2323 841 2372 solitas,

122 2386 261 2411 verum
311 2375 351 2412 in
407 2378 634 2415 continente
685 2393 842 2430 quoque

121 2430 317 2480 Atlantis,
347 2433 504 2484 Gorgon
510 2448 575 2472 um
596 2442 634 2473 ct
653 2436 841 2488 Hesperi-

121 2487 218 2525 dum
238 2488 407 2527 fabulas:
439 2492 487 2528 de
515 2491 576 2529 his
605 2500 735 2531 actum
758 2501 842 2532 emt

119 2543 299 2595 inprimis
332 2547 371 2584 in
403 2549 640 2587 carminibus
673 2551 720 2588 de
743 2552 840 2589 Pet-

120 2613 206 2650 seo,
238 2602 429 2652 Hercule,
459 2604 708 2656 Argonautis.
756 2609 839 2647 vid.

120 2657 241 2696 Notas
275 2660 323 2697 ad
348 2635 536 2712 ΑΡοΙΙοᾱῗ
555 2677 640 2714 pag.
667 2668 750 2707 296
781 2681 836 2716 sq.

120 2714 210 2752 add.
242 2729 327 2766 pag
359 2721 481 2759 386
464 2733 519 2769 s.q
550 2723 632 2762 4Ο()
663 2736 717 2772 sq.
754 2723 836 2764 423

118 2783 174 2819 sq.
246 2772 663 2815 Accommodatissima
714 2779 836 2830 igitur

116 2833 255 2876 poetae
292 2831 454 2868 consilio
486 2839 522 2870 et
558 2833 622 2871 hic
662 2837 736 2873 suit
767 2837 834 2874 illa

114 2889 222 2922 terra
245 2885 385 2924 sabulis
415 2889 624 2940 celebrata,
656 2893 833 2944 inprimis

911 1067 955 1105 in
984 1069 1234 1120 narratione,
1265 1084 1365 1122 quae
1390 1071 1440 1110 ad
1462 1071 1635 1112 Africam

912 1133 1120 1176 spectaret.

967 1183 1050 1224 480
1066 1184 1228 1226 —484.
1280 1187 1523 1238 Comparant
1545 1188 1633 1226 Ho-

909 1240 1099 1278 mericum
1121 1238 1189 1282 ἐπ’
1207 1239 1399 1285 Ὠκεανὸν
1418 1241 1507 1296 μετ’
1529 1242 1632 1297 α’μύ-

909 1313 1036 1348 μονας
1058 1299 1307 1352 Αἰθιοπῆας,
1338 1302 1447 1340 Iliad.
1469 1319 1504 1351 α,
1536 1303 1631 1352 423,

909 1368 982 1392 nec
1005 1362 1139 1394 tamen
1159 1357 1202 1394 id
1225 1359 1299 1396 nisi
1328 1359 1378 1396 ad
1406 1359 1484 1398 hoc
1504 1375 1631 1399 unum

910 1412 1034 1462 valet,
1074 1414 1183 1464 quod
1218 1422 1444 1454 extremum
1476 1417 1630 1456 Africae

908 1468 1021 1507 littus
1050 1471 1313 1522 Aethiopiam
1347 1475 1552 1525 nominat,
1589 1483 1630 1515 et

908 1525 947 1564 h.
976 1527 1002 1565 1.
1031 1528 1191 1577 quidem
1227 1531 1489 1582 occidentale,
1529 1547 1629 1584 quae

906 1585 1067 1635 proprie
1117 1586 1367 1626 Mauretania
1424 1596 1493 1630 est.
1575 1592 1628 1629 De

906 1641 1067 1679 Atlante
1088 1657 1172 1694 sup.
1194 1658 1232 1682 v.
1252 1646 1345 1686 247.
1365 1661 1402 1685 v.
1416 1648 1466 1684 ad
1483 1648 1511 1696 Ι,
1531 1647 1626 1697 741,

907 1704 946 1735 et
983 1699 1072 1736 Not.
1103 1701 1153 1737 ad
1183 1701 1366 1753 Apollod.
1398 1718 1437 1755 p.
1473 1708 1553 1747 681
1587 1712 1627 1743 et

905 1756 1009 1794 alibi.
1041 1757 1136 1798 482.
1150 1766 1300 1809 torquet
1316 1761 1494 1799 ornatius
1508 1776 1627 1812 quam

905 1813 1057 1851 coelum
1103 1816 1293 1866 sustinet3
1355 1825 1470 1856 motu
1507 1819 1626 1858 simul

907 1871 1002 1907 coeli
1024 1871 1168 1909 diurno
1191 1886 1395 1924 expresso,
1425 1890 1624 1927 praeeun-

905 1933 944 1964 te
972 1928 1100 1965 Ennio
1139 1931 1245 1981 apud
1279 1931 1453 1971 Macrob.
1483 1934 1556 1982 Vl,
1600 1939 1619 1976 1

910 1985 991 2033 Qui
1020 1987 1171 2023 coelum
1203 1997 1333 2026 vers-at
1364 1991 1509 2027 stelleis
1523 1991 1623 2041 ficl-

900 2042 1083 2089 gentibus
1103 2053 1258 2093 aptum.
1294 2046 1340 2083 cf.
1359 2047 1551 2085 Columna
1571 2048 1623 2086 ad

902 2099 1018 2135 Ennii
1039 2100 1173 2149 stagni.
1204 2115 1241 2152 p.
1264 2102 1329 2144 45.
1362 2103 1418 2155 (et
1450 2105 1538 2142 Not.
1569 2105 1620 2142 ad

901 2154 979 2202 IX,
1012 2157 1077 2197 93.
1116 2158 1232 2208 llsr.)
1301 2169 1441 2208 asilum
1484 2162 1618 2211 stellis,

901 2213 1115 2262 exquisite3
1151 2215 1304 2264 vulgari
1326 2217 1512 2266 loquendi
1531 2231 1619 2256 mo-

902 2268 953 2304 do
975 2269 1105 2306 stellae
1130 2271 1237 2308 coelo
1262 2279 1399 2323 aptae,
1430 2274 1469 2312 h.
1498 2288 1529 2313 e.
1558 2276 1618 2312 af-

900 2324 1002 2361 fixae
1035 2333 1149 2375 sunt,
1182 2334 1268 2366 tum
1295 2336 1334 2367 et
1362 2331 1491 2382 ipsum
1523 2345 1619 2370 coe-

899 2382 981 2419 lum
1012 2383 1189 2421 adfixum
1218 2392 1257 2423 et
1286 2393 1446 2438 aptum,
1479 2389 1616 2441 alliga-

898 2445 985 2476 tuin
1023 2441 1144 2478 stellis
1163 2471 1173 2489 ,
1221 2441 1260 2480 h.
1299 2457 1330 2481 e.
1372 2445 1614 2485 distinctum.

901 2496 1040 2548 (Recte
1071 2506 1190 2548 aptas
1219 2513 1239 2536 a
1260 2500 1457 2539 Graeco
1441 2500 1616 2556 ἅπτομαι

946 2559 1015 2590 .et
1046 2554 1239 2605 haplam,
1279 2559 1332 2595 ita
1361 2573 1451 2597 cum
1480 2561 1615 2613 adspi-

896 2583 1062 2660 iatione,
1094 2613 1240 2662 legitur
1270 2616 1309 2652 in
1330 2616 1480 2667 aliquot
1498 2618 1613 2656 codd.

896 2642 1082 2706 Pierianis
1110 2670 1179 2717 ΧΙ,
1206 2674 1329 2713 202..
1344 2703 1372 2711 ..
1396 2676 1523 2737 repeti
1547 2676 1612 2713 vi-

896 2724 1253 2777 detu1·,p1imaria
1281 2736 1340 2767 est
1373 2731 1474 2769 enim
1495 2731 1612 2770 huius

893 2755 1092 2833 participii
1113 2786 1222 2821 notio
1245 2789 1497 2835 eonizmctus;
1529 2789 1609 2827 vid.

892 2839 1045 2877 Ernest.
1080 2841 1188 2879 Clav.
1219 2843 1296 2880 Cic.
1329 2858 1357 2881 s,
1396 2859 1433 2882 v.
1460 2854 1607 2896 (φίας,-

892 2896 1101 2935 coniuncta
1126 2904 1258 2937 autem
1276 2914 1376 2950 quae
1390 2908 1496 2950 sunt,
1517 2908 1608 2940 tan-
