1779 3420
158 194 260 241 602

161 319 245 365 Tu
266 314 435 364 modo
457 331 619 381 posce
656 314 786 364 deos
810 314 1045 374 veniam,
1084 313 1348 379 sacrisque
1379 311 1535 360 litatis

485 190 539 238 P.
576 188 932 239 VIRGILII
967 187 1336 236 MARONIS

1607 317 1674 364 50

156 385 384 450 Indulge
409 384 668 450 hospitio,
709 400 1021 449 caussasque
1042 383 1255 432 innecte
1275 381 1553 431 morandi:

155 459 297 506 Dum
327 454 515 520 pelago
545 454 778 503 desaevit
800 453 997 514 hiems,
1030 461 1083 501 et
1117 469 1346 518 aquosus
1371 452 1557 511 Orion,

159 527 553 591 Quassataeque
575 532 728 585 rateS,
769 522 898 570 dum
922 538 1033 570 non
1057 521 1329 570 tractabile
1357 520 1584 571 coelum.

156 595 248 644 His
274 593 423 642 dictis
455 596 732 643 incensum
758 593 998 640 animum
1022 590 1370 641 inflammavit
1391 607 1590 651 amore,

162 666 438 730 Spemque
496 663 646 712 dedit
690 661 882 710 dubiae
927 661 1096 709 menti
1119 702 1131 724 ,
1188 661 1451 726 solvitque
1497 658 1674 725 pudo-

939 747 1071 780 ΓΘΠΙ.

1605 732 1672 781 55

225 801 490 867 Principio
515 800 738 850 delubra
765 799 991 864 adeunt,
1028 815 1327 866 pacemque
1351 815 1450 865 per
1472 814 1583 847 aras

250 919 295 953 50
320 919 425 951 deum
449 918 569 962 plures
593 916 765 958 Pieriani3
792 918 853 950 sed
873 930 990 950 omnes
1009 919 1192 950 Burmann.
1218 917 1315 950 deos.

157 978 225 1012 que
249 966 372 998 Hamb.
400 977 451 1010 pr.
477 972 513 997 et
539 965 594 997 ed.
618 966 708 998 Iunt.
759 966 808 1008 (ec
833 978 966 997 causas
990 966 1013 997 i.
1048 965 1172 1008 fragm.
1208 965 1288 996 Vat.
1335 963 1430 1005 JsVr.)

1412 917 1455 952 51
1482 927 1673 948 caussam-

1527 963 1573 997 52
1606 962 1673 994 de—

156 1013 274 1046 saevit
298 1013 378 1045 Exc.
404 1014 518 1045 Burm.
570 1013 655 1044 Orio
680 1011 808 1044 Medic.
835 1024 854 1044 a
879 1024 923 1044 m.
948 1023 1021 1054 pr.‚
1055 1018 1093 1043 ut
1127 1015 1369 1056 Agamemno,
1404 1012 1513 1051 Iaso,
1549 1016 1584 1041 et
1621 1007 1673 1040 si-

154 1059 261 1092 milia.
288 1059 425 1102 (falsmn
450 1059 538 1099 hoc;
564 1058 693 1101 legitur
721 1058 755 1090 iu
792 1058 920 1091 Medic.
961 1059 1174 1099 omn-111,
1213 1057 1323 1090 altera
1358 1060 1381 1090 I
1410 1056 1604 1089 transfossa
1639 1062 1673 1087 et

155 1107 193 1139 N
215 1118 321 1149 super
345 1106 456 1138 altera
480 1109 516 1138 R
544 1106 694 1148 scripta3
722 1113 755 1138 et
780 1105 848 1138 vid.
874 1107 918 1138 V.
943 1105 983 1137 L.
1010 1105 1054 1137 ad
1080 1106 1170 1142 VIII,
1196 1105 1275 1139 506.
1315 1104 1411 1147 Wr.)

1507 1104 1552 1138 53
1586 1102 1671 1134 dum

155 1165 230 1186 non
260 1152 378 1186 Heins.
403 1165 479 1186 cum
504 1152 779 1193 vetustioribus,
807 1152 911 1184 etiam
936 1152 1061 1196 fragm.
1085 1151 1200 1185 Vatic.
1249 1151 1364 1194 Vulgo
1391 1159 1427 1183 et
1451 1162 1536 1182 non.
1563 1148 1672 1192 (quod

156 1199 299 1232 exhibet
322 1199 430 1232 Palat.
459 1200 555 1243 lVr-)

653 1201 698 1235 54
723 1200 883 1244 impense
914 1199 997 1231 olim
1027 1199 1155 1231 lectum
1189 1197 1327 1232 Servius
1362 1203 1482 1236 notat3
1519 1203 1555 1227 et
1588 1206 1670 1227 sane

153 1247 276 1290 fragm.
302 1246 414 1279 Vatic.
441 1247 647 1293 impensom.
698 1247 874 1290 (impenso
912 1248 943 1279 1.
979 1247 1011 1280 8.

1053 1245 1147 1287 Wr.)
1189 1246 1400 1291 flammavit
1432 1243 1549 1288 plures
1580 1241 1670 1274 Pier.

153 1294 274 1326 Heius.
310 1300 346 1325 et
379 1295 493 1327 Burm.
526 1305 600 1326 cum
641 1293 762 1325 eodem
800 1293 923 1336 fragm.
958 1291 1072 1326 Vatic.
1109 1292 1172 1336 (sic
1208 1291 1311 1325 etiam
1346 1292 1447 1324 Rom.
1483 1296 1518 1322 et
1563 1290 1592 1323 1.
1627 1308 1669 1311 —

153 1340 292 1373 Cortius
318 1340 362 1372 ad
388 1341 516 1373 Lucan.
542 1341 604 1381 IV,
628 1341 708 1374 346.
734 1339 825 1372 hunc
850 1339 994 1371 laudans
1020 1351 1156 1372 versum
1181 1351 1199 1371 e
1225 1337 1433 1371 membranis
1459 1336 1560 1369 affert
1585 1335 1671 1367 ani-

154 1400 248 1420 mum
272 1389 457 1420 incensum
484 1389 584 1432 insl.‚
611 1387 669 1430 qui
694 1386 854 1430 posituS‚
881 1386 966 1418 satis
993 1385 1053 1418 ille
1078 1386 1217 1431 quidem
1242 1385 1412 1425 insuavis,
1437 1383 1505 1427 ipsi
1531 1382 1670 1427 placere

153 1434 302 1467 videtur.
336 1435 431 1478 lVr.)

153 1482 215 1514 ad.
238 1493 269 1514 v.
294 1482 407 1514 Burm.

153 1576 324 1615 reddere
349 1576 480 1626 iubet,
521 1589 699 1613 caussam
727 1574 768 1612 in
807 1573 884 1612 illis

152 1648 192 1673 v.
217 1637 256 1675 9.
278 1647 442 1685 quaere:
474 1648 577 1685 quae
598 1648 660 1670 me
684 1634 883 1670 insomnia

152 1700 314 1737 terren&
348 1691 399 1729 ad
423 1691 620 1742 expianda
643 1690 791 1727 scilicet
819 1690 882 1727 in-

152 1749 399 1787 somniorum
420 1749 563 1786 omina.
622 1749 747 1785 saeris
780 1748 880 1784 lila—

152 1809 203 1844 tis
219 1837 228 1854 ,
256 1820 360 1844 nove
379 1806 456 1844 hoc
477 1807 629 1844 dictum
653 1803 760 1857 (nam
784 1819 881 1856 pro—

151 1864 236 1917 prie
257 1864 399 1902 litatur
421 1864 493 1902 diis
519 1878 590 1916 per
613 1877 723 1900 sacra
752 1877 780 1900 s.
813 1876 880 1899 sa·-

152 1922 258 1971 cris,
301 1921 520 1974 victimis),
569 1921 678 1972 quod
718 1921 881 1958 Servius

152 1980 270 2017 etiam
293 1987 420 2028 notat,
442 1980 511 2018 sed
530 1979 677 2030 Virgilii
699 1979 880 2029 exemplo

152 2044 192 2075 et
233 2038 297 2075 alii
340 2038 477 2075 dixere
517 2039 633 2075 litare
679 2038 876 2073 vie-mnas.

151 2097 217 2137 50.
253 2096 419 2146 indulge
454 2096 651 2145 hospilio,
692 2093 877 2144 hospita—

149 2153 264 2202 litati,
286 2153 585 2192 benevolentiae
610 2153 648 2190 in
669 2151 879 2203 hospitem,

151 2210 201 2248 da
225 2224 386 2262 operam
412 2211 559 2262 hospiti
582 2210 772 2247 benevole
803 2209 878 2246 ha-

149 2268 294 2310 bendo,
356 2268 522 2321 (innecte
545 2282 595 2305 se.
616 2267 878 2318 'hospitalibus

148 2326 359 2364 beneficiis.
429 2327 494 2364 Sic
524 2328 624 2363 Stat.
664 2324 787 2366 Theb,
831 2325 877 2373 V,

150 2383 264 2424 743.:
311 2385 448 2433 plures
493 2398 624 2421 moras
666 2386 871 2420 [nuez-lere.

150 2441 199 2478 cs.
222 2441 333 2478 Obss.
357 2441 405 2478 ad
425 2441 509 2478 Tib.
533 2441 560 2488 I,
586 2440 700 2487 1,74.
725 2439 873 2491 [ἵε-ἠ.)

150 2498 295 2536 Versus
327 2499 393 2541 52.
424 2501 476 2540 53
515 2498 565 2534 ad
600 2503 875 2548 tempestatem

149 2562 349 2606 spectare,
389 2555 586 2592 monitum
628 2555 699 2591 sub
732 2555 754 2591 s.
791 2556 876 2592 Ex-

149 2627 252 2650 curs.
289 2613 322 2649 Il
365 2613 415 2650 ad
457 2612 521 2649 llb.
559 2612 620 2649 III.
681 2612 871 2656 desaevit,

149 2666 379 2721 ἆγῑομηνίει.
438 2684 611 2720 aquosus-s·
638 2669 780 2716 Orion,
807 2668 873 2717 qui

147 2727 292 2765 imbres
311 2733 349 2764 et
371 2727 522 2764 nimbos
544 2726 656 2763 all'ert
674 2731 765 2762 ortu
789 2739 873 2761 suo.

147 2785 212 2823 Sic
247 2786 377 2822 lats-eis
420 2799 594 2835 aquosa-s·
632 2786 773 2832 Georg.
808 2783 872 2829 IV,

148 2842 243 2884 234.
320 2844 438 2878 Orion
472 2842 569 2878 bene
615 2847 871 2888 memoratur,

150 2901 196 2939 cs.
226 2901 251 2950 I,
279 2901 374 2948 535,
404 2899 497 2937 dum
526 2907 628 2937 mle-s·
658 2907 872 2950 ‹lenz-walae

526 1434 570 1470 55
597 1435 727 1467 mentis
753 1433 842 1466 Gud.
868 1445 943 1466 cum
967 1434 1067 1466 Rom.

1161 1433 1207 1468 56
1232 1445 1255 1466 α
1279 1431 1434 1467 delubra
1466 1429 1566 1462 Leid.
1603 1440 1668 1474 pro

945 1573 1001 1627 (v.
1026 1574 1054 1624 I,
1084 1572 1184 1627 551)
1213 1579 1253 1611 et
1284 1572 1465 1611 nondum
1498 1572 1670 1610 refectae

943 1639 1062 1682 sunt,
1105 1632 1200 1669 dum
1228 1645 1307 1668 non
1339 1629 1544 1668 tractabile
1578 1642 1669 1666 coe-

941 1691 1026 1727 lum
1045 1696 1124 1738 est,
1150 1689 1243 1726 alias
1263 1701 1447 1736 saevum,
1471 1699 1667 1738 asperum,

939 1748 1217 1799 procellosum.
1260 1745 1433 1797 (Laudat
1458 1743 1668 1784 Wunderl.

941 1806 1009 1843 Ge.
1033 1806 1060 1853 I,
1081 1807 1195 1846 211.:
1226 1803 1491 1841 intractabilis
1509 1802 1664 1839 bruma.

939 1862 1076 1900 Eidem
1112 1861 1211 1899 llaec
1245 1861 1343 1897 dum
1385 1876 1425 1898 η.
1474 1868 1521 1897 tr.
1564 1860 1663 1896 coel.

937 1927 1030 1972 post
1065 1919 1184 1958 verba
1229 1927 1521 1970 quassataeque
1561 1925 1667 1954 rates

939 1978 1091 2016 adiecta
1113 1991 1192 2015 non
1216 1977 1387 2027 placent.
1420 1973 1536 2027 IVr.)
1600 1974 1666 2015 55.

938 2038 1132 2087 solvitque
1155 2035 1350 2085 pudorem
1387 2033 1487 2071 male
1518 2031 1666 2082 accipi-

938 2101 1030 2141 tur,
1072 2093 1183 2143 quasi
1215 2092 1266 2129 ad
1295 2091 1584 2143 impudentiam
1616 2089 1667 2127 sit

937 2152 1134 2203 prolapsa.
1194 2150 1272 2187 Sed
1299 2150 1447 2198 ess'ecit,
1481 2162 1560 2198 quo
1580 2160 1666 2184 eam

937 2210 1014 2247 iam
1041 2209 1170 2246 minus
1207 2210 1377 2259 puderet
1415 2206 1541 2244 amori
1573 2219 1665 2242 sue-

937 2267 1134 2304 cumbere.
1195 2265 1257 2302 Ad
1277 2279 1358 2315 sqq.
1392 2277 1510 2317 super
1541 2262 1665 2299 Dido-

936 2326 996 2362 nis
1032 2325 1176 2375 pietate
1212 2337 1307 2361 mox
1344 2323 1385 2359 in
1421 2322 1664 2373 impietatem

934 2396 1050 2420 versa
1091 2381 1217 2419 multa
1270 2387 1481 2431 argutatur
1536 2381 1664 2415 [fossa

936 2437 1006 2492 (clu
1031 2442 1175 2476 l’oeme
1197 2440 1353 2488 Epique
1372 2439 1416 2486 V,
1436 2441 1473 2483 3,
1495 2450 1531 2487 p.
1547 2433 1661 2487 417)-

992 2498 1197 2538 56—59.
1240 2496 1291 2532 Ut
1321 2494 1419 2531 haec
1455 2495 1532 2531 rite
1566 2505 1662 2543 per-

934 2554 1097 2604 spicias,
1129 2552 1347 2590 tenendum
1367 2582 1376 2600 ‚
1408 2551 1580 2603 primum
1612 2549 1661 2586 de

934 2617 1103 2660 utraque
1121 2623 1277 2657 sorore,
1310 2615 1393 2647 tuin
1418 2609 1466 2646 de
1489 2609 1570 2645 sola
1591 2606 1661 2643 Di-

935 2668 1038 2705 done
1061 2668 1140 2717 agi,
1172 2673 1210 2704 et
1243 2680 1262 2703 a
1297 2681 1334 2707 v,
1371 2670 1424 2708 (50
1453 2666 1532 2703 duo
1565 2677 1660 2712 esse,

933 2725 971 2762 in
993 2725 1136 2775 quibus
1159 2731 1349 2776 occupata
1379 2730 1438 2761 est
1460 2723 1582 2771 Dido,
1614 2727 1661 2760 ut

931 2782 1104 2819 x‘ictimis
1136 2782 1256 2819 caesis
1296 2782 1390 2819 deos
1422 2782 1494 2819 sibi
1519 2779 1660 2832 propi-

932 2840 1006 2877 tios
1028 2839 1194 2890 reddat,
1226 2846 1265 2877 ct
1286 2854 1305 2876 a
1332 2854 1368 2878 v,
1392 2843 1459 2888 63,
1490 2845 1536 2876 ut
1567 2843 1659 2874 exta

930 2897 1126 2949 inspiciat.
1182 2912 1351 2948 pac-em,
1386 2896 1542 2935 veniam
1562 2895 1659 2932 deo—
