1779 3420
138 208 237 257 834
496 202 550 251 P.
588 198 957 250 VIRGILII
992 193 1366 244 MARONIS

138 336 367 396 Agmen:
407 327 470 378 ad
498 327 642 377 hunc
673 325 754 374 alii
781 339 995 374 cursum
1024 319 1355 370 contendere
1378 317 1515 367 iussi.

136 406 360 467 Iamque
382 397 497 448 fere
518 396 754 447 mediam
782 393 916 442 coeli
935 396 1051 445 Nox
1070 390 1295 440 humida
1320 397 1523 439 metam
1557 390 1657 439 835

139 471 471 533 Contigerat3
519 465 725 534 placida
748 464 978 513 laxarunt
1000 462 1247 510 membra
1283 460 1462 527 quiete

140 541 250 592 Sub
276 540 437 589 remis
462 537 564 587 susi
596 553 693 602 per
724 534 854 583 dura
880 531 1061 581 sedilia
1088 540 1306 580 nautae:

139 615 320 675 Quum
343 609 471 658 levis
496 605 740 656 aetheriis
765 603 1012 652 delabsus
1038 603 1272 650 Somnus
1298 599 1361 648 31)
1387 598 1534 648 astris

143 687 273 732 Aera
309 678 537 728 dimovit
565 675 947 732 tenebrosum,
988 680 1039 719 et
1069 670 1284 736 dispulit
1305 668 1539 729 umbras,

140 756 242 814 Te,
297 748 569 810 Palinure,
625 753 839 811 petens,
903 741 998 790 tibi
1058 740 1265 789 somnia
1318 738 1481 787 tristia
1529 752 1656 802 por-

921 820 1037 860 tans
1556 810 1657 859 840

136 888 364 947 Insonti3
402 886 680 952 puppique
705 882 836 931 deus
860 880 1105 931 consedit
1126 881 1178 928 in
1203 879 1319 943 alta,

138 957 429 1009 Phorbanti
461 955 669 1017 similis,
702 952 992 1019 funditque
1021 951 1115 1000 has
1138 967 1232 999 ore
1253 946 1516 1015 loquelas:

184 1097 253 1133 834
276 1096 398 1130 adhuc
422 1095 529 1128 Goth.
554 1106 607 1139 pr.
635 1100 671 1126 et
696 1091 821 1126 Hamb.
847 1103 900 1136 pr.
935 1103 954 1124 a
986 1103 1031 1124 m.
1058 1101 1128 1123 sec.
1177 1089 1227 1122 ad
1250 1088 1368 1129 hunc,
1396 1087 1441 1120 ad
1464 1084 1565 1118 huius
1592 1095 1656 1116 ex—

138 1146 299 1190 emplum,
325 1143 521 1187 imperium.
570 1153 681 1174 cursu
717 1153 746 1173 c.
773 1139 919 1172 Oudart.
953 1144 990 1170 et
1023 1138 1078 1170 ed.
1102 1149 1156 1182 pr.
1190 1135 1274 1180 (vid.
1300 1136 1343 1168 V.
1367 1135 1409 1167 L.
1435 1134 1479 1166 ad
1504 1135 1589 1166 Aen.
1615 1132 1656 1172 II,

136 1195 217 1229 321.
249 1192 344 1233 JVr.)
395 1202 541 1223 cursum
567 1189 748 1221 deducere
772 1187 908 1230 Hugen.
941 1192 975 1218 et
998 1178 1134 1218 Zulieh.
1231 1183 1300 1217 836
1334 1182 1510 1215 laxarant
1535 1177 1655 1211 Heins.

138 1252 212 1273 cum
234 1238 437 1272 melioribus
464 1243 546 1282 post
570 1235 660 1268 Pier.
686 1233 844 1274 retinuit,
870 1235 988 1277 (atque
1018 1232 1068 1264 itu
1096 1230 1133 1263 in
1162 1230 1321 1263 Mediceo
1351 1240 1489 1274 quoque
1519 1232 1656 1259 exstare

137 1286 301 1320 Heinsius
334 1284 476 1325 scribit5
509 1284 572 1317 sed
602 1281 793 1326 Fogginius
823 1278 1001 1313 laxabant
1036 1278 1202 1311 exaravit.
1245 1276 1341 1320 Wr.)
1376 1275 1434 1308 alii
1460 1272 1655 1307 laxabant:

138 1335 186 1379 (in
212 1333 336 1378 quibus
361 1332 471 1365 Palat.
499 1337 534 1363 et
560 1332 591 1365 8.
617 1331 651 1364 9.
683 1328 779 1372 llfr.)
806 1334 840 1360 et
865 1327 913 1359 sic
932 1326 1009 1359 Ald.
1036 1338 1101 1371 pr.,
1126 1332 1162 1358 at
1189 1338 1207 1358 a
1232 1323 1412 1367 Naugerio
1438 1328 1603 1354 mutatum
1621 1318 1657 1351 in

137 1383 314 1415 laxarunt
348 1379 402 1412 ed.
437 1377 538 1414 1514.
586 1376 736 1409 Dorvill.
771 1373 942 1416 laxabat,
975 1373 1030 1406 ed.
1066 1375 1155 1407 Ven.
1191 1373 1401 1412 lassarant,
1432 1368 1565 1402 Zulich.
1593 1379 1657 1399 rex

138 1429 254 1461 laxat.
304 1428 413 1460 Porro
441 1425 527 1459 alter
553 1424 677 1457 Hamb.
702 1436 722 1455 a
747 1434 791 1454 m.
818 1433 886 1454 sec.
907 1421 1049 1467 placidi
1072 1420 1095 1453 l.
1122 1433 1166 1454 m.
1193 1419 1327 1464 quieti,
1366 1425 1398 1450 et
1431 1416 1548 1459 Bigot.
1567 1413 1655 1460 plu-

137 1474 433 1518 culae—quieti.
530 1473 597 1506 837
615 1470 714 1516 sessi
743 1468 889 1501 Dorvill.
939 1468 1023 1500 (lira
1056 1469 1144 1499 Ven.
1239 1466 1307 1501 838
1342 1465 1510 1509 dilapsus
1540 1468 1574 1494 et
1601 1460 1657 1492 hic

137 1522 285 1567 aliquot.
334 1521 513 1553 demissus
550 1518 660 1553 Walt-
756 1517 825 1551 839
860 1516 1018 1548 demovit
1051 1513 1185 1546 Zulich.
1236 1513 1372 1545 dimisit
1405 1514 1524 1555 Sprot.
1572 1508 1656 1539 Mox

139 1570 174 1602 d.
201 1579 316 1602 auras
341 1579 393 1612 pr.
419 1567 544 1598 Hamb.
570 1577 637 1609 pro
663 1576 736 1596 var.
761 1563 843 1596 lect.
937 1562 1007 1596 840
1032 1562 1157 1594 tristia
1186 1560 1338 1600 somnia,
1362 1565 1447 1599 tres,
1470 1558 1505 1588 in
1531 1555 1655 1600 quibus

137 1614 380 1660 praestantiss.
403 1614 594 1654 Mediceus,
621 1611 683 1655 (ita
706 1610 809 1643 etiam
830 1608 940 1642 Palat.
971 1608 1066 1650 Wr.)
1092 1608 1186 1652 quod
1213 1607 1255 1639 ab
1276 1605 1421 1638 Heinsio
1448 1604 1484 1636 in
1515 1602 1657 1636 somnia

139 1664 262 1695 tristia
282 1667 449 1694 mutatum
472 1660 592 1701 nolim,
617 1670 693 1692 cum
712 1664 747 1690 et
768 1657 879 1689 minus
898 1667 1002 1688 suave
1024 1655 1093 1688 1100
1123 1655 1169 1687 sit
1194 1654 1279 1694 auri,
1305 1652 1372 1686 etsi
1393 1652 1526 1684 aurium
1555 1647 1656 1681 iudi-

139 1709 228 1742 cium
254 1708 424 1740 incertum
450 1713 525 1747 est,
550 1718 629 1739 nam
653 1705 757 1738 video
784 1702 956 1736 Brunckio
988 1709 1024 1734 et
1057 1702 1185 1734 Beckio
1220 1701 1310 1734 huuc
1336 1699 1521 1732 verborum
1553 1695 1655 1740 posi-

138 1763 208 1788 tum
234 1754 427 1788 suaviorem
451 1753 582 1794 videri,
609 1759 644 1785 et
667 1751 799 1784 codicis
827 1749 972 1783 Romani
996 1748 1104 1781 lectio
1132 1760 1172 1781 ea
1196 1747 1260 1787 sit3
1286 1746 1447 1779 Heinsius
1470 1755 1555 1777 vero
1576 1744 1655 1774 Me-

139 1803 275 1834 diceum
301 1800 478 1845 exemplar
502 1799 601 1844 sequi
625 1798 796 1831 maluerit.
847 1799 907 1839 (At
931 1795 1035 1827 etiam
1068 1795 1103 1827 in
1130 1794 1291 1827 Mcdiceo
1324 1793 1418 1837 apud
1448 1789 1655 1835 Fogginium

139 1849 278 1893 quidem
302 1847 431 1891 legitur
450 1848 591 1880 somnia
614 1846 758 1884 tristia3
784 1855 886 1888 quem
916 1843 1095 1884 ordinem,
1132 1842 1313 1874 defensum
1343 1840 1448 1872 etiam
1483 1851 1503 1872 a
1535 1836 1653 1869 Cortio

139 1896 184 1928 ad
204 1896 331 1928 Lucan.
351 1896 412 1934 IV,
436 1894 530 1935 346„
555 1899 652 1925 recte
680 1891 842 1924 Heinsius
869 1889 1066 1923 restituisse
1097 1888 1183 1921 mihi
1213 1888 1368 1927 videtur3
1397 1886 1435 1920 id
1454 1885 1545 1918 enim
1565 1895 1656 1916 nuno

138 1942 328 1987 praecipue
346 1942 467 1982 refert,
493 1939 606 1985 quid
631 1938 750 1980 suerit,
774 1950 846 1970 non
869 1936 1028 1982 quale,
1052 1936 1147 1981 quod
1178 1935 1238 1967 ille
1257 1933 1451 1980 portaverit
1472 1931 1654 1965 Palinuro:

140 1989 292 2029 somnia3
332 1989 471 2021 Somnia
497 1988 642 2028 tristia,
676 1986 699 2018 i.
732 1997 761 2018 e.
791 1983 937 2025 somnia,
960 1983 1033 2015 sive
1067 1994 1240 2024 somnum,
1266 1994 1379 2023 rem,
1412 1987 1485 2012 tum
1503 1979 1655 2024 quidem,

140 2036 346 2075 tristem;
380 2046 450 2067 non
479 2035 605 2067 tristia
642 2034 794 2072 somnia,
819 2032 841 2064 i.
871 2043 900 2064 e.
931 2042 1004 2062 rem
1034 2030 1181 2070 tristem,
1220 2041 1377 2062 somnum
1404 2026 1495 2060 dico.
1546 2027 1655 2058 Recte

143 2091 262 2116 contra
282 2083 345 2116 Ge.
367 2083 428 2124 IV,
447 2082 548 2115 256:
581 2091 755 2124 „corpora
778 2079 857 2111 luce
889 2084 1066 2111 carentum
1086 2079 1284 2121 Exportant
1307 2074 1413 2108 tectis
1438 2081 1473 2106 et
1493 2071 1655 2106 tristia

140 2131 305 2162 funera
329 2130 495 2162 ducunt.“
544 2128 613 2161 Sed
634 2127 667 2159 iu
686 2134 760 2159 toto
786 2126 854 2158 hoc
874 2137 1003 2169 genere
1022 2125 1131 2157 multa
1155 2130 1207 2156 est
1227 2123 1342 2156 cautio
1363 2121 1564 2155 adhibenda
1583 2118 1655 2152 cri—

141 2176 221 2210 tico.
271 2177 399 2209 Eadem
424 2175 609 2208 diversitas
631 2186 735 2218 supra
759 2174 816 2213 IV,
842 2174 940 2207 243:
968 2171 1057 2213 „hac
1081 2172 1209 2204 animas
1231 2171 1291 2203 ille
1321 2175 1442 2202 evocat
1464 2171 1551 2200 Orco
1572 2165 1656 2199 Pal-

140 2224 263 2263 lentis3
290 2223 375 2256 alias
401 2223 464 2255 sub
491 2224 690 2255 Tartara
722 2220 897 2252 tristia
925 2218 1085 2258 mittit;“
1124 2218 1182 2251 hie
1212 2218 1351 2262 quidem
1384 2214 1549 2260 opposita
1576 2219 1656 2245 sunt

143 2274 235 2303 Oreo
260 2283 414 2303 evocare
439 2277 472 2302 et
498 2268 564 2302 sub
595 2271 757 2301 Tartara
782 2268 941 2305 mittere;
974 2265 1092 2310 itaque
1123 2267 1286 2298 Tartara
1320 2263 1438 2308 priore
1473 2262 1551 2294 loco
1578 2259 1656 2293 col-

143 2318 329 2350 locandum
352 2316 430 2348 suit.
462 2316 556 2358 Wr.)
652 2316 721 2349 842
745 2313 941 2347 Forbantis
973 2313 1105 2357 aliquot
1128 2312 1219 2345 Pier.
1258 2310 1392 2357 fundit
1425 2309 1544 2341 Heins.
1576 2313 1657 2351 post

142 2365 231 2396 Pier.
256 2376 331 2397 cum
356 2363 570 2395 melioribus.
618 2362 687 2395 Alii
706 2360 823 2406 fudit.
851 2360 913 2404 (ita
938 2360 1048 2393 Palat.
1079 2360 1174 2403 lVr.)
1226 2360 1315 2392 Tum
1341 2356 1512 2403 querelas
1542 2355 1654 2398 Bigot.

146 2423 231 2443 voce
253 2410 422 2455 querelas
439 2410 585 2443 Dorvill.
607 2416 642 2442 et
655 2409 764 2442 Goth.
782 2413 867 2441 tert.

145 2527 287 2565 sabulis
323 2527 467 2564 Italicis
511 2526 647 2565 nobili.
705 2540 744 2564 v.
776 2526 871 2563 Exc.
928 2538 968 2563 v.
1001 2524 1098 2562 Exc.
1121 2523 1156 2560 II
1177 2523 1226 2560 ad
1251 2522 1318 2560 lib.
1340 2522 1385 2559 ΙΙ.
1425 2528 1545 2566 mela,
1580 2532 1655 2570 pro

149 2585 227 2622 VII.
265 2584 337 2621 nisi
372 2584 450 2621 hoc
476 2586 604 2631 soret,
645 2598 718 2635 pro
739 2583 872 2621 inutili

148 2649 185 2679 et
212 2641 339 2679 otioso
367 2642 552 2692 Episodio
583 2648 682 2679 esset
719 2640 785 2678 1110
808 2641 871 2678 lo-

148 2714 217 2738 cus
236 2698 455 2736 habendus.
516 2713 678 2749 agmen,
705 2705 753 2735 ut
774 2711 872 2748 poe-

149 2764 208 2805 ta,
240 2756 342 2794 dixit
365 2757 413 2794 de
443 2756 581 2803 classe,
615 2770 732 2805 quam
760 2755 872 2792 ducit

149 2815 370 2853 Palinurus.
411 2814 506 2851 Mox
528 2827 565 2851 v.
588 2814 682 2854 835.
706 2813 871 2849 Noctem

150 2873 263 2911 deam
287 2886 405 2910 curru
427 2877 581 2909 vectam
603 2870 743 2920 cogita,
763 2883 872 2906 eam—

151 2944 226 2980 que
251 2936 290 2968 et
323 2930 362 2967 in
407 2930 529 2967 altum
557 2928 653 2965 caeli
681 2934 872 2966 evectam.

929 2595 1094 2628 summa,
1126 2580 1337 2618 celsissima
1356 2584 1484 2631 parte,
1500 2577 1543 2615 in
1561 2589 1657 2615 ver-

929 2640 1006 2676 tice
1031 2639 1137 2676 caeli.
1197 2640 1280 2680 838
1303 2651 1358 2686 sq.
1391 2638 1561 2673 Somnus
1581 2649 1656 2686 op-

930 2696 1066 2747 primit
1083 2696 1390 2746 gubernatorem
1403 2694 1656 2731 Palinurum:

928 2753 1007 2790 1100
1034 2760 1081 2791 ut
1114 2759 1228 2803 poeta
1258 2753 1430 2790 ornavit.
1468 2750 1549 2789 vid.
1572 2751 1656 2788 Ex—

928 2824 1033 2849 curS.
1053 2811 1154 2849 VIII.

989 2869 1071 2909 840
1093 2893 1143 2896 —-
1168 2866 1262 2909 846.
1313 2869 1471 2903 somnia
1509 2866 1652 2913 ι’νίείὶα,

931 2926 1138 2963 11]31111“0.-10
1158 2939 1232 2977 pro
1256 2938 1419 2975 somno,
1450 2922 1560 2974 quod
1579 2935 1656 2961 110-
