1779 3420
304 702 358 748 P.
420 695 847 747 VIRGILII
906 694 1339 744 MARONIS

62 817 127 889 A
279 817 337 885 E
479 814 547 885 N
703 814 761 883 E
910 814 936 880 Ι
1087 813 1153 882 D
1312 809 1385 882 O
1532 816 1579 885 S

435 951 718 1009 LIBER
788 949 1201 1008 TERTIUS

502 1160 1133 1200 ARGUMENTUM

61 1255 237 1323 Eversa
258 1278 391 1327 Troia,
422 1275 573 1316 Aeneas
595 1278 771 1317 collectis
790 1291 956 1318 suorum
974 1275 1165 1327 reliquiiS‚
1195 1288 1296 1326 quae
1324 1276 1432 1314 caedi
1464 1277 1582 1315 flam-

61 1338 215 1387 misque
244 1341 503 1388 supererant,
542 1343 763 1389 parataque
795 1336 904 1389 apud
942 1334 1203 1373 Antandrum
1244 1334 1386 1385 viginti
1420 1336 1583 1373 navium

63 1396 206 1443 classe,
253 1394 430 1445 primum
463 1394 506 1431 in
540 1394 752 1433 Thraciam
785 1395 984 1433 defertur:
1025 1392 1116 1442 ubi,
1155 1405 1246 1430 cum
1277 1393 1440 1431 futurae
1470 1394 1584 1432 urbis

62 1452 325 1492 fundamenta
376 1458 569 1504 poneret,
617 1453 786 1491 territus
826 1451 1019 1504 Polydori
1067 1465 1089 1488 a
1129 1449 1431 1502 Polymnestore
1482 1451 1583 1489 caesi

62 1509 275 1563 prodigiiS,
311 1510 449 1547 Delum
479 1510 580 1562 petit
614 1514 781 1553 1-77,
848 1509 1119 1560 Consultoque
1159 1508 1214 1546 ibi
1256 1508 1448 1561 Apollinis
1488 1523 1582 1548 ora-

64 1569 175 1617 culo,
207 1581 297 1605 cum
329 1568 535 1618 antiquam
567 1569 696 1620 gentis
726 1581 820 1605 suae
851 1574 1039 1616 matrem,
1073 1566 1152 1604 hoc
1182 1573 1261 1616 est,
1292 1566 1462 1618 primam
1500 1567 1584 1605 ori-

63 1627 163 1678 ginis
203 1638 296 1663 suae
336 1631 485 1663 terram
525 1626 787 1677 repetendam
829 1626 1056 1673 didicisset,
1088 1624 1185 1661 salsa
1224 1624 1421 1663 Anchisae
1456 1625 1584 1676 patris

64 1683 398 1735 interpretatione
430 1683 651 1734 adductus,
683 1685 842 1721 Cretam
874 1682 1257 1723 contendit—120.
1317 1682 1466 1720 Verum
1492 1697 1582 1721 cum

64 1742 118 1780 ibi
149 1754 331 1792 quoque,
362 1741 502 1793 positis
534 1742 612 1779 iam
644 1742 864 1790 moenibus,
897 1740 1127 1793 gravissima
1159 1746 1268 1791 peste
1299 1741 1583 1792 exagitaretur,

64 1800 107 1837 in
138 1799 286 1837 somnis
311 1800 486 1837 monitus
525 1813 546 1836 a
589 1799 665 1837 diis
699 1800 935 1848 Penatibus,
975 1798 1115 1837 relicta
1146 1798 1284 1847 Creta,
1325 1798 1479 1836 ltaliam
1509 1811 1583 1850 pe-

65 1858 292 1898 tit—192.
353 1857 410 1894 Ibi
440 1857 573 1895 subito
607 1857 750 1895 oborta
789 1862 1045 1909 tempestate,
1087 1855 1261 1908 primum
1302 1856 1353 1893 ad
1384 1856 1584 1914 Stropha—

67 1915 136 1953 des
162 1915 312 1953 insulas
339 1915 548 1966 appulsus,
582 1915 631 1952 ab
654 1915 844 1968 Harpyiis
867 1915 1252 1956 infestatur—269.
1313 1914 1409 1952 Mox
1422 1914 1584 1953 Actium

67 1973 237 2022 delatus,
268 1972 309 2010 in
339 1971 536 2011 honorem
567 1972 765 2025 Apollinis
795 1973 913 2011 ludos
945 1972 1289 2013 celebrat—290.
1350 1972 1458 2020 Inde,
1484 1973 1585 2010 Cor-

67 2044 204 2083 cyram
245 2036 568 2082 praetervectus,
610 2032 777 2083 Epirum
816 2037 949 2069 tenet:
990 2043 1091 2082 quae
1127 2030 1171 2068 id
1210 2030 1400 2081 temporis
1430 2031 1585 2069 Heleno

66 2089 216 2127 Priami
248 2088 332 2126 filio
375 2089 560 2141 parebat,
600 2090 663 2126 cui
701 2095 794 2142 post
831 2088 977 2141 Pyrrhi
1017 2088 1180 2126 caedem
1219 2087 1502 2126 Andromache
1542 2089 1584 2126 in

68 2147 294 2198 coniugium
325 2153 507 2185 cesserat.
566 2146 742 2186 Helenus
773 2147 946 2186 Aeneam
975 2146 1150 2198 hospitio
1189 2146 1358 2197 excipit,
1399 2147 1586 2197 omnique

66 2204 330 2243 humanitatis
359 2217 501 2256 genere
532 2205 835 2256 complectitur,
867 2205 1239 2255 imminentiumque
1268 2211 1377 2242 terra
1406 2205 1586 2254 marique

68 2263 337 2314 periculorum
368 2263 578 2301 certiorem
608 2263 879 2306 facit—505.
939 2263 1111 2311 Aeneas,
1153 2263 1292 2301 relicta
1321 2262 1464 2314 Epiro,
1504 2263 1585 2299 Ta·—

69 2327 231 2358 rentum
260 2320 510 2372 primamque
542 2321 679 2358 Italiae
718 2335 829 2358 oram
861 2327 1183 2373 praetervectus,
1224 2320 1275 2357 ad
1308 2333 1394 2358 eam
1432 2320 1587 2358 Siciliae

70 2384 246 2430 partem,
286 2391 386 2428 quae
413 2378 563 2417 Aetnae
593 2378 723 2417 monti
757 2379 932 2427 adiacet,
972 2379 1198 2430 appellitur.
1258 2378 1314 2415 lbi
1346 2377 1586 2416 Achemeni-

71 2436 186 2484 dem,
228 2435 277 2473 ab
312 2436 447 2486 Ulysse
487 2437 527 2474 in
555 2436 739 2489 Cyclopis
773 2442 888 2474 antro
921 2436 1145 2484 desertum,
1185 2435 1401 2487 supplicem
1432 2436 1586 2487 recipit,

71 2493 317 2543 edoctusque
339 2493 388 2530 ab
408 2507 454 2531 eo
476 2493 525 2531 de
547 2494 768 2545 Cyclopum
789 2494 958 2542 feritate,
989 2493 1082 2531 inde
1103 2506 1268 2530 ancoras
1288 2493 1469 2530 solvit—
1483 2496 1586 2534 681:

71 2563 302 2602 memorque
342 2558 650 2602 praeceptorum
691 2551 853 2601 Heleni,
903 2550 1042 2589 vitatis
1088 2550 1312 2602 Charybdis
1354 2557 1394 2588 et
1433 2551 1587 2603 Scyllae

71 2608 281 2660 periculis,
321 2608 475 2646 Siciliae
516 2608 655 2646 littora
694 2608 813 2660 longo
853 2609 1023 2646 circuitu
1065 2608 1382 2657 circumvectus,
1423 2609 1587 2647 tandem

74 2667 302 2718 Drepanum
333 2665 560 2714 advehitur,
591 2665 659 2703 ubi
691 2666 896 2715 Anchises,
931 2673 1016 2704 tuni
1047 2666 1155 2703 senio
1186 2672 1270 2703 tum
1304 2666 1440 2717 longae
1471 2667 1588 2706 navi—

72 2724 240 2776 gationis
270 2723 484 2761 iactatione
516 2723 726 2774 fatigatus,
769 2724 859 2761 satis
891 2723 1246 2764 concedit-713.
1306 2724 1402 2762 Inde
1434 2725 1587 2764 ltaliam

73 2782 295 2833 petiturUS,
336 2781 509 2819 immissa
541 2780 588 2818 ab
620 2780 741 2819 Aeolo
773 2781 903 2819 subita
934 2787 1166 2833 tempestate
1196 2781 1233 2819 in
1268 2780 1441 2821 Asi-icam
1478 2783 1587 2821 eiici—

74 2847 164 2878 tur:
197 2853 314 2891 quam
349 2846 503 2891 partem
537 2838 640 2876 libro
672 2839 802 2891 primo
834 2845 1079 2889 exsequutus
1111 2846 1196 2877 erat
1230 2846 1356 2890 pocla.
