1779 3420
364 787 418 834 P.
483 775 916 832 VIRGILII
974 769 1411 822 MARONIS

118 904 182 976 Α
338 904 397 972 Ε
543 900 610 971 Ν
771 895 829 964 Ε
979 893 1005 959 Ι
1159 891 1225 959 D
1384 883 1458 956 O
1606 886 1654 957 S

458 1035 743 1097 LIBER
823 1026 1314 1119 sECUNDUs

568 1227 1207 1275 ARGUMENTUM

121 1338 323 1407 Didonis
361 1354 566 1394 voluntati
595 1366 750 1391 morem
778 1363 917 1403 gerens
950 1347 1115 1394 Aeneas,
1155 1341 1302 1381 excidii
1329 1341 1496 1379 Troiani
1518 1340 1661 1378 seriem

122 1423 284 1467 narrat3
316 1428 359 1452 ea
379 1420 440 1452 est
461 1411 716 1451 huiusmodi:
751 1407 895 1448 Graeci
916 1406 1070 1445 decimo
1096 1402 1189 1441 belli
1213 1400 1378 1439 Troiani
1409 1414 1514 1438 anno
1542 1399 1661 1437 attri-

124 1477 176 1514 tis
199 1476 278 1514 iam
301 1472 477 1521 viribus,
508 1470 733 1521 virtutique
766 1467 1016 1514 diffidentes,
1049 1462 1101 1500 ad
1123 1460 1263 1499 dolum
1292 1458 1551 1510 confugiunt:
1584 1471 1662 1495 no-

126 1541 266 1586 cteque
292 1546 358 1581 ea,
414 1543 515 1582 quae
550 1529 665 1568 urbis
692 1526 926 1566 incendium
967 1519 1201 1569 antecessit,
1245 1518 1379 1569 fugam
1414 1516 1662 1564 simulantes,

127 1594 233 1632 circa
253 1589 463 1630 Tenedum
484 1589 671 1635 latitant,
704 1586 847 1625 relicto
874 1584 915 1621 in
938 1595 1032 1633 agro
1052 1578 1228 1618 Troiano
1252 1589 1355 1627 equo
1374 1575 1502 1627 ligneo
1527 1579 1662 1612 tantae

126 1648 413 1704 magnitudinis
428 1678 438 1696 ,
471 1653 520 1685 ut
550 1645 677 1699 portis
708 1643 822 1682 urbis
845 1641 966 1693 recipi
991 1653 1073 1677 non
1096 1640 1248 1689 posset,
1281 1635 1364 1672 eius
1388 1640 1504 1672 utero
1526 1632 1663 1670 lectis-

126 1711 272 1749 simum
295 1718 493 1760 quemque
520 1717 736 1757 procerum
765 1699 994 1740 includunt.
1055 1693 1220 1734 Troiani
1250 1692 1401 1745 partim
1429 1690 1572 1730 fraude
1597 1690 1663 1728 Si—

127 1769 245 1808 nonis
280 1764 466 1818 impulsi,
508 1763 660 1815 partim
690 1758 933 1799 Laocoontis
962 1754 1159 1808 supplicio
1188 1750 1342 1800 territi,
1381 1750 1518 1788 diruta
1555 1748 1664 1787 muri

127 1833 243 1881 parte
258 1856 268 1875 ,
301 1836 449 1876 equum
470 1822 513 1860 in
537 1834 627 1860 arce
652 1824 841 1857 statuunt
865 1814 1046 1857 1—249.
1107 1812 1235 1850 Nocte
1262 1809 1500 1861 intempesta
1521 1806 1664 1846 Graeci

129 1901 152 1924 a
179 1883 343 1924 Tenedo
366 1880 557 1934 profecti,
590 1892 661 1932 per
694 1891 780 1916 eam
803 1875 911 1914 muri
939 1872 1120 1919 ruinam,
1152 1883 1230 1920 qua
1265 1881 1393 1918 equus
1418 1873 1506 1905 erat
1530 1866 1665 1904 intro-

131 1944 300 1990 ductus,
353 1940 497 1979 urbem
533 1937 750 1976 invadunt.
819 1934 945 1972 Sinon
983 1934 1162 1970 reserato
1199 1926 1290 1978 equi
1329 1932 1447 1964 utero
1488 1930 1665 1962 armatos

130 2002 302 2041 emittit:
353 1998 485 2037 onmia
516 1997 624 2035 ferro
655 1993 906 2043 flammisque
932 1988 1152 2028 foedantur
1175 1987 1341 2026 ——267.
1416 1983 1569 2022 Aeneas
1599 1982 1665 2020 in-

130 2061 251 2100 terim
268 2058 317 2096 ab
341 2057 515 2096 Hectore
536 2055 578 2093 in
596 2053 746 2092 somnis
768 2051 1021 2096 admonetur,
1051 2052 1099 2084 ut
1118 2043 1193 2083 sibi
1213 2044 1305 2094 fuga
1328 2042 1522 2091 consulat,
1546 2041 1666 2079 deos-

132 2133 210 2171 que
229 2116 384 2172 patrios
414 2114 600 2153 incendio
632 2111 778 2164 eripiat
802 2133 849 2138 —
866 2111 962 2150 297.
1024 2105 1092 2143 llle
1120 2110 1277 2150 tamen,
1319 2101 1531 2140 honestam
1551 2112 1665 2137 mor-

132 2185 213 2216 tem
242 2174 356 2227 turpi
384 2174 499 2225 fugae
532 2171 781 2224 praeferens,
820 2168 971 2205 frustra
1007 2163 1051 2201 in
1087 2175 1198 2200 arma
1226 2160 1332 2199 ruit:
1378 2160 1471 2197 satis
1498 2157 1667 2197 feliciter

133 2237 287 2290 primus
313 2234 488 2284 impetus
512 2229 693 2269 succedit
711 2225 916 2273 Troianis,
949 2223 1079 2261 donec
1099 2218 1270 2258 Coroebi
1293 2218 1505 2257 consilium
1529 2215 1667 2265 secuti,

134 2294 278 2333 sumtis
300 2292 549 2330 Graecorum
573 2287 706 2336 armis,
738 2297 906 2324 suorum
921 2281 1012 2320 telis
1035 2280 1268 2319 obruuntur
1289 2300 1339 2306 —-
1354 2275 1450 2319 437.
1511 2275 1669 2314 Interea

135 2351 283 2391 Priami
304 2349 411 2401 regia
445 2352 724 2400 oppugnatur,
764 2343 1025 2391 Priamusque
1047 2339 1132 2391 ipse
1164 2350 1186 2373 a
1204 2335 1363 2388 Pyrrho
1392 2333 1559 2373 Achillis
1586 2331 1669 2370 filio

136 2407 561 2449 interficitur—558.
622 2404 776 2443 Aeneas
796 2402 932 2451 itaque
961 2399 1113 2436 frustra
1142 2395 1308 2433 tentatis
1338 2392 1545 2441 omnibus,
1578 2403 1670 2429 cum

136 2470 216 2507 iam
234 2466 334 2506 nihil
357 2463 440 2516 spei
460 2463 664 2514 reliquum
685 2467 810 2509 esset,
842 2470 955 2496 sacra
980 2454 1177 2494 Anchisae
1203 2452 1311 2505 patri
1331 2450 1565 2498 committit,
1598 2462 1670 2486 eo-

139 2540 217 2578 que
253 2525 296 2563 in
317 2523 508 2561 humeros
530 2535 622 2559 suos
644 2519 815 2566 sublato,
849 2513 1116 2563 assumtisque
1139 2510 1311 2549 Ascanio
1337 2510 1419 2548 filio
1444 2510 1671 2558 Creusaque

140 2597 290 2632 uxore,
322 2583 456 2632 sugam
476 2579 620 2631 arripit
642 2577 801 2619 —728.
864 2571 1005 2611 Graeci
1029 2584 1050 2608 a
1072 2576 1184 2620 tergo
1208 2569 1491 2618 insequuntur.
1551 2566 1597 2604 In
1624 2577 1671 2603 eo

140 2643 322 2681 tumultu
352 2640 542 2676 Creusam
575 2648 747 2674 uxorem
778 2631 944 2670 amittit:
989 2628 1103 2667 cuius
1135 2626 1390 2678 quaerendae
1426 2637 1564 2663 caussa
1600 2635 1672 2675 per

140 2706 270 2740 totam
291 2698 433 2738 urbem
457 2693 665 2734 oberranti
689 2691 809 2730 obvia
832 2690 881 2727 fit
910 2687 1052 2725 uxoris
1084 2685 1260 2733 Umbra,
1296 2684 1510 2733 virumque
1529 2680 1672 2720 mortis

142 2773 236 2798 suae
265 2756 479 2796 certiorem
506 2752 603 2791 facit
625 2749 800 2793 —7942
849 2747 933 2799 ipse
959 2744 1009 2783 ad
1038 2743 1166 2781 socios
1195 2742 1439 2791 revertitur,
1480 2754 1560 2791 quo
1594 2739 1672 2777 iam

142 2830 309 2869 magnus
334 2811 518 2853 virorum
546 2809 841 2857 mulierumque
868 2816 1062 2842 numerus
1094 2801 1370 2849 confluxerat,
1412 2799 1495 2837 eius
1536 2796 1673 2850 auspi—

144 2877 270 2925 cium,
302 2882 544 2925 quocunque
569 2875 769 2906 terrarum
792 2863 992 2901 abducere
1019 2860 1159 2909 vellet,
1191 2858 1304 2910 sequi
1322 2863 1500 2911 paratus.
