<?xml version="1.0" encoding="UTF-8"?>
<!DOCTYPE html PUBLIC "-//W3C//DTD XHTML 1.0 Transitional//EN"
    "http://www.w3.org/TR/xhtml1/DTD/xhtml1-transitional.dtd">
<html xmlns="http://www.w3.org/1999/xhtml" xml:lang="en" lang="en">
 <head>
  <title>
</title>
<meta http-equiv="Content-Type" content="text/html;charset=utf-8" />
  <meta name='ocr-system' content='tesseract 3.04.00' />
  <meta name='ocr-capabilities' content='ocr_page ocr_carea ocr_par ocr_line ocrx_word'/>
</head>
<body>
  <div class='ocr_page' id='page_1' title='image "./publiusvirgilius02virguoft/publiusvirgilius02virguoft_0844.png"; bbox 0 0 1779 3420; ppageno 0'>
   <div class='ocr_carea' id='block_1_1' title="bbox 88 204 1274 266">
    <p class='ocr_par' dir='ltr' id='par_1_1' title="bbox 88 204 1274 266">
     <span class='ocr_line' id='line_1_1' title="bbox 88 204 1274 266; baseline -0.011 0"><span class='ocrx_word' id='word_1_1' title='bbox 88 219 189 266; x_wconf 82' lang='lat'>836</span> <span class='ocrx_word' id='word_1_2' title='bbox 411 213 464 261; x_wconf 92' lang='grc' dir='ltr'>Ρ.</span> <span class='ocrx_word' id='word_1_3' title='bbox 502 208 860 262; x_wconf 85' lang='lat' dir='ltr'><strong>VIRGILII</strong></span> <span class='ocrx_word' id='word_1_4' title='bbox 903 204 1274 255; x_wconf 82' lang='lat' dir='ltr'><strong>MARONIS</strong></span> 
     </span>
    </p>
   </div>
   <div class='ocr_carea' id='block_1_2' title="bbox 85 330 1604 601">
    <p class='ocr_par' dir='ltr' id='par_1_2' title="bbox 85 330 1228 401">
     <span class='ocr_line' id='line_1_2' title="bbox 85 330 1228 401; baseline -0.008 -11"><span class='ocrx_word' id='word_1_5' title='bbox 85 343 154 391; x_wconf 83' lang='lat' dir='ltr'>Et</span> <span class='ocrx_word' id='word_1_6' title='bbox 178 338 316 389; x_wconf 87' lang='lat' dir='ltr'>coeli</span> <span class='ocrx_word' id='word_1_7' title='bbox 342 337 499 387; x_wconf 83' lang='lat' dir='ltr'>toties</span> <span class='ocrx_word' id='word_1_8' title='bbox 520 336 776 401; x_wconf 85' lang='lat' dir='ltr'>deceptus</span> <span class='ocrx_word' id='word_1_9' title='bbox 801 332 991 382; x_wconf 85' lang='lat' dir='ltr'>fraude</span> <span class='ocrx_word' id='word_1_10' title='bbox 1016 330 1228 381; x_wconf 86' lang='lat' dir='ltr'>sereni?</span> 
     </span>
    </p>

    <p class='ocr_par' dir='ltr' id='par_1_3' title="bbox 86 398 1604 601">
     <span class='ocr_line' id='line_1_3' title="bbox 89 398 1505 469; baseline -0.011 -9"><span class='ocrx_word' id='word_1_11' title='bbox 89 410 233 460; x_wconf 85' lang='lat' dir='ltr'>Talia</span> <span class='ocrx_word' id='word_1_12' title='bbox 258 408 394 457; x_wconf 87' lang='lat' dir='ltr'>dicta</span> <span class='ocrx_word' id='word_1_13' title='bbox 415 407 597 464; x_wconf 73' lang='lat' dir='ltr'>dabat„</span> <span class='ocrx_word' id='word_1_14' title='bbox 640 404 955 469; x_wconf 89' lang='lat' dir='ltr'>clavumque</span> <span class='ocrx_word' id='word_1_15' title='bbox 982 401 1183 450; x_wconf 84' lang='lat' dir='ltr'>adfixus</span> <span class='ocrx_word' id='word_1_16' title='bbox 1206 408 1258 449; x_wconf 87' lang='lat' dir='ltr'>et</span> <span class='ocrx_word' id='word_1_17' title='bbox 1276 398 1505 447; x_wconf 86' lang='lat' dir='ltr'>haerens</span> 
     </span>
     <span class='ocr_line' id='line_1_4' title="bbox 86 466 1604 546; baseline -0.011 -15"><span class='ocrx_word' id='word_1_18' title='bbox 86 485 362 546; x_wconf 81' lang='lat' dir='ltr'><strong>Nusquam</strong></span> <span class='ocrx_word' id='word_1_19' title='bbox 399 475 695 538; x_wconf 81' lang='lat' dir='ltr'>amittebat,</span> <span class='ocrx_word' id='word_1_20' title='bbox 750 474 1046 538; x_wconf 87' lang='lat' dir='ltr'>oculosque</span> <span class='ocrx_word' id='word_1_21' title='bbox 1079 470 1177 519; x_wconf 89' lang='lat' dir='ltr'>sub</span> <span class='ocrx_word' id='word_1_22' title='bbox 1210 478 1343 519; x_wconf 84' lang='lat' dir='ltr'>astra</span> <span class='ocrx_word' id='word_1_23' title='bbox 1373 466 1604 518; x_wconf 84' lang='lat' dir='ltr'>tenebat.</span> 
     </span>
     <span class='ocr_line' id='line_1_5' title="bbox 86 539 1375 601; baseline -0.01 -1"><span class='ocrx_word' id='word_1_24' title='bbox 86 554 224 601; x_wconf 87' lang='lat' dir='ltr'>Ecce</span> <span class='ocrx_word' id='word_1_25' title='bbox 248 549 379 598; x_wconf 86' lang='lat' dir='ltr'>deus</span> <span class='ocrx_word' id='word_1_26' title='bbox 401 562 613 596; x_wconf 83' lang='lat' dir='ltr'>ramum</span> <span class='ocrx_word' id='word_1_27' title='bbox 639 543 877 593; x_wconf 84' lang='lat' dir='ltr'>Lethaeo</span> <span class='ocrx_word' id='word_1_28' title='bbox 898 557 1022 591; x_wconf 83' lang='lat' dir='ltr'>rore</span> <span class='ocrx_word' id='word_1_29' title='bbox 1048 539 1375 601; x_wconf 79' lang='lat' dir='ltr'>madentem,</span> 
     </span>
    </p>
   </div>
   <div class='ocr_carea' id='block_1_3' title="bbox 82 675 1607 1765">
    <p class='ocr_par' dir='ltr' id='par_1_4' title="bbox 82 675 1607 1765">
     <span class='ocr_line' id='line_1_6' title="bbox 89 675 1606 736; baseline -0.012 -11"><span class='ocrx_word' id='word_1_30' title='bbox 89 700 126 725; x_wconf 72' lang='lat' dir='ltr'>ec</span> <span class='ocrx_word' id='word_1_31' title='bbox 150 691 310 736; x_wconf 67' lang='lat' dir='ltr'>qaidemg</span> <span class='ocrx_word' id='word_1_32' title='bbox 345 689 414 722; x_wconf 86' lang='lat' dir='ltr'>vid.</span> <span class='ocrx_word' id='word_1_33' title='bbox 442 689 484 728; x_wconf 88' lang='lat' dir='ltr'>Q.</span> <span class='ocrx_word' id='word_1_34' title='bbox 510 688 555 719; x_wconf 87' lang='lat' dir='ltr'><strong>V.</strong></span> <span class='ocrx_word' id='word_1_35' title='bbox 580 685 771 725; x_wconf 86' lang='grc' dir='ltr'>ΧΧΧΙΙΙῙ,</span> <span class='ocrx_word' id='word_1_36' title='bbox 796 685 830 718; x_wconf 77' lang='lat'><strong>2.</strong></span> <span class='ocrx_word' id='word_1_37' title='bbox 862 681 955 725; x_wconf 75' lang='lat' dir='ltr'>Wr.)</span> <span class='ocrx_word' id='word_1_38' title='bbox 1011 683 1079 715; x_wconf 91' lang='lat' dir='ltr'>Pro</span> <span class='ocrx_word' id='word_1_39' title='bbox 1106 680 1247 713; x_wconf 74' lang='lat' dir='ltr'>austris</span> <span class='ocrx_word' id='word_1_40' title='bbox 1272 679 1376 711; x_wconf 74' lang='lat' dir='ltr'>auri-s·</span> <span class='ocrx_word' id='word_1_41' title='bbox 1400 678 1500 709; x_wconf 85' lang='lat' dir='ltr'>Rom.</span> <span class='ocrx_word' id='word_1_42' title='bbox 1525 675 1606 708; x_wconf 89' lang='lat' dir='ltr'>Me-</span> 
     </span>
     <span class='ocr_line' id='line_1_7' title="bbox 89 724 1606 774; baseline -0.011 -3"><span class='ocrx_word' id='word_1_43' title='bbox 89 739 156 772; x_wconf 89' lang='lat' dir='ltr'><strong>dic.</strong></span> <span class='ocrx_word' id='word_1_44' title='bbox 181 749 257 771; x_wconf 87' lang='lat' dir='ltr'>cum</span> <span class='ocrx_word' id='word_1_45' title='bbox 283 736 359 769; x_wconf 85' lang='lat' dir='ltr'>aliis</span> <span class='ocrx_word' id='word_1_46' title='bbox 385 735 474 767; x_wconf 88' lang='lat' dir='ltr'>Pier.</span> <span class='ocrx_word' id='word_1_47' title='bbox 502 741 538 766; x_wconf 92' lang='lat' dir='ltr'>et</span> <span class='ocrx_word' id='word_1_48' title='bbox 562 733 683 765; x_wconf 86' lang='lat' dir='ltr'>Heius.</span> <span class='ocrx_word' id='word_1_49' title='bbox 711 744 750 765; x_wconf 83' lang='lat' dir='ltr'>ac</span> <span class='ocrx_word' id='word_1_50' title='bbox 771 733 884 763; x_wconf 85' lang='lat' dir='ltr'>Burm.</span> <span class='ocrx_word' id='word_1_51' title='bbox 912 729 1032 774; x_wconf 82' lang='lat' dir='ltr'>(etiam</span> <span class='ocrx_word' id='word_1_52' title='bbox 1057 729 1089 762; x_wconf 74' lang='grc'>2.</span> <span class='ocrx_word' id='word_1_53' title='bbox 1115 728 1148 762; x_wconf 77' lang='lat'><strong>3.</strong></span> <span class='ocrx_word' id='word_1_54' title='bbox 1173 730 1205 761; x_wconf 77' lang='grc' dir='ltr'>ὅ.</span> <span class='ocrx_word' id='word_1_55' title='bbox 1230 726 1325 768; x_wconf 70' lang='lat' dir='ltr'>lls&#39;r.)</span> <span class='ocrx_word' id='word_1_56' title='bbox 1351 724 1447 757; x_wconf 85' lang='lat' dir='ltr'>Idem</span> <span class='ocrx_word' id='word_1_57' title='bbox 1467 729 1502 755; x_wconf 91' lang='lat' dir='ltr'>et</span> <span class='ocrx_word' id='word_1_58' title='bbox 1520 725 1606 756; x_wconf 90' lang='lat' dir='ltr'>Ser-</span> 
     </span>
     <span class='ocr_line' id='line_1_8' title="bbox 89 771 1605 827; baseline -0.011 -10"><span class='ocrx_word' id='word_1_59' title='bbox 89 786 164 818; x_wconf 83' lang='lat' dir='ltr'>vius</span> <span class='ocrx_word' id='word_1_60' title='bbox 188 785 224 817; x_wconf 89' lang='lat' dir='ltr'>in</span> <span class='ocrx_word' id='word_1_61' title='bbox 249 780 541 827; x_wconf 74' lang='lat' dir='ltr'>interpretatione</span> <span class='ocrx_word' id='word_1_62' title='bbox 576 779 739 820; x_wconf 82' lang='lat' dir='ltr'>exhibet,</span> <span class='ocrx_word' id='word_1_63' title='bbox 777 785 811 811; x_wconf 85' lang='lat' dir='ltr'>et</span> <span class='ocrx_word' id='word_1_64' title='bbox 835 779 1003 821; x_wconf 76' lang='lat' dir='ltr'>Pompon.</span> <span class='ocrx_word' id='word_1_65' title='bbox 1029 775 1108 808; x_wconf 79' lang='lat' dir='ltr'>Sub.</span> <span class='ocrx_word' id='word_1_66' title='bbox 1167 773 1237 806; x_wconf 86' lang='lat' dir='ltr'>Sed</span> <span class='ocrx_word' id='word_1_67' title='bbox 1262 772 1411 805; x_wconf 86' lang='lat' dir='ltr'>alterum</span> <span class='ocrx_word' id='word_1_68' title='bbox 1438 771 1605 802; x_wconf 86' lang='lat' dir='ltr'>Donatus.</span> 
     </span>
     <span class='ocr_line' id='line_1_9' title="bbox 91 819 1606 876; baseline -0.011 -11"><span class='ocrx_word' id='word_1_69' title='bbox 91 833 245 876; x_wconf 73' lang='lat' dir='ltr'>(austris</span> <span class='ocrx_word' id='word_1_70' title='bbox 268 831 376 863; x_wconf 80' lang='lat' dir='ltr'>Palat.</span> <span class='ocrx_word' id='word_1_71' title='bbox 411 840 486 862; x_wconf 88' lang='lat' dir='ltr'>cum</span> <span class='ocrx_word' id='word_1_72' title='bbox 521 831 618 860; x_wconf 85' lang='lat' dir='ltr'>Serv.</span> <span class='ocrx_word' id='word_1_73' title='bbox 652 825 777 858; x_wconf 87' lang='lat' dir='ltr'>Dresd.</span> <span class='ocrx_word' id='word_1_74' title='bbox 825 825 899 868; x_wconf 86' lang='lat' dir='ltr'>Ego</span> <span class='ocrx_word' id='word_1_75' title='bbox 934 820 1256 867; x_wconf 80' lang='lat' dir='ltr'>praestantissimos</span> <span class='ocrx_word' id='word_1_76' title='bbox 1292 819 1431 852; x_wconf 88' lang='lat' dir='ltr'>codices</span> <span class='ocrx_word' id='word_1_77' title='bbox 1467 823 1606 849; x_wconf 83' lang='lat' dir='ltr'>secutus</span> 
     </span>
     <span class='ocr_line' id='line_1_10' title="bbox 88 863 1605 917; baseline -0.011 -5"><span class='ocrx_word' id='word_1_78' title='bbox 88 878 247 912; x_wconf 75' lang='lat' dir='ltr'>revocavi</span> <span class='ocrx_word' id='word_1_79' title='bbox 272 878 387 909; x_wconf 75' lang='lat' dir='ltr'>auris.</span> <span class='ocrx_word' id='word_1_80' title='bbox 435 876 480 907; x_wconf 89' lang='lat' dir='ltr'>Et</span> <span class='ocrx_word' id='word_1_81' title='bbox 515 875 674 915; x_wconf 74' lang='lat' dir='ltr'>austris,</span> <span class='ocrx_word' id='word_1_82' title='bbox 710 872 790 917; x_wconf 85' lang='lat' dir='ltr'>quia</span> <span class='ocrx_word' id='word_1_83' title='bbox 813 878 885 903; x_wconf 91' lang='lat' dir='ltr'>tum</span> <span class='ocrx_word' id='word_1_84' title='bbox 912 871 981 903; x_wconf 85' lang='lat' dir='ltr'>hoc</span> <span class='ocrx_word' id='word_1_85' title='bbox 1005 876 1108 902; x_wconf 89' lang='lat' dir='ltr'>vento</span> <span class='ocrx_word' id='word_1_86' title='bbox 1143 867 1330 900; x_wconf 81' lang='lat' dir='ltr'>utebantur</span> <span class='ocrx_word' id='word_1_87' title='bbox 1353 863 1511 905; x_wconf 86' lang='lat' dir='ltr'>Troiani,</span> <span class='ocrx_word' id='word_1_88' title='bbox 1537 863 1605 896; x_wconf 91' lang='lat' dir='ltr'>vid.</span> 
     </span>
     <span class='ocr_line' id='line_1_11' title="bbox 90 911 1607 964; baseline -0.011 -5"><span class='ocrx_word' id='word_1_89' title='bbox 90 925 192 959; x_wconf 83' lang='lat' dir='ltr'>etiam</span> <span class='ocrx_word' id='word_1_90' title='bbox 220 937 266 957; x_wconf 90' lang='lat' dir='ltr'>vs.</span> <span class='ocrx_word' id='word_1_91' title='bbox 293 925 386 963; x_wconf 62' lang='lat'>764„</span> <span class='ocrx_word' id='word_1_92' title='bbox 410 921 513 954; x_wconf 80' lang='lat' dir='ltr'>facile</span> <span class='ocrx_word' id='word_1_93' title='bbox 538 920 614 953; x_wconf 82' lang='lat' dir='ltr'>fieri</span> <span class='ocrx_word' id='word_1_94' title='bbox 649 919 767 964; x_wconf 88' lang='lat' dir='ltr'>potuit</span> <span class='ocrx_word' id='word_1_95' title='bbox 792 924 830 950; x_wconf 91' lang='lat' dir='ltr'>ut</span> <span class='ocrx_word' id='word_1_96' title='bbox 854 929 918 963; x_wconf 91' lang='lat' dir='ltr'>pro</span> <span class='ocrx_word' id='word_1_97' title='bbox 945 917 1260 960; x_wconf 79' lang='lat' dir='ltr'>interpretamento</span> <span class='ocrx_word' id='word_1_98' title='bbox 1286 911 1607 958; x_wconf 80' lang='lat' dir='ltr'><strong>superscriberetur</strong></span> 
     </span>
     <span class='ocr_line' id='line_1_12' title="bbox 89 960 1606 1012; baseline -0.011 -7"><span class='ocrx_word' id='word_1_99' title='bbox 89 980 124 1005; x_wconf 81' lang='lat' dir='ltr'>et</span> <span class='ocrx_word' id='word_1_100' title='bbox 149 972 198 1004; x_wconf 85' lang='lat' dir='ltr'>ita</span> <span class='ocrx_word' id='word_1_101' title='bbox 222 971 257 1003; x_wconf 88' lang='lat' dir='ltr'>in</span> <span class='ocrx_word' id='word_1_102' title='bbox 283 976 416 1002; x_wconf 82' lang='lat' dir='ltr'>textum</span> <span class='ocrx_word' id='word_1_103' title='bbox 453 968 638 1012; x_wconf 85' lang='lat' dir='ltr'>irreperet.</span> <span class='ocrx_word' id='word_1_104' title='bbox 698 964 901 1010; x_wconf 84' lang='lat' dir='ltr'>Requiritur</span> <span class='ocrx_word' id='word_1_105' title='bbox 932 964 1000 996; x_wconf 90' lang='lat' dir='ltr'>hoc</span> <span class='ocrx_word' id='word_1_106' title='bbox 1035 964 1115 996; x_wconf 90' lang='lat' dir='ltr'>loco</span> <span class='ocrx_word' id='word_1_107' title='bbox 1151 960 1323 1006; x_wconf 84' lang='lat' dir='ltr'>generalis</span> <span class='ocrx_word' id='word_1_108' title='bbox 1360 964 1606 992; x_wconf 88' lang='lat' dir='ltr'>ventorum</span> 
     </span>
     <span class='ocr_line' id='line_1_13' title="bbox 89 1005 1607 1061; baseline -0.011 -9"><span class='ocrx_word' id='word_1_109' title='bbox 89 1020 207 1059; x_wconf 85' lang='lat' dir='ltr'>notio;</span> <span class='ocrx_word' id='word_1_110' title='bbox 232 1018 299 1050; x_wconf 87' lang='lat' dir='ltr'>iam</span> <span class='ocrx_word' id='word_1_111' title='bbox 324 1027 528 1061; x_wconf 85' lang='lat' dir='ltr'>quamquam</span> <span class='ocrx_word' id='word_1_112' title='bbox 555 1014 642 1047; x_wconf 89' lang='lat' dir='ltr'>certi</span> <span class='ocrx_word' id='word_1_113' title='bbox 667 1013 807 1058; x_wconf 84' lang='lat' dir='ltr'>quidam</span> <span class='ocrx_word' id='word_1_114' title='bbox 841 1011 936 1045; x_wconf 86' lang='lat' dir='ltr'>venti</span> <span class='ocrx_word' id='word_1_115' title='bbox 961 1022 1067 1055; x_wconf 80' lang='lat' dir='ltr'>saepe</span> <span class='ocrx_word' id='word_1_116' title='bbox 1099 1021 1164 1054; x_wconf 89' lang='lat' dir='ltr'>pro</span> <span class='ocrx_word' id='word_1_117' title='bbox 1197 1015 1300 1040; x_wconf 83' lang='lat' dir='ltr'>vento</span> <span class='ocrx_word' id='word_1_118' title='bbox 1338 1007 1374 1040; x_wconf 82' lang='lat' dir='ltr'>iu</span> <span class='ocrx_word' id='word_1_119' title='bbox 1409 1005 1607 1038; x_wconf 87' lang='lat' dir='ltr'>universum</span> 
     </span>
     <span class='ocr_line' id='line_1_14' title="bbox 88 1052 1606 1106; baseline -0.01 -8"><span class='ocrx_word' id='word_1_120' title='bbox 88 1065 332 1106; x_wconf 84' lang='lat' dir='ltr'>nominantur,</span> <span class='ocrx_word' id='word_1_121' title='bbox 357 1063 393 1095; x_wconf 85' lang='lat' dir='ltr'>id</span> <span class='ocrx_word' id='word_1_122' title='bbox 418 1069 536 1095; x_wconf 83' lang='lat' dir='ltr'>tamen</span> <span class='ocrx_word' id='word_1_123' title='bbox 564 1062 631 1094; x_wconf 91' lang='lat' dir='ltr'>hoc</span> <span class='ocrx_word' id='word_1_124' title='bbox 656 1060 749 1101; x_wconf 82' lang='lat' dir='ltr'>loco,</span> <span class='ocrx_word' id='word_1_125' title='bbox 775 1059 832 1091; x_wconf 91' lang='lat' dir='ltr'>ubi</span> <span class='ocrx_word' id='word_1_126' title='bbox 857 1057 1039 1104; x_wconf 82' lang='lat' dir='ltr'>propriam</span> <span class='ocrx_word' id='word_1_127' title='bbox 1064 1056 1183 1089; x_wconf 88' lang='lat' dir='ltr'>sedem</span> <span class='ocrx_word' id='word_1_128' title='bbox 1202 1055 1310 1087; x_wconf 83' lang='lat' dir='ltr'>habet</span> <span class='ocrx_word' id='word_1_129' title='bbox 1335 1052 1445 1086; x_wconf 82' lang='lat' dir='ltr'>austri</span> <span class='ocrx_word' id='word_1_130' title='bbox 1467 1063 1606 1092; x_wconf 83' lang='lat' dir='ltr'>nomen,</span> 
     </span>
     <span class='ocr_line' id='line_1_15' title="bbox 88 1102 1606 1154; baseline -0.011 -8"><span class='ocrx_word' id='word_1_131' title='bbox 88 1120 182 1146; x_wconf 88' lang='lat' dir='ltr'>recte</span> <span class='ocrx_word' id='word_1_132' title='bbox 211 1111 283 1144; x_wconf 82' lang='lat' dir='ltr'>fieri</span> <span class='ocrx_word' id='word_1_133' title='bbox 311 1121 413 1154; x_wconf 84' lang='lat' dir='ltr'>nego.</span> <span class='ocrx_word' id='word_1_134' title='bbox 463 1111 555 1152; x_wconf 84' lang='lat' dir='ltr'>Ergo</span> <span class='ocrx_word' id='word_1_135' title='bbox 573 1106 779 1154; x_wconf 66' lang='lat' dir='ltr'>sallao-[bus</span> <span class='ocrx_word' id='word_1_136' title='bbox 804 1106 971 1147; x_wconf 75' lang='lat' dir='ltr'>auris,</span> <span class='ocrx_word' id='word_1_137' title='bbox 999 1116 1087 1149; x_wconf 84' lang='lat' dir='ltr'>quae</span> <span class='ocrx_word' id='word_1_138' title='bbox 1113 1115 1203 1135; x_wconf 89' lang='lat' dir='ltr'>nunc</span> <span class='ocrx_word' id='word_1_139' title='bbox 1229 1102 1401 1134; x_wconf 86' lang='lat' dir='ltr'>secundae</span> <span class='ocrx_word' id='word_1_140' title='bbox 1424 1106 1522 1140; x_wconf 92' lang='lat' dir='ltr'>sunt,</span> <span class='ocrx_word' id='word_1_141' title='bbox 1547 1105 1606 1130; x_wconf 83' lang='lat' dir='ltr'>ut·-</span> 
     </span>
     <span class='ocr_line' id='line_1_16' title="bbox 88 1146 1606 1204; baseline -0.01 -12"><span class='ocrx_word' id='word_1_142' title='bbox 88 1167 170 1204; x_wconf 91' lang='lat' dir='ltr'>pote</span> <span class='ocrx_word' id='word_1_143' title='bbox 195 1158 383 1197; x_wconf 81' lang='lat' dir='ltr'>austrinae,</span> <span class='ocrx_word' id='word_1_144' title='bbox 407 1156 469 1189; x_wconf 87' lang='lat' dir='ltr'>sed</span> <span class='ocrx_word' id='word_1_145' title='bbox 496 1164 608 1189; x_wconf 86' lang='lat' dir='ltr'>tamen</span> <span class='ocrx_word' id='word_1_146' title='bbox 634 1153 831 1187; x_wconf 82' lang='lat' dir='ltr'>mutabiles.</span> <span class='ocrx_word' id='word_1_147' title='bbox 880 1151 1082 1185; x_wconf 85' lang='lat' dir='ltr'>Retinerem</span> <span class='ocrx_word' id='word_1_148' title='bbox 1108 1151 1258 1182; x_wconf 84' lang='lat' dir='ltr'>fortasse</span> <span class='ocrx_word' id='word_1_149' title='bbox 1285 1148 1435 1189; x_wconf 73' lang='lat' dir='ltr'>austri-5,</span> <span class='ocrx_word' id='word_1_150' title='bbox 1462 1146 1490 1178; x_wconf 88' lang='lat' dir='ltr'>si</span> <span class='ocrx_word' id='word_1_151' title='bbox 1514 1146 1606 1178; x_wconf 88' lang='lat' dir='ltr'>hunc</span> 
     </span>
     <span class='ocr_line' id='line_1_17' title="bbox 87 1193 1604 1250; baseline -0.009 -11"><span class='ocrx_word' id='word_1_152' title='bbox 87 1214 226 1239; x_wconf 88' lang='lat' dir='ltr'>ventum</span> <span class='ocrx_word' id='word_1_153' title='bbox 250 1204 406 1250; x_wconf 83' lang='lat' dir='ltr'>inprimis</span> <span class='ocrx_word' id='word_1_154' title='bbox 431 1203 687 1236; x_wconf 85' lang='lat' dir='ltr'>inconstantem</span> <span class='ocrx_word' id='word_1_155' title='bbox 714 1212 789 1233; x_wconf 87' lang='lat' dir='ltr'>esse</span> <span class='ocrx_word' id='word_1_156' title='bbox 818 1205 853 1232; x_wconf 86' lang='lat' dir='ltr'>et</span> <span class='ocrx_word' id='word_1_157' title='bbox 877 1199 1037 1232; x_wconf 84' lang='lat' dir='ltr'>fallacem</span> <span class='ocrx_word' id='word_1_158' title='bbox 1063 1197 1285 1241; x_wconf 84' lang='lat' dir='ltr'>probaretur.</span> <span class='ocrx_word' id='word_1_159' title='bbox 1335 1197 1448 1238; x_wconf 84' lang='lat' dir='ltr'>Supra</span> <span class='ocrx_word' id='word_1_160' title='bbox 1474 1194 1500 1233; x_wconf 77' lang='grc' dir='ltr'>Ι,</span> <span class='ocrx_word' id='word_1_161' title='bbox 1524 1193 1604 1227; x_wconf 84' lang='grc'><strong>375.</strong></span> 
     </span>
     <span class='ocr_line' id='line_1_18' title="bbox 88 1240 1605 1292; baseline -0.009 -6"><span class='ocrx_word' id='word_1_162' title='bbox 88 1254 228 1286; x_wconf 79' lang='lat' dir='ltr'>austris</span> <span class='ocrx_word' id='word_1_163' title='bbox 261 1252 295 1284; x_wconf 87' lang='lat' dir='ltr'>in</span> <span class='ocrx_word' id='word_1_164' title='bbox 322 1251 448 1284; x_wconf 83' lang='lat' dir='ltr'>Medic.</span> <span class='ocrx_word' id='word_1_165' title='bbox 474 1263 494 1283; x_wconf 85' lang='lat' dir='ltr'>a</span> <span class='ocrx_word' id='word_1_166' title='bbox 527 1262 572 1282; x_wconf 92' lang='lat' dir='ltr'>m.</span> <span class='ocrx_word' id='word_1_167' title='bbox 600 1260 653 1292; x_wconf 90' lang='lat' dir='ltr'>pr.</span> <span class='ocrx_word' id='word_1_168' title='bbox 690 1247 858 1292; x_wconf 86' lang='lat' dir='ltr'>scriptum</span> <span class='ocrx_word' id='word_1_169' title='bbox 892 1257 956 1290; x_wconf 89' lang='lat' dir='ltr'>pro</span> <span class='ocrx_word' id='word_1_170' title='bbox 983 1247 1106 1286; x_wconf 73' lang='lat' dir='ltr'>auris,</span> <span class='ocrx_word' id='word_1_171' title='bbox 1140 1244 1162 1276; x_wconf 88' lang='lat' dir='ltr'>i.</span> <span class='ocrx_word' id='word_1_172' title='bbox 1189 1255 1218 1276; x_wconf 91' lang='lat' dir='ltr'>e.</span> <span class='ocrx_word' id='word_1_173' title='bbox 1244 1254 1367 1275; x_wconf 79' lang='lat' dir='ltr'>aures.</span> <span class='ocrx_word' id='word_1_174' title='bbox 1396 1241 1491 1284; x_wconf 68' lang='lat' dir='ltr'>W&#39;r.)</span> <span class='ocrx_word' id='word_1_175' title='bbox 1541 1240 1605 1272; x_wconf 85' lang='lat' dir='ltr'>Ge.</span> 
     </span>
     <span class='ocr_line' id='line_1_19' title="bbox 88 1286 1605 1333; baseline -0.011 0"><span class='ocrx_word' id='word_1_176' title='bbox 88 1299 266 1333; x_wconf 87' lang='lat' dir='ltr'>Fabricius</span> <span class='ocrx_word' id='word_1_177' title='bbox 292 1299 384 1331; x_wconf 87' lang='lat' dir='ltr'>huuc</span> <span class='ocrx_word' id='word_1_178' title='bbox 408 1298 522 1330; x_wconf 89' lang='lat' dir='ltr'>locum</span> <span class='ocrx_word' id='word_1_179' title='bbox 548 1297 639 1328; x_wconf 88' lang='lat' dir='ltr'>inter</span> <span class='ocrx_word' id='word_1_180' title='bbox 665 1294 929 1328; x_wconf 88' lang='lat' dir='ltr'>obscurissimos</span> <span class='ocrx_word' id='word_1_181' title='bbox 948 1293 1112 1325; x_wconf 78' lang='lat' dir='ltr'>habebat.</span> <span class='ocrx_word' id='word_1_182' title='bbox 1140 1290 1259 1333; x_wconf 88' lang='lat' dir='ltr'>(etiam</span> <span class='ocrx_word' id='word_1_183' title='bbox 1279 1288 1482 1322; x_wconf 77' lang='lat' dir='ltr'>Withofms.</span> <span class='ocrx_word' id='word_1_184' title='bbox 1510 1286 1605 1319; x_wconf 89' lang='lat' dir='ltr'>cuius</span> 
     </span>
     <span class='ocr_line' id='line_1_20' title="bbox 88 1335 1607 1392; baseline -0.011 -12"><span class='ocrx_word' id='word_1_185' title='bbox 88 1347 178 1388; x_wconf 83' lang='lat' dir='ltr'>vide,</span> <span class='ocrx_word' id='word_1_186' title='bbox 204 1347 232 1379; x_wconf 90' lang='lat' dir='ltr'>si</span> <span class='ocrx_word' id='word_1_187' title='bbox 258 1347 388 1392; x_wconf 84' lang='lat' dir='ltr'>placet,</span> <span class='ocrx_word' id='word_1_188' title='bbox 416 1344 599 1377; x_wconf 75' lang='lat' dir='ltr'>Kricisclze</span> <span class='ocrx_word' id='word_1_189' title='bbox 623 1342 824 1375; x_wconf 72' lang='lat' dir='ltr'>Amnerlck.</span> <span class='ocrx_word' id='word_1_190' title='bbox 848 1341 933 1373; x_wconf 84' lang='lat' dir='ltr'>fasc.</span> <span class='ocrx_word' id='word_1_191' title='bbox 960 1341 1021 1372; x_wconf 83' lang='lat' dir='ltr'><strong>IV.</strong></span> <span class='ocrx_word' id='word_1_192' title='bbox 1049 1352 1082 1384; x_wconf 89' lang='lat' dir='ltr'>p.</span> <span class='ocrx_word' id='word_1_193' title='bbox 1109 1339 1164 1372; x_wconf 69' lang='lat'>22.</span> <span class='ocrx_word' id='word_1_194' title='bbox 1193 1349 1269 1382; x_wconf 91' lang='lat' dir='ltr'>sqq.</span> <span class='ocrx_word' id='word_1_195' title='bbox 1300 1336 1396 1378; x_wconf 82' lang='lat' dir='ltr'>Wr.)</span> <span class='ocrx_word' id='word_1_196' title='bbox 1467 1335 1533 1370; x_wconf 87' lang='lat'>851</span> <span class='ocrx_word' id='word_1_197' title='bbox 1559 1336 1607 1365; x_wconf 74' lang='lat' dir='ltr'>Ec</span> 
     </span>
     <span class='ocr_line' id='line_1_21' title="bbox 88 1381 1607 1431; baseline -0.009 -5"><span class='ocrx_word' id='word_1_198' title='bbox 88 1395 187 1427; x_wconf 68' lang='lat' dir='ltr'>coelo</span> <span class='ocrx_word' id='word_1_199' title='bbox 214 1393 316 1427; x_wconf 88' lang='lat' dir='ltr'><strong>codd.</strong></span> <span class='ocrx_word' id='word_1_200' title='bbox 343 1393 433 1425; x_wconf 87' lang='lat' dir='ltr'>Pier.</span> <span class='ocrx_word' id='word_1_201' title='bbox 460 1399 495 1424; x_wconf 90' lang='lat' dir='ltr'>et</span> <span class='ocrx_word' id='word_1_202' title='bbox 519 1390 647 1431; x_wconf 59' lang='lat' dir='ltr'>Gis-au„</span> <span class='ocrx_word' id='word_1_203' title='bbox 686 1389 772 1422; x_wconf 89' lang='lat' dir='ltr'>item</span> <span class='ocrx_word' id='word_1_204' title='bbox 798 1389 923 1420; x_wconf 90' lang='lat' dir='ltr'>Donat.</span> <span class='ocrx_word' id='word_1_205' title='bbox 963 1399 1039 1419; x_wconf 88' lang='lat' dir='ltr'>cum</span> <span class='ocrx_word' id='word_1_206' title='bbox 1064 1389 1160 1419; x_wconf 88' lang='lat' dir='ltr'>Serv.</span> <span class='ocrx_word' id='word_1_207' title='bbox 1186 1397 1217 1417; x_wconf 92' lang='lat' dir='ltr'><strong>v.</strong></span> <span class='ocrx_word' id='word_1_208' title='bbox 1244 1383 1288 1417; x_wconf 82' lang='lat' dir='ltr'>ad</span> <span class='ocrx_word' id='word_1_209' title='bbox 1313 1395 1362 1414; x_wconf 80' lang='lat' dir='ltr'><strong>VS.</strong></span> <span class='ocrx_word' id='word_1_210' title='bbox 1387 1393 1505 1426; x_wconf 87' lang='lat' dir='ltr'>praec.</span> <span class='ocrx_word' id='word_1_211' title='bbox 1555 1381 1607 1413; x_wconf 86' lang='lat' dir='ltr'>Ita</span> 
     </span>
     <span class='ocr_line' id='line_1_22' title="bbox 82 1426 1606 1486; baseline -0.009 -13"><span class='ocrx_word' id='word_1_212' title='bbox 82 1440 224 1486; x_wconf 79' lang='lat' dir='ltr'>fraude</span> <span class='ocrx_word' id='word_1_213' title='bbox 257 1441 377 1473; x_wconf 79' lang='lat' dir='ltr'>sereni</span> <span class='ocrx_word' id='word_1_214' title='bbox 408 1438 641 1482; x_wconf 80' lang='lat' dir='ltr'>iungendum,</span> <span class='ocrx_word' id='word_1_215' title='bbox 679 1443 717 1468; x_wconf 86' lang='lat' dir='ltr'>ut</span> <span class='ocrx_word' id='word_1_216' title='bbox 751 1447 919 1468; x_wconf 76' lang='lat' dir='ltr'>serenum</span> <span class='ocrx_word' id='word_1_217' title='bbox 950 1445 1016 1478; x_wconf 91' lang='lat' dir='ltr'>pro</span> <span class='ocrx_word' id='word_1_218' title='bbox 1050 1433 1250 1465; x_wconf 82' lang='lat' dir='ltr'>serenitate</span> <span class='ocrx_word' id='word_1_219' title='bbox 1286 1430 1415 1462; x_wconf 89' lang='lat' dir='ltr'>dictum</span> <span class='ocrx_word' id='word_1_220' title='bbox 1443 1428 1500 1461; x_wconf 89' lang='lat' dir='ltr'>sit.</span> <span class='ocrx_word' id='word_1_221' title='bbox 1536 1426 1606 1460; x_wconf 85' lang='lat' dir='ltr'><strong>vid.</strong></span> 
     </span>
     <span class='ocr_line' id='line_1_23' title="bbox 88 1476 1605 1529; baseline -0.009 -10"><span class='ocrx_word' id='word_1_222' title='bbox 88 1489 202 1521; x_wconf 87' lang='lat' dir='ltr'>Burm.</span> <span class='ocrx_word' id='word_1_223' title='bbox 259 1499 389 1520; x_wconf 74' lang='lat' dir='ltr'>Sereno</span> <span class='ocrx_word' id='word_1_224' title='bbox 420 1486 555 1529; x_wconf 84' lang='lat' dir='ltr'>aliquot</span> <span class='ocrx_word' id='word_1_225' title='bbox 586 1484 677 1516; x_wconf 84' lang='lat' dir='ltr'>Pier.</span> <span class='ocrx_word' id='word_1_226' title='bbox 710 1489 746 1515; x_wconf 93' lang='lat' dir='ltr'>et</span> <span class='ocrx_word' id='word_1_227' title='bbox 778 1482 867 1514; x_wconf 89' lang='lat' dir='ltr'>Gud.</span> <span class='ocrx_word' id='word_1_228' title='bbox 906 1494 924 1514; x_wconf 82' lang='lat' dir='ltr'>a</span> <span class='ocrx_word' id='word_1_229' title='bbox 958 1493 1002 1513; x_wconf 91' lang='lat' dir='ltr'>m.</span> <span class='ocrx_word' id='word_1_230' title='bbox 1038 1491 1105 1523; x_wconf 84' lang='lat' dir='ltr'>pr.‚</span> <span class='ocrx_word' id='word_1_231' title='bbox 1136 1479 1200 1511; x_wconf 89' lang='lat' dir='ltr'>sed</span> <span class='ocrx_word' id='word_1_232' title='bbox 1236 1478 1327 1510; x_wconf 79' lang='lat' dir='ltr'>cons.</span> <span class='ocrx_word' id='word_1_233' title='bbox 1361 1476 1422 1508; x_wconf 84' lang='lat' dir='ltr'>inf.</span> <span class='ocrx_word' id='word_1_234' title='bbox 1458 1488 1489 1508; x_wconf 87' lang='lat' dir='ltr'><strong>v.</strong></span> <span class='ocrx_word' id='word_1_235' title='bbox 1525 1476 1605 1509; x_wconf 81' lang='lat'><strong>870.</strong></span> 
     </span>
     <span class='ocr_line' id='line_1_24' title="bbox 88 1522 1606 1573; baseline -0.01 -5"><span class='ocrx_word' id='word_1_236' title='bbox 88 1536 157 1570; x_wconf 77' lang='lat'>852</span> <span class='ocrx_word' id='word_1_237' title='bbox 186 1534 293 1567; x_wconf 78' lang='lat' dir='ltr'>Talia</span> <span class='ocrx_word' id='word_1_238' title='bbox 318 1532 479 1566; x_wconf 78' lang='lat' dir='ltr'>dictabat</span> <span class='ocrx_word' id='word_1_239' title='bbox 504 1530 646 1564; x_wconf 83' lang='lat' dir='ltr'>Mentel.</span> <span class='ocrx_word' id='word_1_240' title='bbox 673 1541 725 1573; x_wconf 89' lang='lat' dir='ltr'>pr.</span> <span class='ocrx_word' id='word_1_241' title='bbox 775 1529 950 1573; x_wconf 73' lang='lat' dir='ltr'>clavoque</span> <span class='ocrx_word' id='word_1_242' title='bbox 974 1527 1100 1560; x_wconf 78' lang='lat' dir='ltr'>Medic.</span> <span class='ocrx_word' id='word_1_243' title='bbox 1129 1539 1147 1558; x_wconf 83' lang='lat' dir='ltr'>a</span> <span class='ocrx_word' id='word_1_244' title='bbox 1172 1538 1216 1558; x_wconf 90' lang='lat' dir='ltr'>m.</span> <span class='ocrx_word' id='word_1_245' title='bbox 1243 1537 1309 1569; x_wconf 89' lang='lat' dir='ltr'>pr.‚</span> <span class='ocrx_word' id='word_1_246' title='bbox 1334 1524 1413 1556; x_wconf 90' lang='lat' dir='ltr'>dum</span> <span class='ocrx_word' id='word_1_247' title='bbox 1442 1522 1606 1554; x_wconf 84' lang='lat' dir='ltr'>librarius</span> 
     </span>
     <span class='ocr_line' id='line_1_25' title="bbox 88 1569 1605 1625; baseline -0.01 -10"><span class='ocrx_word' id='word_1_248' title='bbox 88 1582 133 1615; x_wconf 88' lang='lat' dir='ltr'>ad</span> <span class='ocrx_word' id='word_1_249' title='bbox 158 1581 350 1625; x_wconf 75' lang='lat' dir='ltr'>proximum</span> <span class='ocrx_word' id='word_1_250' title='bbox 374 1580 524 1624; x_wconf 73' lang='lat' dir='ltr'>adfixus</span> <span class='ocrx_word' id='word_1_251' title='bbox 546 1578 713 1617; x_wconf 76' lang='lat' dir='ltr'>reserret3</span> <span class='ocrx_word' id='word_1_252' title='bbox 740 1576 802 1608; x_wconf 86' lang='lat' dir='ltr'>sed</span> <span class='ocrx_word' id='word_1_253' title='bbox 827 1576 1038 1619; x_wconf 72' lang='lat' dir='ltr'>clavumque</span> <span class='ocrx_word' id='word_1_254' title='bbox 1065 1574 1109 1606; x_wconf 83' lang='lat' dir='ltr'>ad</span> <span class='ocrx_word' id='word_1_255' title='bbox 1135 1571 1322 1605; x_wconf 63' lang='lat' dir='ltr'>amittebat</span> <span class='ocrx_word' id='word_1_256' title='bbox 1346 1569 1605 1603; x_wconf 77' lang='lat' dir='ltr'>retrahendum.</span> 
     </span>
     <span class='ocr_line' id='line_1_26' title="bbox 91 1616 1605 1671; baseline -0.009 -10"><span class='ocrx_word' id='word_1_257' title='bbox 91 1629 251 1661; x_wconf 78' lang='lat' dir='ltr'>adnixus</span> <span class='ocrx_word' id='word_1_258' title='bbox 276 1626 384 1661; x_wconf 79' lang='lat' dir='ltr'>Wall.</span> <span class='ocrx_word' id='word_1_259' title='bbox 412 1633 447 1659; x_wconf 91' lang='lat' dir='ltr'>et</span> <span class='ocrx_word' id='word_1_260' title='bbox 472 1638 524 1671; x_wconf 90' lang='lat' dir='ltr'>pr.</span> <span class='ocrx_word' id='word_1_261' title='bbox 552 1625 674 1657; x_wconf 81' lang='lat' dir='ltr'>Hamb.</span> <span class='ocrx_word' id='word_1_262' title='bbox 723 1624 936 1667; x_wconf 78' lang='lat' dir='ltr'>clavumque</span> <span class='ocrx_word' id='word_1_263' title='bbox 961 1634 1004 1654; x_wconf 87' lang='lat' dir='ltr'>ac</span> <span class='ocrx_word' id='word_1_264' title='bbox 1027 1621 1150 1654; x_wconf 77' lang='lat' dir='ltr'>sidera</span> <span class='ocrx_word' id='word_1_265' title='bbox 1174 1620 1373 1652; x_wconf 75' lang='lat' dir='ltr'>inhaerens</span> <span class='ocrx_word' id='word_1_266' title='bbox 1387 1616 1520 1650; x_wconf 81' lang='lat' dir='ltr'>Zulich.</span> <span class='ocrx_word' id='word_1_267' title='bbox 1540 1626 1605 1659; x_wconf 85' lang='lat' dir='ltr'>pro</span> 
     </span>
     <span class='ocr_line' id='line_1_27' title="bbox 89 1662 1605 1718; baseline -0.009 -10"><span class='ocrx_word' id='word_1_268' title='bbox 89 1687 161 1708; x_wconf 84' lang='lat' dir='ltr'>var.</span> <span class='ocrx_word' id='word_1_269' title='bbox 187 1675 270 1707; x_wconf 80' lang='lat' dir='ltr'>lect.</span> <span class='ocrx_word' id='word_1_270' title='bbox 320 1674 488 1718; x_wconf 62' lang='lat' dir='ltr'>adsta-us,</span> <span class='ocrx_word' id='word_1_271' title='bbox 525 1673 734 1705; x_wconf 78' lang='lat' dir='ltr'>adhaerens</span> <span class='ocrx_word' id='word_1_272' title='bbox 766 1669 874 1702; x_wconf 87' lang='lat' dir='ltr'>Goth.</span> <span class='ocrx_word' id='word_1_273' title='bbox 909 1680 976 1701; x_wconf 89' lang='lat' dir='ltr'>sec.</span> <span class='ocrx_word' id='word_1_274' title='bbox 1074 1668 1141 1701; x_wconf 83' lang='lat'>853</span> <span class='ocrx_word' id='word_1_275' title='bbox 1167 1667 1372 1709; x_wconf 76' lang='lat' dir='ltr'>Numquam</span> <span class='ocrx_word' id='word_1_276' title='bbox 1406 1676 1458 1709; x_wconf 91' lang='lat' dir='ltr'>pr.</span> <span class='ocrx_word' id='word_1_277' title='bbox 1481 1662 1605 1695; x_wconf 83' lang='lat' dir='ltr'>Hamb.</span> 
     </span>
     <span class='ocr_line' id='line_1_28' title="bbox 90 1709 1605 1765; baseline -0.009 -11"><span class='ocrx_word' id='word_1_278' title='bbox 90 1733 108 1754; x_wconf 90' lang='lat' dir='ltr'>a</span> <span class='ocrx_word' id='word_1_279' title='bbox 136 1733 181 1754; x_wconf 76' lang='lat' dir='ltr'>m.</span> <span class='ocrx_word' id='word_1_280' title='bbox 207 1733 276 1753; x_wconf 84' lang='lat' dir='ltr'>sec.</span> <span class='ocrx_word' id='word_1_281' title='bbox 303 1721 412 1765; x_wconf 83' lang='lat' dir='ltr'>(quod</span> <span class='ocrx_word' id='word_1_282' title='bbox 439 1731 509 1752; x_wconf 88' lang='lat' dir='ltr'>non</span> <span class='ocrx_word' id='word_1_283' title='bbox 535 1718 678 1751; x_wconf 87' lang='lat' dir='ltr'>multum</span> <span class='ocrx_word' id='word_1_284' title='bbox 705 1717 826 1750; x_wconf 83' lang='lat' dir='ltr'>aberat</span> <span class='ocrx_word' id='word_1_285' title='bbox 850 1715 932 1760; x_wconf 86' lang='lat' dir='ltr'>quin</span> <span class='ocrx_word' id='word_1_286' title='bbox 956 1715 1159 1759; x_wconf 84' lang='lat' dir='ltr'>reciperem.</span> <span class='ocrx_word' id='word_1_287' title='bbox 1191 1733 1233 1736; x_wconf 97' lang='lat'><strong>—</strong></span> <span class='ocrx_word' id='word_1_288' title='bbox 1263 1714 1312 1745; x_wconf 89' lang='lat' dir='ltr'>De</span> <span class='ocrx_word' id='word_1_289' title='bbox 1337 1710 1484 1744; x_wconf 81' lang='lat' dir='ltr'>metrica</span> <span class='ocrx_word' id='word_1_290' title='bbox 1504 1709 1605 1742; x_wconf 87' lang='lat' dir='ltr'>huius</span> 
     </span>
    </p>
   </div>
   <div class='ocr_carea' id='block_1_4' title="bbox 84 1839 825 2982">
    <p class='ocr_par' dir='ltr' id='par_1_5' title="bbox 84 1839 825 2982">
     <span class='ocr_line' id='line_1_29' title="bbox 91 1839 816 1889; baseline -0.004 -12"><span class='ocrx_word' id='word_1_291' title='bbox 91 1848 256 1889; x_wconf 69' lang='lat' dir='ltr'>„vatus3</span> <span class='ocrx_word' id='word_1_292' title='bbox 315 1853 413 1876; x_wconf 82' lang='lat' dir='ltr'>nam</span> <span class='ocrx_word' id='word_1_293' title='bbox 454 1846 490 1875; x_wconf 80' lang='lat' dir='ltr'>et</span> <span class='ocrx_word' id='word_1_294' title='bbox 532 1850 697 1888; x_wconf 77' lang='lat' dir='ltr'>sequens</span> <span class='ocrx_word' id='word_1_295' title='bbox 732 1839 816 1875; x_wconf 72' lang='lat' dir='ltr'>eius</span> 
     </span>
     <span class='ocr_line' id='line_1_30' title="bbox 91 1896 816 1947; baseline -0.004 -13"><span class='ocrx_word' id='word_1_296' title='bbox 91 1899 242 1947; x_wconf 78' lang='lat' dir='ltr'>„oralio</span> <span class='ocrx_word' id='word_1_297' title='bbox 263 1896 421 1933; x_wconf 74' lang='lat' dir='ltr'>turbam</span> <span class='ocrx_word' id='word_1_298' title='bbox 444 1904 525 1942; x_wconf 82' lang='lat' dir='ltr'>est;</span> <span class='ocrx_word' id='word_1_299' title='bbox 557 1896 666 1946; x_wconf 67' lang='lat' dir='ltr'>quod</span> <span class='ocrx_word' id='word_1_300' title='bbox 695 1904 730 1932; x_wconf 77' lang='lat' dir='ltr'>et</span> <span class='ocrx_word' id='word_1_301' title='bbox 752 1910 816 1932; x_wconf 74' lang='lat' dir='ltr'>se—</span> 
     </span>
     <span class='ocr_line' id='line_1_31' title="bbox 90 1954 815 2004; baseline -0.004 -12"><span class='ocrx_word' id='word_1_302' title='bbox 90 1956 317 2004; x_wconf 74' lang='lat' dir='ltr'>„mz&#39;plenae</span> <span class='ocrx_word' id='word_1_303' title='bbox 333 1954 513 1991; x_wconf 72' lang='lat' dir='ltr'>indicant</span> <span class='ocrx_word' id='word_1_304' title='bbox 534 1954 815 1990; x_wconf 73' lang='lat' dir='ltr'>eloeatz‘one.s·.“</span> 
     </span>
     <span class='ocr_line' id='line_1_32' title="bbox 91 2009 815 2062; baseline -0.003 -12"><span class='ocrx_word' id='word_1_305' title='bbox 91 2014 209 2050; x_wconf 83' lang='lat' dir='ltr'>Recte</span> <span class='ocrx_word' id='word_1_306' title='bbox 233 2011 384 2062; x_wconf 85' lang='lat' dir='ltr'>utique.</span> <span class='ocrx_word' id='word_1_307' title='bbox 434 2009 571 2062; x_wconf 85' lang='lat' dir='ltr'>(quam</span> <span class='ocrx_word' id='word_1_308' title='bbox 593 2017 714 2060; x_wconf 85' lang='lat' dir='ltr'>recte,</span> <span class='ocrx_word' id='word_1_309' title='bbox 747 2024 815 2061; x_wconf 78' lang='lat' dir='ltr'>ego</span> 
     </span>
     <span class='ocr_line' id='line_1_33' title="bbox 90 2068 815 2121; baseline -0.006 -12"><span class='ocrx_word' id='word_1_310' title='bbox 90 2084 174 2109; x_wconf 88' lang='lat' dir='ltr'>non</span> <span class='ocrx_word' id='word_1_311' title='bbox 203 2070 334 2109; x_wconf 82' lang='lat' dir='ltr'>video.</span> <span class='ocrx_word' id='word_1_312' title='bbox 377 2068 494 2121; x_wconf 76' lang='lat' dir='ltr'>lVr.)</span> <span class='ocrx_word' id='word_1_313' title='bbox 556 2070 681 2107; x_wconf 69' lang='lat' dir='ltr'>flsene</span> <span class='ocrx_word' id='word_1_314' title='bbox 707 2068 815 2105; x_wconf 77' lang='lat' dir='ltr'>iubes</span> 
     </span>
     <span class='ocr_line' id='line_1_34' title="bbox 91 2126 816 2181; baseline -0.004 -15"><span class='ocrx_word' id='word_1_315' title='bbox 91 2131 275 2178; x_wconf 70' lang='lat' dir='ltr'>ignorare</span> <span class='ocrx_word' id='word_1_316' title='bbox 297 2126 390 2181; x_wconf 86' lang='lat' dir='ltr'>(pro</span> <span class='ocrx_word' id='word_1_317' title='bbox 417 2127 591 2179; x_wconf 84' lang='lat' dir='ltr'>vulgari:</span> <span class='ocrx_word' id='word_1_318' title='bbox 624 2140 742 2164; x_wconf 82' lang='lat' dir='ltr'>nosco</span> <span class='ocrx_word' id='word_1_319' title='bbox 767 2126 816 2163; x_wconf 91' lang='lat' dir='ltr'>il—</span> 
     </span>
     <span class='ocr_line' id='line_1_35' title="bbox 91 2183 818 2236; baseline -0.004 -12"><span class='ocrx_word' id='word_1_320' title='bbox 91 2186 175 2235; x_wconf 86' lang='lat' dir='ltr'>lud,</span> <span class='ocrx_word' id='word_1_321' title='bbox 207 2184 302 2223; x_wconf 88' lang='lat' dir='ltr'>satis</span> <span class='ocrx_word' id='word_1_322' title='bbox 328 2191 469 2223; x_wconf 84' lang='lat' dir='ltr'>notum</span> <span class='ocrx_word' id='word_1_323' title='bbox 491 2184 590 2222; x_wconf 88' lang='lat' dir='ltr'>mihi</span> <span class='ocrx_word' id='word_1_324' title='bbox 610 2183 685 2236; x_wconf 87' lang='lat' dir='ltr'>est)</span> <span class='ocrx_word' id='word_1_325' title='bbox 708 2197 818 2222; x_wconf 85' lang='lat' dir='ltr'>mare</span> 
     </span>
     <span class='ocr_line' id='line_1_36' title="bbox 91 2242 817 2296; baseline -0.003 -15"><span class='ocrx_word' id='word_1_326' title='bbox 91 2243 316 2296; x_wconf 86' lang='lat' dir='ltr'>placidum,</span> <span class='ocrx_word' id='word_1_327' title='bbox 351 2242 392 2281; x_wconf 87' lang='lat' dir='ltr'><strong>h.</strong></span> <span class='ocrx_word' id='word_1_328' title='bbox 415 2256 446 2282; x_wconf 89' lang='lat' dir='ltr'>e.</span> <span class='ocrx_word' id='word_1_329' title='bbox 478 2256 598 2294; x_wconf 85' lang='lat' dir='ltr'>quam</span> <span class='ocrx_word' id='word_1_330' title='bbox 624 2242 736 2281; x_wconf 77' lang='lat' dir='ltr'>facile</span> <span class='ocrx_word' id='word_1_331' title='bbox 766 2242 817 2279; x_wconf 87' lang='lat' dir='ltr'>il-</span> 
     </span>
     <span class='ocr_line' id='line_1_37' title="bbox 91 2300 817 2340; baseline -0.004 0"><span class='ocrx_word' id='word_1_332' title='bbox 91 2301 163 2340; x_wconf 88' lang='lat' dir='ltr'>lud</span> <span class='ocrx_word' id='word_1_333' title='bbox 197 2301 400 2340; x_wconf 79' lang='lat' dir='ltr'>turbetur.</span> <span class='ocrx_word' id='word_1_334' title='bbox 459 2316 570 2338; x_wconf 81' lang='lat' dir='ltr'>mene</span> <span class='ocrx_word' id='word_1_335' title='bbox 598 2300 692 2338; x_wconf 68' lang='lat' dir='ltr'>huic</span> <span class='ocrx_word' id='word_1_336' title='bbox 720 2315 817 2338; x_wconf 82' lang='lat' dir='ltr'>con-</span> 
     </span>
     <span class='ocr_line' id='line_1_38' title="bbox 84 2357 817 2409; baseline 0 -14"><span class='ocrx_word' id='word_1_337' title='bbox 84 2359 211 2406; x_wconf 79' lang='lat' dir='ltr'>fidere</span> <span class='ocrx_word' id='word_1_338' title='bbox 234 2358 437 2396; x_wconf 73' lang='lat' dir='ltr'>monstro?</span> <span class='ocrx_word' id='word_1_339' title='bbox 471 2358 584 2406; x_wconf 81' lang='lat' dir='ltr'>mari,</span> <span class='ocrx_word' id='word_1_340' title='bbox 606 2357 728 2409; x_wconf 81' lang='lat' dir='ltr'>quod,</span> <span class='ocrx_word' id='word_1_341' title='bbox 753 2358 817 2395; x_wconf 80' lang='lat' dir='ltr'>in—</span> 
     </span>
     <span class='ocr_line' id='line_1_39' title="bbox 94 2415 816 2467; baseline -0.001 -15"><span class='ocrx_word' id='word_1_342' title='bbox 94 2416 181 2465; x_wconf 91' lang='lat' dir='ltr'>quit</span> <span class='ocrx_word' id='word_1_343' title='bbox 226 2416 422 2464; x_wconf 79' lang='lat' dir='ltr'>Donatus,</span> <span class='ocrx_word' id='word_1_344' title='bbox 474 2416 623 2467; x_wconf 78' lang='lat' dir='ltr'>decipit</span> <span class='ocrx_word' id='word_1_345' title='bbox 656 2415 816 2464; x_wconf 69' lang='lat' dir='ltr'>multos,</span> 
     </span>
     <span class='ocr_line' id='line_1_40' title="bbox 94 2473 817 2525; baseline 0.004 -16"><span class='ocrx_word' id='word_1_346' title='bbox 94 2473 401 2523; x_wconf 83' lang='lat' dir='ltr'>inlidoingeuio,</span> <span class='ocrx_word' id='word_1_347' title='bbox 425 2479 464 2511; x_wconf 88' lang='lat' dir='ltr'>et</span> <span class='ocrx_word' id='word_1_348' title='bbox 482 2480 644 2525; x_wconf 84' lang='lat' dir='ltr'>repente</span> <span class='ocrx_word' id='word_1_349' title='bbox 666 2473 817 2512; x_wconf 80' lang='lat' dir='ltr'>mobili.</span> 
     </span>
     <span class='ocr_line' id='line_1_41' title="bbox 95 2529 818 2582; baseline 0.001 -16"><span class='ocrx_word' id='word_1_350' title='bbox 95 2532 196 2567; x_wconf 86' lang='lat' dir='ltr'>Sane</span> <span class='ocrx_word' id='word_1_351' title='bbox 214 2529 323 2567; x_wconf 87' lang='lat' dir='ltr'>hunc</span> <span class='ocrx_word' id='word_1_352' title='bbox 345 2530 452 2567; x_wconf 89' lang='lat' dir='ltr'>vocis</span> <span class='ocrx_word' id='word_1_353' title='bbox 474 2545 587 2569; x_wconf 86' lang='lat' dir='ltr'>usum</span> <span class='ocrx_word' id='word_1_354' title='bbox 609 2532 664 2568; x_wconf 86' lang='lat' dir='ltr'>ita</span> <span class='ocrx_word' id='word_1_355' title='bbox 684 2530 818 2582; x_wconf 86' lang='lat' dir='ltr'>paullo</span> 
     </span>
     <span class='ocr_line' id='line_1_42' title="bbox 94 2587 818 2638; baseline 0 -13"><span class='ocrx_word' id='word_1_356' title='bbox 94 2587 394 2625; x_wconf 80' lang='lat' dir='ltr'>insolentiorem</span> <span class='ocrx_word' id='word_1_357' title='bbox 426 2588 556 2625; x_wconf 82' lang='lat' dir='ltr'>videri</span> <span class='ocrx_word' id='word_1_358' title='bbox 588 2602 669 2625; x_wconf 80' lang='lat' dir='ltr'>non</span> <span class='ocrx_word' id='word_1_359' title='bbox 706 2601 818 2638; x_wconf 78' lang='lat' dir='ltr'>nego.</span> 
     </span>
     <span class='ocr_line' id='line_1_43' title="bbox 95 2644 820 2695; baseline 0 -13"><span class='ocrx_word' id='word_1_360' title='bbox 95 2644 229 2682; x_wconf 85' lang='lat' dir='ltr'>Malim</span> <span class='ocrx_word' id='word_1_361' title='bbox 252 2651 384 2681; x_wconf 79' lang='lat' dir='ltr'>tamen</span> <span class='ocrx_word' id='word_1_362' title='bbox 414 2645 537 2695; x_wconf 84' lang='lat' dir='ltr'>ipsam</span> <span class='ocrx_word' id='word_1_363' title='bbox 567 2644 672 2682; x_wconf 88' lang='lat' dir='ltr'>hanc</span> <span class='ocrx_word' id='word_1_364' title='bbox 700 2645 820 2682; x_wconf 83' lang='lat' dir='ltr'>maris</span> 
     </span>
     <span class='ocr_line' id='line_1_44' title="bbox 96 2702 822 2751; baseline 0 -12"><span class='ocrx_word' id='word_1_365' title='bbox 96 2702 296 2739; x_wconf 83' lang='lat' dir='ltr'>insolitam</span> <span class='ocrx_word' id='word_1_366' title='bbox 327 2703 676 2751; x_wconf 78' lang='lat' dir='ltr'>tranquillitatem,</span> <span class='ocrx_word' id='word_1_367' title='bbox 724 2702 822 2739; x_wconf 89' lang='lat' dir='ltr'>sub-</span> 
     </span>
     <span class='ocr_line' id='line_1_45' title="bbox 99 2759 823 2810; baseline -0.001 -14"><span class='ocrx_word' id='word_1_368' title='bbox 99 2760 231 2797; x_wconf 80' lang='lat' dir='ltr'>dolam</span> <span class='ocrx_word' id='word_1_369' title='bbox 262 2765 301 2796; x_wconf 87' lang='lat' dir='ltr'>et</span> <span class='ocrx_word' id='word_1_370' title='bbox 326 2759 575 2806; x_wconf 82' lang='lat' dir='ltr'>insidiosam,</span> <span class='ocrx_word' id='word_1_371' title='bbox 607 2772 678 2810; x_wconf 80' lang='lat' dir='ltr'>per</span> <span class='ocrx_word' id='word_1_372' title='bbox 710 2773 823 2795; x_wconf 83' lang='lat' dir='ltr'>mon-</span> 
     </span>
     <span class='ocr_line' id='line_1_46' title="bbox 97 2817 822 2867; baseline -0.003 -13"><span class='ocrx_word' id='word_1_373' title='bbox 97 2825 221 2854; x_wconf 69' lang='lat' dir='ltr'>strum</span> <span class='ocrx_word' id='word_1_374' title='bbox 257 2817 500 2854; x_wconf 81' lang='lat' dir='ltr'>declaratam</span> <span class='ocrx_word' id='word_1_375' title='bbox 534 2823 689 2867; x_wconf 85' lang='lat' dir='ltr'>putare.</span> <span class='ocrx_word' id='word_1_376' title='bbox 730 2829 822 2853; x_wconf 86' lang='lat' dir='ltr'>nam</span> 
     </span>
     <span class='ocr_line' id='line_1_47' title="bbox 97 2872 822 2925; baseline -0.003 -14"><span class='ocrx_word' id='word_1_377' title='bbox 97 2888 161 2911; x_wconf 85' lang='lat' dir='ltr'>res</span> <span class='ocrx_word' id='word_1_378' title='bbox 187 2875 348 2925; x_wconf 82' lang='lat' dir='ltr'>quaevis</span> <span class='ocrx_word' id='word_1_379' title='bbox 371 2887 475 2912; x_wconf 85' lang='lat' dir='ltr'>nova</span> <span class='ocrx_word' id='word_1_380' title='bbox 498 2880 537 2911; x_wconf 90' lang='lat' dir='ltr'>et</span> <span class='ocrx_word' id='word_1_381' title='bbox 558 2873 717 2911; x_wconf 75' lang='lat' dir='ltr'>insolita</span> <span class='ocrx_word' id='word_1_382' title='bbox 746 2872 822 2909; x_wconf 85' lang='lat' dir='ltr'>ad-</span> 
     </span>
     <span class='ocr_line' id='line_1_48' title="bbox 99 2930 825 2982; baseline 0 -15"><span class='ocrx_word' id='word_1_383' title='bbox 99 2939 238 2982; x_wconf 84' lang='lat' dir='ltr'>spectu</span> <span class='ocrx_word' id='word_1_384' title='bbox 285 2945 356 2969; x_wconf 89' lang='lat' dir='ltr'>suo</span> <span class='ocrx_word' id='word_1_385' title='bbox 402 2944 538 2969; x_wconf 84' lang='lat' dir='ltr'>sensus</span> <span class='ocrx_word' id='word_1_386' title='bbox 578 2930 721 2968; x_wconf 86' lang='lat' dir='ltr'>seriens</span> <span class='ocrx_word' id='word_1_387' title='bbox 768 2935 825 2967; x_wconf 82' lang='lat' dir='ltr'>est</span> 
     </span>
    </p>
   </div>
   <div class='ocr_carea' id='block_1_5' title="bbox 874 1827 1605 2980">
    <p class='ocr_par' dir='ltr' id='par_1_6' title="bbox 874 1827 1605 2737">
     <span class='ocr_line' id='line_1_49' title="bbox 875 1827 1605 1885; baseline -0.011 -13"><span class='ocrx_word' id='word_1_388' title='bbox 875 1842 1106 1872; x_wconf 77' lang='lat' dir='ltr'>monstrum.</span> <span class='ocrx_word' id='word_1_389' title='bbox 1173 1830 1349 1885; x_wconf 85' lang='lat' dir='ltr'>(Neutra</span> <span class='ocrx_word' id='word_1_390' title='bbox 1389 1827 1605 1880; x_wconf 83' lang='lat' dir='ltr'>explicatio</span> 
     </span>
     <span class='ocr_line' id='line_1_50' title="bbox 876 1892 1601 1938; baseline -0.012 -8"><span class='ocrx_word' id='word_1_391' title='bbox 876 1893 925 1930; x_wconf 92' lang='lat' dir='ltr'>ab</span> <span class='ocrx_word' id='word_1_392' title='bbox 947 1906 1022 1930; x_wconf 84' lang='lat' dir='ltr'>usu</span> <span class='ocrx_word' id='word_1_393' title='bbox 1042 1892 1247 1938; x_wconf 81' lang='lat' dir='ltr'>firmatur3</span> <span class='ocrx_word' id='word_1_394' title='bbox 1278 1893 1504 1927; x_wconf 77' lang='lat' dir='ltr'>monstrum</span> <span class='ocrx_word' id='word_1_395' title='bbox 1528 1899 1601 1937; x_wconf 88' lang='lat' dir='ltr'>ap-</span> 
     </span>
     <span class='ocr_line' id='line_1_51' title="bbox 874 1944 1604 2002; baseline -0.011 -14"><span class='ocrx_word' id='word_1_396' title='bbox 874 1949 1016 2002; x_wconf 85' lang='lat' dir='ltr'>pellari</span> <span class='ocrx_word' id='word_1_397' title='bbox 1048 1962 1156 1987; x_wconf 82' lang='lat' dir='ltr'>mare</span> <span class='ocrx_word' id='word_1_398' title='bbox 1184 1946 1282 1985; x_wconf 82' lang='lat' dir='ltr'>mihi</span> <span class='ocrx_word' id='word_1_399' title='bbox 1301 1945 1463 1997; x_wconf 85' lang='lat' dir='ltr'>quidem</span> <span class='ocrx_word' id='word_1_400' title='bbox 1488 1944 1604 1983; x_wconf 85' lang='lat' dir='ltr'>vide-</span> 
     </span>
     <span class='ocr_line' id='line_1_52' title="bbox 874 1998 1603 2056; baseline -0.01 -10"><span class='ocrx_word' id='word_1_401' title='bbox 874 2015 941 2046; x_wconf 83' lang='lat' dir='ltr'>tur</span> <span class='ocrx_word' id='word_1_402' title='bbox 960 2014 1007 2046; x_wconf 90' lang='lat' dir='ltr'>ut</span> <span class='ocrx_word' id='word_1_403' title='bbox 1028 2021 1092 2046; x_wconf 82' lang='lat' dir='ltr'>res</span> <span class='ocrx_word' id='word_1_404' title='bbox 1120 2005 1302 2044; x_wconf 79' lang='lat' dir='ltr'>horroris</span> <span class='ocrx_word' id='word_1_405' title='bbox 1322 2005 1448 2056; x_wconf 86' lang='lat' dir='ltr'>plena.</span> <span class='ocrx_word' id='word_1_406' title='bbox 1485 1998 1603 2053; x_wconf 77' lang='lat' dir='ltr'>lVr.)</span> 
     </span>
     <span class='ocr_line' id='line_1_53' title="bbox 875 2061 1605 2118; baseline -0.011 -14"><span class='ocrx_word' id='word_1_407' title='bbox 875 2067 976 2118; x_wconf 72' lang='lat' dir='ltr'>qnid</span> <span class='ocrx_word' id='word_1_408' title='bbox 992 2068 1098 2102; x_wconf 63' lang='lat' dir='ltr'>enim,</span> <span class='ocrx_word' id='word_1_409' title='bbox 1122 2064 1161 2102; x_wconf 87' lang='lat' dir='ltr'><strong>h.</strong></span> <span class='ocrx_word' id='word_1_410' title='bbox 1181 2064 1205 2101; x_wconf 92' lang='lat' dir='ltr'>l.</span> <span class='ocrx_word' id='word_1_411' title='bbox 1228 2069 1285 2100; x_wconf 87' lang='lat' dir='ltr'>est</span> <span class='ocrx_word' id='word_1_412' title='bbox 1316 2061 1512 2114; x_wconf 76' lang='lat' dir='ltr'>quomodo</span> <span class='ocrx_word' id='word_1_413' title='bbox 1534 2073 1605 2097; x_wconf 71' lang='grc' dir='ltr'>νε-</span> 
     </span>
     <span class='ocr_line' id='line_1_54' title="bbox 874 2116 1604 2176; baseline -0.01 -15"><span class='ocrx_word' id='word_1_414' title='bbox 874 2125 948 2161; x_wconf 76' lang='lat' dir='ltr'>ro?</span> <span class='ocrx_word' id='word_1_415' title='bbox 979 2123 1137 2176; x_wconf 75' lang='lat' dir='ltr'>(immoz</span> <span class='ocrx_word' id='word_1_416' title='bbox 1159 2135 1346 2174; x_wconf 69' lang='lat' dir='ltr'>quorsum.</span> <span class='ocrx_word' id='word_1_417' title='bbox 1366 2122 1470 2156; x_wconf 68' lang='lat' dir='ltr'>enim</span> <span class='ocrx_word' id='word_1_418' title='bbox 1483 2119 1503 2155; x_wconf 73' lang='lat' dir='ltr'><em>P</em></span> <span class='ocrx_word' id='word_1_419' title='bbox 1522 2116 1604 2156; x_wconf 85' lang='lat' dir='ltr'>vid.</span> 
     </span>
     <span class='ocr_line' id='line_1_55' title="bbox 875 2177 1605 2233; baseline -0.012 -12"><span class='ocrx_word' id='word_1_420' title='bbox 875 2182 921 2221; x_wconf 89' lang='lat' dir='ltr'><strong>V.</strong></span> <span class='ocrx_word' id='word_1_421' title='bbox 941 2182 982 2220; x_wconf 90' lang='lat' dir='ltr'><strong>L.</strong></span> <span class='ocrx_word' id='word_1_422' title='bbox 1008 2180 1125 2233; x_wconf 82' lang='lat' dir='ltr'>Wr.)</span> <span class='ocrx_word' id='word_1_423' title='bbox 1158 2178 1332 2230; x_wconf 85' lang='lat' dir='ltr'>vulgaris</span> <span class='ocrx_word' id='word_1_424' title='bbox 1362 2177 1462 2215; x_wconf 89' lang='lat' dir='ltr'>ordo</span> <span class='ocrx_word' id='word_1_425' title='bbox 1485 2180 1605 2213; x_wconf 86' lang='lat' dir='ltr'>esset:</span> 
     </span>
     <span class='ocr_line' id='line_1_56' title="bbox 876 2236 1604 2292; baseline -0.011 -14"><span class='ocrx_word' id='word_1_426' title='bbox 876 2240 978 2292; x_wconf 73' lang='lat' dir='ltr'>quid</span> <span class='ocrx_word' id='word_1_427' title='bbox 1003 2242 1108 2277; x_wconf 80' lang='lat' dir='ltr'>enim</span> <span class='ocrx_word' id='word_1_428' title='bbox 1127 2239 1307 2275; x_wconf 73' lang='lat' dir='ltr'>Aeneam.</span> <span class='ocrx_word' id='word_1_429' title='bbox 1339 2236 1501 2273; x_wconf 78' lang='lat' dir='ltr'>credam</span> <span class='ocrx_word' id='word_1_430' title='bbox 1522 2248 1604 2271; x_wconf 75' lang='grc' dir='ltr'>αα-</span> 
     </span>
     <span class='ocr_line' id='line_1_57' title="bbox 875 2288 1603 2349; baseline -0.01 -14"><span class='ocrx_word' id='word_1_431' title='bbox 875 2298 998 2335; x_wconf 73' lang='lat' dir='ltr'>slris?</span> <span class='ocrx_word' id='word_1_432' title='bbox 1044 2295 1203 2349; x_wconf 72' lang='lat' dir='ltr'>(auri-s?</span> <span class='ocrx_word' id='word_1_433' title='bbox 1234 2294 1315 2333; x_wconf 89' lang='lat' dir='ltr'>vid.</span> <span class='ocrx_word' id='word_1_434' title='bbox 1340 2293 1386 2332; x_wconf 93' lang='lat' dir='ltr'><strong>V.</strong></span> <span class='ocrx_word' id='word_1_435' title='bbox 1411 2293 1453 2330; x_wconf 90' lang='lat' dir='ltr'><strong>L.</strong></span> <span class='ocrx_word' id='word_1_436' title='bbox 1488 2288 1603 2343; x_wconf 50' lang='lat' dir='ltr'>lls&#39;r.)</span> 
     </span>
     <span class='ocr_line' id='line_1_58' title="bbox 877 2352 1605 2400; baseline -0.015 -3"><span class='ocrx_word' id='word_1_437' title='bbox 877 2356 974 2397; x_wconf 85' lang='grc'><strong>851.</strong></span> <span class='ocrx_word' id='word_1_438' title='bbox 1006 2356 1061 2392; x_wconf 81' lang='lat' dir='ltr'>Et</span> <span class='ocrx_word' id='word_1_439' title='bbox 1079 2354 1185 2391; x_wconf 63' lang='lat' dir='ltr'>caeli</span> <span class='ocrx_word' id='word_1_440' title='bbox 1211 2355 1322 2390; x_wconf 65' lang='lat' dir='ltr'>toties</span> <span class='ocrx_word' id='word_1_441' title='bbox 1352 2352 1605 2400; x_wconf 71' lang='lat' dir='ltr'>deceptas—-</span> 
     </span>
     <span class='ocr_line' id='line_1_59' title="bbox 877 2408 1605 2463; baseline -0.01 -14"><span class='ocrx_word' id='word_1_442' title='bbox 877 2419 917 2450; x_wconf 87' lang='lat' dir='ltr'>et</span> <span class='ocrx_word' id='word_1_443' title='bbox 948 2413 1131 2463; x_wconf 84' lang='lat' dir='ltr'>quidem,</span> <span class='ocrx_word' id='word_1_444' title='bbox 1164 2411 1233 2461; x_wconf 89' lang='lat' dir='ltr'>qui</span> <span class='ocrx_word' id='word_1_445' title='bbox 1267 2409 1382 2447; x_wconf 89' lang='lat' dir='ltr'>toties</span> <span class='ocrx_word' id='word_1_446' title='bbox 1416 2408 1605 2458; x_wconf 76' lang='lat' dir='ltr'>deceptus</span> 
     </span>
     <span class='ocr_line' id='line_1_60' title="bbox 877 2464 1604 2518; baseline -0.01 -10"><span class='ocrx_word' id='word_1_447' title='bbox 877 2470 950 2508; x_wconf 88' lang='lat' dir='ltr'>sim</span> <span class='ocrx_word' id='word_1_448' title='bbox 978 2470 1191 2507; x_wconf 83' lang='lat' dir='ltr'>serenitate</span> <span class='ocrx_word' id='word_1_449' title='bbox 1214 2468 1329 2506; x_wconf 82' lang='lat' dir='ltr'>caeli!</span> <span class='ocrx_word' id='word_1_450' title='bbox 1373 2465 1471 2518; x_wconf 91' lang='lat' dir='ltr'>(vid.</span> <span class='ocrx_word' id='word_1_451' title='bbox 1496 2465 1541 2503; x_wconf 94' lang='lat' dir='ltr'><strong>V.</strong></span> <span class='ocrx_word' id='word_1_452' title='bbox 1563 2464 1604 2501; x_wconf 86' lang='lat' dir='ltr'><strong>L.</strong></span> 
     </span>
     <span class='ocr_line' id='line_1_61' title="bbox 877 2523 1604 2578; baseline -0.008 -14"><span class='ocrx_word' id='word_1_453' title='bbox 877 2528 927 2564; x_wconf 87' lang='lat' dir='ltr'>ad</span> <span class='ocrx_word' id='word_1_454' title='bbox 955 2542 994 2565; x_wconf 85' lang='lat' dir='ltr'><strong>v.</strong></span> <span class='ocrx_word' id='word_1_455' title='bbox 1024 2529 1118 2569; x_wconf 85' lang='lat'><strong>850.</strong></span> <span class='ocrx_word' id='word_1_456' title='bbox 1151 2525 1265 2578; x_wconf 73' lang='lat' dir='ltr'>JVr.)</span> <span class='ocrx_word' id='word_1_457' title='bbox 1325 2524 1421 2562; x_wconf 80' lang='lat' dir='ltr'>Mox</span> <span class='ocrx_word' id='word_1_458' title='bbox 1444 2523 1528 2566; x_wconf 81' lang='grc'>852</span> <span class='ocrx_word' id='word_1_459' title='bbox 1556 2534 1604 2558; x_wconf 78' lang='lat' dir='ltr'>ex</span> 
     </span>
     <span class='ocr_line' id='line_1_62' title="bbox 878 2581 1603 2637; baseline -0.01 -15"><span class='ocrx_word' id='word_1_460' title='bbox 878 2584 1019 2636; x_wconf 82' lang='lat' dir='ltr'>Odyss.</span> <span class='ocrx_word' id='word_1_461' title='bbox 1059 2600 1102 2637; x_wconf 77' lang='grc' dir='ltr'>γ,</span> <span class='ocrx_word' id='word_1_462' title='bbox 1156 2586 1233 2624; x_wconf 76' lang='lat'>281</span> <span class='ocrx_word' id='word_1_463' title='bbox 1281 2581 1500 2620; x_wconf 78' lang='lat' dir='ltr'>translatus</span> <span class='ocrx_word' id='word_1_464' title='bbox 1533 2584 1603 2627; x_wconf 84' lang='lat' dir='ltr'>est,</span> 
     </span>
     <span class='ocr_line' id='line_1_63' title="bbox 877 2639 1352 2680; baseline -0.008 0"><span class='ocrx_word' id='word_1_465' title='bbox 877 2643 987 2680; x_wconf 85' lang='lat' dir='ltr'>unde</span> <span class='ocrx_word' id='word_1_466' title='bbox 1032 2641 1081 2679; x_wconf 82' lang='lat' dir='ltr'>de</span> <span class='ocrx_word' id='word_1_467' title='bbox 1132 2639 1352 2678; x_wconf 84' lang='lat' dir='ltr'>Phrontide</span> 
     </span>
     <span class='ocr_line' id='line_1_64' title="bbox 881 2699 1228 2737; baseline 0 -1"><span class='ocrx_word' id='word_1_468' title='bbox 881 2699 1141 2737; x_wconf 82' lang='lat' dir='ltr'>adumbratus</span> <span class='ocrx_word' id='word_1_469' title='bbox 1159 2703 1228 2736; x_wconf 80' lang='lat' dir='ltr'>est.</span> 
     </span>
    </p>

    <p class='ocr_par' dir='ltr' id='par_1_7' title="bbox 880 2753 1605 2980">
     <span class='ocr_line' id='line_1_65' title="bbox 939 2753 1604 2798; baseline -0.015 0"><span class='ocrx_word' id='word_1_470' title='bbox 939 2757 1022 2798; x_wconf 77' lang='grc'><em>854-</em></span> <span class='ocrx_word' id='word_1_471' title='bbox 1040 2777 1097 2785; x_wconf 93' lang='grc'>--</span> <span class='ocrx_word' id='word_1_472' title='bbox 1118 2757 1213 2797; x_wconf 83' lang='grc'>856.</span> <span class='ocrx_word' id='word_1_473' title='bbox 1254 2753 1433 2791; x_wconf 85' lang='lat' dir='ltr'>Tandem</span> <span class='ocrx_word' id='word_1_474' title='bbox 1464 2764 1604 2789; x_wconf 89' lang='lat' dir='ltr'>somno</span> 
     </span>
     <span class='ocr_line' id='line_1_66' title="bbox 880 2810 1604 2865; baseline -0.006 -14"><span class='ocrx_word' id='word_1_475' title='bbox 880 2826 1091 2865; x_wconf 82' lang='lat' dir='ltr'>oppressus</span> <span class='ocrx_word' id='word_1_476' title='bbox 1137 2811 1368 2850; x_wconf 87' lang='lat' dir='ltr'>obdormiit.</span> <span class='ocrx_word' id='word_1_477' title='bbox 1422 2810 1478 2847; x_wconf 86' lang='lat' dir='ltr'><strong>Cf.</strong></span> <span class='ocrx_word' id='word_1_478' title='bbox 1508 2810 1604 2847; x_wconf 77' lang='lat' dir='ltr'><strong>EXC.</strong></span> 
     </span>
     <span class='ocr_line' id='line_1_67' title="bbox 880 2867 1603 2921; baseline -0.01 -11"><span class='ocrx_word' id='word_1_479' title='bbox 880 2871 980 2910; x_wconf 71' lang='lat' dir='ltr'>vlu.</span> <span class='ocrx_word' id='word_1_480' title='bbox 1040 2884 1198 2907; x_wconf 69' lang='lat' dir='ltr'>ramum.</span> <span class='ocrx_word' id='word_1_481' title='bbox 1231 2869 1392 2921; x_wconf 85' lang='lat' dir='ltr'>proprie</span> <span class='ocrx_word' id='word_1_482' title='bbox 1422 2867 1603 2918; x_wconf 84' lang='lat' dir='ltr'>accipito.</span> 
     </span>
     <span class='ocr_line' id='line_1_68' title="bbox 882 2926 1605 2980; baseline -0.008 -14"><span class='ocrx_word' id='word_1_483' title='bbox 882 2930 930 2966; x_wconf 88' lang='lat' dir='ltr'><strong>cs.</strong></span> <span class='ocrx_word' id='word_1_484' title='bbox 958 2928 1138 2980; x_wconf 80' lang='lat' dir='ltr'>Apollon.</span> <span class='ocrx_word' id='word_1_485' title='bbox 1164 2927 1229 2977; x_wconf 79' lang='lat' dir='ltr'>lv,</span> <span class='ocrx_word' id='word_1_486' title='bbox 1262 2929 1355 2970; x_wconf 84' lang='lat'><strong>156.</strong></span> <span class='ocrx_word' id='word_1_487' title='bbox 1401 2926 1527 2963; x_wconf 87' lang='lat' dir='ltr'>Ducta</span> <span class='ocrx_word' id='word_1_488' title='bbox 1542 2936 1605 2961; x_wconf 83' lang='lat' dir='ltr'>res</span> 
     </span>
    </p>
   </div>
   <div class='ocr_carea' id='block_1_6' title="bbox 1393 2637 1604 2676">
    <p class='ocr_par' dir='ltr' id='par_1_8' title="bbox 1393 2637 1604 2676">
     <span class='ocr_line' id='line_1_69' title="bbox 1393 2637 1604 2676; baseline -0.014 0"><span class='ocrx_word' id='word_1_489' title='bbox 1393 2637 1604 2676; x_wconf 83' lang='lat' dir='ltr'>Palinurus</span> 
     </span>
    </p>
   </div>
  </div>
 </body>
</html>
