1779 3420
108 210 205 257 146

434 209 487 257 Ρ.
530 206 881 276 VIRGILH
919 206 1284 256 MARoNJs

104 335 169 381 Et
191 340 350 380 coctu
379 333 586 382 cinxere
614 332 827 399 polum,
867 341 1158 398 cantusque
1191 331 1410 393 dedere,

102 401 257 449 Haud
283 401 432 450 aliter
458 420 774 468 puppesque
803 411 923 450 tuae
957 402 1238 468 pubesque
1273 412 1489 451 tuorum

102 474 206 519 Aut
229 480 448 536 portum
473 481 622 521 tenet
635 513 647 535 ‚

101 543 268 604 Perge
293 541 489 601 modo,
529 550 605 603 et,
644 559 746 607 qua
765 550 817 589 te
849 540 993 590 ducit
1012 542 1118 603 via,

375 620 427 659 et
452 620 694 660 avertens
719 627 870 659 rosea
895 611 1097 659 cervice
1120 609 1340 673 refulsit,

170 611 303 659 Dixit
323 650 335 669 ,

688 482 775 521 aut
805 471 968 536 pleno
992 471 1133 520 subit
1158 472 1288 521 ostia
1309 471 1443 523 velo.

1517 477 1619 523 400

1168 541 1333 606 dirige
1361 556 1618 605 gressum.

101 679 524 746 Ambrosiaeque
550 697 736 729 comae
762 679 1000 729 divinum
1023 681 1220 729 vertice
1249 679 1478 729 odorem

192 819 262 854 398
287 828 327 852 ut
349 827 454 852 coetu
478 820 605 852 Moret.
628 832 682 864 pr
705 832 724 852 a
747 833 792 853 m.
810 833 865 865 pr.
890 833 921 853 v.
949 820 1011 853 inf.
1043 819 1124 854 486.
1173 805 1312 854 coetum
1343 818 1470 852 Medic.
1497 818 1560 851 sed
1586 831 1619 850 m

100 872 270 897 notatum.
318 879 464 898 eluxere
495 867 613 899 solum
634 867 725 899 coni.
757 869 868 900 Burm.
896 868 959 900 sed
990 880 1020 899 v.
1051 874 1126 900 not.

728 914 798 948 400
818 923 954 960 portus
972 915 1096 946 Hamb.
1124 926 1178 959 pr.

97 924 309 965 puppesque
328 912 440 955 Bigot.
470 925 502 945 v.
522 915 634 946 Burm.

1223 868 1292 901 399
1320 865 1504 912 pubesque
1533 873 1620 897 tuae

1273 914 1342 947 401
1370 925 1440 958 quo
1471 920 1507 944 te
1534 912 1619 944 Pie-

101 958 143 990 iii
172 958 333 1001 Longob.
361 965 397 990 et
422 959 522 991 multi
553 973 595 1004 api
600 960 644 992 ud
674 961 909 1014 Bur1n.q11od
938 961 1100 1006 equidem
1136 961 1289 994 dicerem
1319 958 1494 1004 vulgarius
1530 970 1618 991 esse.

99 1006 207 1038 ducet
238 1005 291 1037 ed.
322 1006 412 1038 Ven.
461 1006 568 1039 darit
575 973 730 1039 pZulich.

100 1052 169 1086 402
193 1052 392 1084 aduertens
412 1053 536 1085 Hamb.
562 1065 630 1086 sec.
652 1055 753 1086 male.

787 1020 849 1040 νια
879 1009 950 1041 duc
934 1010 979 1040 vit
1004 1008 1116 1051 Bigot.
1167 1009 1295 1053 detzge
1331 985 1426 1040 Guoml
1455 1013 1489 1038 et
1518 1007 1617 1038 Rom.

848 1055 918 1090 403
941 1058 976 1089 A
996 1063 1133 1087 2ert1ce
1164 1061 1245 1087 octo
1275 1054 1368 1098 apud
1390 1055 1502 1085 Burm.
1524 1052 1618 1097 quod

102 1099 229 1142 probat
248 1098 300 1130 vir
318 1098 540 1132 doctissimus
559 1110 704 1153 prppter
723 1097 765 1134 τὸ
786 1110 969 1135 avertens.
1018 1101 1087 1134 Sed
1103 1113 1242 1146 semper
1263 1101 1434 1133 lubricum
1464 1099 1499 1132 in
1530 1099 1618 1131 tali-

101 1146 163 1176 bus
183 1145 364 1183 iudicium;
390 1145 530 1188 poetita
554 1146 644 1179 enim
664 1160 772 1191 eaque
799 1148 1006 1192 exquisitior
1034 1148 1125 1181 ratio
1147 1148 1445 1193 plaepositionem
1464 1146 1617 1190 respuit;

101 1198 136 1223 et
157 1200 270 1225 tamen
292 1190 447 1236 plurimis
466 1192 553 1225 locis
573 1200 700 1237 poetae
719 1195 853 1238 vulgati
875 1195 1013 1228 ratione
1035 1202 1195 1234 utuntur3
1233 1201 1290 1235 ut,
1317 1195 1374 1226 ubi
1400 1207 1440 1226 ea
1461 1207 1479 1226 a
1503 1193 1617 1226 librt-

100 1238 152 1270 iio
176 1238 292 1283 potius
316 1250 423 1291 quam
440 1251 460 1271 a
485 1246 590 1282 poeta
611 1220 798 1284 profecta23
796 1242 862 1281 sit,
899 1242 994 1275 dictu
1012 1241 1058 1273 sit
1076 1220 1232 1274 difficile.

1267 1243 1303 1285 (2
1307 1251 1418 1274 eruce
1436 1241 1480 1273 ad
1498 1253 1618 1273 comas

98 1285 307 1317 trahendum
326 1297 390 1339 pro
409 1286 447 1318 in
469 1287 624 1327 zertche
659 1293 697 1319 ut
719 1300 767 1319 VS.
793 1291 868 1322 110
887 1289 1036 1321 dorsum
1066 1289 1221 1321 immane
1242 1289 1336 1320 mari
1363 1300 1510 1320 summo.
1559 1286 1617 1320 Si-

98 1331 164 1363 lius
185 1333 248 1364 XI.
269 1332 311 1364 ab
334 1331 410 1365 init.
430 1332 555 1365 clades
573 1333 732 1380 zmnszgnzs
750 1336 892 1380 Iapyge
914 1348 1050 1381 campo.
1085 1336 1147 1368 cfr.
1177 1335 1267 1367 iufra
1293 1346 1341 1368 vs.
1373 1336 1453 1369 610.
1479 1336 1620 1379 Ingens

100 1387 295 1424 argentum
314 1380 459 1411 mensi-s
497 1385 532 1411 et
560 1383 645 1413 Aen.
667 1381 726 1420 Vl,
750 1382 832 1416 269.
858 1394 932 1414 non
959 1382 1124 1427 plurtma
1151 1382 1252 1415 coelo
1285 1391 1450 1414 monstra
1477 1389 1619 1414 salunt.

105 1426 208 1459 ΙῷοΙι.
256 1425 326 1458 Sed
359 1425 428 1458 vid.
460 1426 504 1461 V·
535 1426 744 1468 L.ad1V,
778 1429 905 1463 26.—-
947 1441 971 1461 α
995 1437 1132 1463 zerttce
1165 1428 1270 1462 etiam
1307 1428 1386 1461 Alb.
1420 1435 1455 1460 et
1496 1428 1618 1471 fragm.

99 1472 227 1505 Hoffm.
255 1474 312 1506 JV
308 1472 352 1515 r.)

101 1595 225 1628 terras
242 1603 383 1642 capere
398 1596 468 1628 aut
490 1604 632 1630 rursus
655 1591 733 1630 iam
755 1591 829 1630 de-

98 1654 278 1700 spectare
300 1648 504 1696 videntur,
534 1649 715 1699 reduces,
750 1650 776 1688 i.
796 1664 829 1689 e.

99 1719 238 1743 rursus
254 1706 293 1743 in
310 1706 464 1743 coelum
486 1707 645 1756 sublati,
655 1731 713 1737 —
727 1722 829 1746 non:

100 1763 187 1811 „ad
216 1764 349 1801 litus
380 1766 604 1814 reversi,
626 1772 674 1803 ut
698 1766 831 1804 inter—

99 1827 282 1873 pretatur
303 1821 486 1873 Heynius
506 1845 562 1852 —
584 1823 721 1874 polum
741 1824 829 1862 cin-

98 1882 233 1926 xere,“
261 1888 334 1917 eet.
399 1879 488 1918 Hoc
512 1886 557 1919 ut
577 1881 729 1920 facilius
757 1896 833 1934 ap-

98 1942 283 1987 pareret,
315 1951 373 1976 VS.
401 1938 497 1980 395.
529 1952 585 1989 sq.
615 1939 831 1992 interpun—

99 1994 273 2032 ctionem
313 1995 480 2033 mutavi.
536 1995 645 2049 Wr.)
734 2001 831 2040 397.

98 2051 352 2090 stridentibus
364 2054 445 2091 alis
460 2054 698 2104 exquisitius
711 2069 831 2106 quam

100 2110 384 2161 clangentibus,
463 2114 560 2153 398.
603 2121 715 2150 eoem
739 2116 830 2151 cin-

100 2182 188 2205 xere
215 2169 381 2218 polam,
417 2169 570 2219 agmine
603 2171 710 2208 sacto
739 2173 829 2209 cin—

97 2233 201 2273 gunt
232 2225 300 2277 (ad
330 2227 542 2265 oculorum
574 2241 752 2278 sensum,
782 2236 831 2268 ut

100 2282 194 2319 alias
215 2284 368 2321 coelum
390 2285 624 2324 subducunt
642 2286 767 2325 oculis
787 2287 830 2325 in

101 2353 191 2377 aere
223 2340 324 2392 visa)
355 2342 497 2391 polum
511 2373 521 2391 ,
557 2344 725 2393 coelum,
761 2358 829 2383 ae-

101 2410 204 2445 rem3
234 2398 275 2434 in
294 2398 402 2436 bunc
422 2400 492 2437 alis
513 2401 659 2440 sublati
679 2402 831 2441 ludunt

102 2454 277 2492 volando
298 2456 336 2492 in
362 2457 511 2506 orbem,
536 2465 582 2496 ut
601 2460 742 2509 solent,
764 2462 829 2500 vel

100 2526 257 2563 gyrum.
326 2513 385 2550 lta
422 2522 521 2565 puto
564 2518 695 2555 omnia
734 2519 829 2557 satis

101 2569 301 2621 expedita,
322 2571 360 2607 in
387 2573 530 2620 quibus
552 2581 590 2611 et
608 2576 827 2615 Burmann.

103 2626 304 2665 haerebat.
365 2629 444 2666 Cur
467 2638 601 2669 autem
623 2635 788 2683 augurio
808 2649 829 2672 e

102 2685 237 2736 cygnis
262 2690 401 2723 utatur
423 2695 552 2738 poeta,
573 2691 736 2729 subtiles
758 2707 829 2731 ra-

101 2742 227 2780 tiones
268 2743 439 2781 all'erunt
480 2746 731 2798 interpretes.
787 2765 827 2789 v.

101 2802 214 2838 Serv.
252 2806 292 2838 et
325 2802 463 2840 Cerda.
531 2804 711 2844 Praestat
750 2807 829 2846 hoc

102 2871 228 2895 unum
253 2871 428 2907 monere,
459 2862 569 2910 quod
597 2864 759 2913 Cygnus
785 2868 827 2903 ιίι

101 2917 286 2965 auguriis
298 2920 434 2954 nautis
443 2921 701 2967 gratissimus
714 2922 799 2959 ales
812 2940 823 2960 .·

888 1595 1014 1631 Hunc
1037 1602 1178 1644 optant
1199 1609 1366 1644 semper,
1389 1595 1486 1645 quia
1509 1608 1615 1630 nun-

888 1666 1013 1703 quam
1045 1654 1240 1703 mergum·
1274 1653 1423 1690 mulis:
1479 1651 1619 1689 laudat

891 1722 1029 1748 versus
1073 1710 1235 1748 Servius
1286 1724 1335 1746 ex
1375 1704 1617 1763 Ὀρνιθογο-

889 1768 971 1822 νίᾳ.
1031 1767 1155 1805 Macri
1189 1767 1335 1805 scilicet
1363 1767 1529 1805 Aemilii.
1562 1766 1616 1819 (v.

889 1825 1096 1866 Brouckh.
1129 1825 1181 1862 ad
1203 1826 1347 1863 Tibull.
1372 1839 1412 1876 p.
1435 1826 1530 1874 275,
1568 1838 1617 1862 ex

890 1882 1044 1921 Isidoro
1077 1884 1171 1932 XII,
1197 1882 1264 1934 7.)
1341 1884 1423 1920 Nec
1452 1897 1619 1934 prorsus

890 1941 1041 1979 alienus
1063 1955 1085 1978 a
1101 1941 1255 1980 Venere
1273 1941 1351 1978 ales
1369 1947 1428 1979 est
1448 1955 1618 1992 cygnus3

890 2013 981 2037 nam
1003 2006 1043 2037 et
1065 2013 1190 2038 curru
1217 2000 1352 2051 cygnis
1374 2000 1513 2037 iuncto
1535 2000 1618 2036 fer-

888 2063 958 2094 tur
974 2058 1128 2107 Venus,
1158 2063 1206 2095 ut
1226 2058 1320 2094 alias
1338 2057 1532 2095 columbis
1547 2063 1618 2095 aut

888 2115 1124 2167 passeribus.
1156 2116 1366 2153 Dissident
1378 2123 1513 2152 aulem
1530 2116 1616 2153 olo—

888 2187 948 2210 res
976 2182 1012 2211 et
1036 2174 1203 2224 aquilae
1227 2179 1391 2211 auctore
1414 2173 1540 2210 Plinio
1565 2174 1616 2220 X,

890 2229 943 2272 74
968 2246 997 2269 s.
1025 2233 1092 2273 95.
1122 2232 1170 2269 cs.
1205 2232 1278 2269 Cer
1282 2231 1344 2269 da.
1373 2230 1519 2269 Athen.
1546 2231 1616 2278 IX,

889 2302 929 2339 p
947 2292 1029 2331 393
1051 2290 1082 2326 Ι)
1116 2305 1281 2341 μαχεται
1313 2287 1356 2329 δὲ
1386 2287 1423 2341 (ὁ
1443 2286 1616 2342 κύκνος)

890 2346 961 2386 καὶ
993 2349 1046 2401 τῷ
1087 2343 1212 2402 αέτῳ,
1247 2342 1365 2394 αὐτὸς
1401 2363 1530 2398 μαχης
1561 2362 1617 2398 μη

888 2389 1207 2457 προαρξάμενος.
1250 2405 1301 2442 Et
1324 2404 1420 2442 hinc
1443 2418 1506 2456 ap.
1528 2404 1615 2442 Ho-

888 2475 1042 2500 merum
1064 2462 1105 2500 in
1132 2475 1351 2513 cygnorum
1378 2476 1492 2500 anse1
1497 2475 1615 2500 unue

886 2526 1044 2570 gentem
1068 2521 1225 2558 irruens
1246 2521 1378 2570 aquila
1395 2520 1616 2567 inducitur,

887 2577 1040 2629 egregio
1072 2592 1110 2616 v.
1143 2592 1176 2615 e.
1205 2577 1293 2615 loco
1327 2578 1439 2616 Iliad.
1469 2594 1502 2625 o,
1532 2580 1616 2619 690

887 2649 971 2686 sqq.
1013 2638 1109 2678 399.
1129 2635 1265 2673 Pubes
1283 2644 1440 2672 luorum
1462 2635 1615 2673 dictum

888 2699 987 2745 puto
1022 2699 1070 2731 ut
1103 2692 1218 2731 turba
1249 2701 1420 2730 tuorum.
1499 2695 1615 2730 Ostia

888 2751 1020 2799 docte,
1058 2750 1098 2790 h.
1132 2751 1156 2789 l.
1184 2756 1231 2788 ut
1266 2750 1322 2800 V,
1360 2753 1441 2793 281
1481 2750 1615 2788 aditus

886 2815 1042 2861 portus,

943 2869 1040 2909 402.
1072 2865 1228 2904 Numen
1249 2878 1367 2903 suum
1388 2865 1522 2903 Venus
1540 2863 1615 2903 sub

886 2924 1101 2963 discessum
1120 2923 1270 2976 prodit,
1299 2936 1410 2962 more
1432 2923 1614 2972 deorum,
