1779 3420
81 191 182 238 636
427 182 482 230 P.
520 176 888 229 VIRG1L11
922 137 1295 222 MARouls

80 312 152 362 Ut
173 308 406 376 primum
431 305 574 355 alatis
596 302 767 367 tetigit
784 298 1005 364 magalia
1024 296 1236 364 plantis:

81 445 205 480 wideri.
253 446 377 491 Neque
403 456 479 478 esse
498 442 534 475 in
556 443 622 475 hac
639 441 807 487 positura,
833 439 926 483 quod
947 436 1121 475 offendat3
1146 435 1195 467 ita
1222 432 1311 466 enim
1330 432 1443 465 Tacit.
1466 429 1589 463 Annal.

81 496 159 536 Vll,
183 494 259 528 5l.:
286 493 589 535 vulneratamque
613 491 761 534 ripam
791 487 848 520 ad
872 485 1052 519 Araxis
1086 483 1212 515 trahit.
1260 481 1304 513 ef.
1330 478 1463 512 Tibull.
1490 479 1531 519 11,
1558 479 1589 517 l,

81 542 160 581 74.;
186 538 348 573 similiter
372 540 410 571 in
437 549 512 570 esse
538 536 689 581 positum
716 539 800 566 Aen.
826 533 885 573 Vl,
920 532 994 566 58.:
1033 532 1214 574 Corpus
1245 529 1289 560 in
1325 524 1547 560 Aeacida
1559 536 1587 555 e.

83 588 128 622 cf.
155 588 219 620 Ge.
245 587 305 626 ΙΙΙ,
338 585 437 623 313.;
484 589 520 615 et
545 581 612 614 sub
637 583 700 614 Ge.
726 581 785 621 IV,
816 579 917 614 333.:
964 576 1184 609 thalamo
1220 571 1302 606 sub
1333 571 1589 618 slaminis;

83 634 175 668 adde
200 633 264 674 IX,
289 632 370 667 643.
433 629 536 662 Ratio
574 626 713 661 volandi
747 632 785 658 ut
818 624 1036 662 declaretur,
1078 620 1217 666 poetico
1251 619 1356 652 adiici
1392 626 1591 662 ventosque

84 679 230 714 secabat
261 690 327 723 pro
361 676 513 720 vulgari:
552 683 682 707 ventos
713 684 858 711 secans;
891 670 986 702 cuius
1015 667 1068 701 rei
1103 666 1263 710 exempla
1294 665 1363 698 vid.
1395 665 1432 697 in
1466 665 1510 704 Q.
1546 663 1589 694 V.

84 726 274 766 XXXIIII,
299 725 332 758 3.
359 722 585 756 Weichertus
611 724 666 753 De
695 721 817 753 Verss.
842 718 952 750 iniar.
988 727 1088 760 susp.
1123 726 1159 758 p.
1186 714 1240 747 84.
1266 724 1340 756 sqq.
1377 717 1461 756 post
1485 710 1591 742 Misia

84 774 188 819 plene
213 769 444 814 interpungit,
484 767 562 801 colo
596 767 632 799 in
667 766 734 799 fine
758 777 808 797 vs·
834 764 924 803 255„
957 762 1063 794 verba
1097 769 1218 793 terras
1253 767 1351 791 mter
1382 757 1592 800 caelumque

86 817 264 854 commatis
290 816 452 856 inclusit,
477 828 496 847 a
521 814 654 853 Iahnio,
681 820 797 845 cetera
822 808 1031 843 VVeicherto
1057 806 1289 846 assentiente,
1328 816 1444 836 rursus
1471 801 1592 834 subla-

87 867 143 908 tis,
167 864 334 908 legitque,
358 869 395 894 ut
417 859 705 896 Wunderlichius
730 858 900 897 voluerat,
924 853 1072 888 volabat
1096 855 1204 885 Litus
1226 863 1420 885 arenosam
1445 850 1503 882 ad
1525 850 1592 881 Li-

87 912 194 957 byae3
219 908 385 953 exemplis
411 919 567 941 versuum
593 901 845 949 ὁμοτελεύτων
871 916 889 935 a
910 903 1025 934 Burm.
1045 900 1163 932 laudd.
1184 898 1282 931 addit
1300 910 1318 930 e
1337 896 1487 941 Virgilio
1507 898 1591 929 Aen.

86 960 110 996 Ι.
136 959 217 993 319.
240 958 300 997 VI,
327 955 406 991 844.
456 954 560 995 Quod
584 959 768 998 praeterea
792 951 885 982 idem
910 947 1110 988 contendit,
1145 945 1269 978 demtis
1293 944 1347 977 his
1372 944 1485 976 tribus
1509 954 1590 975 ver-

88 1005 181 1038 sibus
205 1010 318 1036 totum
343 1001 457 1034 locum
482 1000 607 1033 misere
634 1011 709 1032 esse
735 1004 952 1034 truncatum3
978 993 1273 1038 comparationem
1300 991 1389 1024 euim
1415 1002 1483 1023 non
1508 1001 1592 1034 per-

87 1052 201 1084 tinere
235 1050 279 1082 ad
311 1047 578 1094 praecedentia,
613 1046 675 1079 sed
708 1057 768 1084 ea,
803 1055 890 1088 quae
924 1047 1128 1086 sequantur:
1166 1038 1314 1073 volabat
1349 1046 1472 1070 terras
1496 1038 1593 1069 inter

87 1098 311 1142 caelumque:
346 1094 383 1127 id
408 1094 437 1127 si
461 1105 577 1126 verum
613 1099 727 1134 esset,
761 1090 874 1123 nullus
898 1089 1039 1121 relictus
1066 1094 1159 1120 esset
1183 1084 1369 1119 dubitandi
1391 1084 1501 1117 locus.
1549 1085 1594 1115 At

86 1144 174 1178 illud
199 1145 260 1176 avi
285 1141 412 1175 similis
433 1140 654 1173 referendum
681 1150 755 1171 esse
781 1137 825 1170 ad
849 1146 1056 1181 praegressa
1081 1134 1141 1166 illa
1162 1143 1340 1179 praeceps
1365 1143 1403 1164 Se
1429 1131 1525 1163 misit
1549 1148 1591 1152 —

88 1191 223 1237 potius:
250 1202 287 1222 se
311 1189 407 1221 misit
431 1187 486 1220 ad
513 1187 671 1219 undas
693 1205 736 1209 —
762 1184 875 1228 probe
908 1182 1017 1215 sensit
1048 1179 1337 1214 Wunderlichius
1371 1177 1407 1209 in
1431 1179 1525 1210 Nota
1550 1175 1594 1208 ad

87 1251 138 1270 vs.
163 1236 240 1272 254.
289 1235 379 1267 Hinc
410 1240 507 1266 recte
540 1233 583 1266 ab
619 1231 757 1276 Heynio
783 1242 851 1263 non
886 1230 991 1274 plene
1016 1227 1243 1271 distinguitur
1265 1231 1348 1270 post
1373 1225 1497 1262 Illis-im
1531 1234 1595 1255 nec

88 1282 302 1318 admittenda
326 1287 495 1314 commata
519 1292 568 1312 vs.
595 1278 676 1314 256.
724 1281 836 1322 Atque
861 1276 1046 1321 Heynium,
1073 1275 1139 1306 etsi
1163 1273 1192 1305 is
1218 1284 1325 1316 saepe
1350 1268 1594 1314 integerrimos

87 1331 184 1364 locos
209 1329 243 1362 in
269 1327 502 1372 suspicionem
527 1325 686 1367 adducit,
708 1324 837 1368 insigni
860 1323 967 1356 fuisse
992 1322 1027 1354 in
1051 1319 1301 1363 investigandis
1326 1317 1482 1350 versibus
1506 1315 1596 1349 insi-

89 1378 146 1412 tiis
171 1375 374 1420 sagacitate,
396 1385 496 1407 nemo
515 1372 618 1405 facile
637 1372 861 1410 infitiabitur3
877 1368 1265 1414 quamquaminterdum
1277 1365 1431 1398 rationes
1452 1363 1525 1396 eius
1544 1362 1598 1395 rei

89 1423 198 1457 sensit
220 1422 346 1466 magis,
371 1433 472 1465 quam
499 1419 674 1465 explicuit.
722 1419 761 1450 Id
787 1417 819 1451 ei
842 1417 910 1450 hoc
933 1417 1013 1449 loco
1038 1414 1206 1448 accidisse
1239 1420 1338 1458 puto.
1386 1409 1598 1454 Intelligitur

90 1470 179 1511 iam,
203 1481 315 1502 meam
340 1468 383 1500 de
408 1467 462 1500 his
488 1479 557 1500 vss.
582 1466 787 1498 seutentiam
812 1476 880 1497 non
907 1463 1106 1508 discrepare
1141 1462 1183 1493 ab
1212 1459 1405 1504 Heyuiana,
1429 1457 1512 1490 licet
1536 1469 1597 1489 su·-

89 1517 199 1563 perbe
223 1514 396 1560 exagitata
416 1527 435 1547 a
455 1514 598 1548 Wakef.
626 1512 670 1546 ad
691 1514 832 1545 Lucret.
864 1512 908 1551 V,
943 1511 1024 1545 326.
1075 1508 1224 1541 Primum
1256 1506 1381 1539 iustam
1401 1510 1517 1537 movet
1533 1515 1596 1536 su—

91 1563 300 1608 spicionem,
327 1561 419 1605 quod
437 1573 486 1593 VS.
507 1560 586 1595 257.
607 1560 649 1592 ab
670 1571 757 1599 uno,
784 1570 834 1591 vs.
855 1557 949 1600 258„
985 1555 1146 1589 Fabricio
1165 1561 1254 1586 teste
1283 1565 1303 1585 a
1322 1552 1479 1597 pluribus
1498 1549 1597 1582 libris

90 1612 207 1648 abest3
234 1608 396 1654 quodque
418 1607 511 1640 idem
537 1607 573 1638 in
601 1605 678 1639 aliis
711 1603 945 1649 transpositus
976 1609 1057 1635 ante
1084 1615 1133 1635 vs.
1165 1601 1245 1636 257.
1274 1599 1415 1643 legitur.
1466 1599 1598 1630 Tamen

90 1658 178 1690 haec
196 1656 337 1689 leviora.
385 1658 428 1688 At
451 1654 557 1687 verba
582 1661 703 1686 terras
721 1654 820 1685 inter
841 1650 1070 1694 caelumque,
1096 1656 1132 1681 ut
1154 1654 1289 1680 taceam
1308 1657 1377 1678 non
1400 1644 1511 1678 videri
1528 1643 1597 1675 hu-

91 1704 206 1737 milem
224 1702 394 1741 volatum,
416 1700 526 1746 qualis
541 1701 608 1732 iam
631 1706 706 1732 erat
724 1697 905 1738 Mercurii,
930 1703 967 1729 et
988 1695 1097 1740 qualis
1125 1701 1176 1727 est
1193 1704 1390 1736 mergorum
1414 1691 1598 1724 similium—

93 1762 159 1795 que
189 1749 318 1790 avium,
353 1747 414 1780 sed
452 1747 611 1780 altiorem
641 1746 828 1785 denotare,
873 1750 995 1788 aperte
1034 1743 1255 1785 refragantur
1294 1737 1599 1784 praecedentibus,

93 1796 231 1841 quando
259 1794 466 1828 Mercurium
497 1805 568 1826 non
601 1793 693 1825 inter
726 1792 857 1825 caelum
892 1798 1140 1833 terrasque,
1198 1787 1261 1819 sed
1287 1786 1377 1818 inter
1403 1784 1535 1818 caelum
1565 1789 1600 1815 et

94 1854 212 1875 mare
242 1842 400 1881 volasse,
435 1840 596 1873 discimus
628 1852 669 1872 ex
693 1839 766 1871 his:
818 1838 915 1870 misit
940 1849 978 1868 se
1002 1836 1058 1869 ad
1084 1835 1250 1869 undas.
1306 1835 1352 1866 Et
1379 1832 1412 1864 in
1443 1831 1513 1864 hoc
1547 1836 1600 1862 est

95 1888 363 1933 comparationis
389 1888 439 1920 vis
459 1887 675 1931 quaerenda,
704 1884 817 1930 quod,
853 1890 890 1916 ut
908 1882 979 1916 avis
1002 1881 1195 1922 maritima,
1228 1880 1359 1912 iuxta
1395 1889 1599 1922 aequora

94 1937 210 1976 volat,
236 1935 258 1967 i.
278 1947 307 1968 e.
337 1946 406 1966 non
429 1934 501 1966 alte
521 1946 626 1978 supra
649 1945 741 1966 mare
761 1931 889 1969 elatus3
924 1942 1002 1962 nam
1020 1929 1156 1972 reliqua
1182 1929 1314 1960 circam
1348 1926 1481 1964 litora,
1524 1925 1600 1956 cir-

95 1995 173 2015 cum
201 1982 370 2027 scopulos
399 1981 535 2014 adiecta
565 1987 662 2020 sunt,
696 1991 763 2024 quo
787 1977 989 2016 definiatur,
1023 1975 1134 2020 qualis
1169 1975 1243 2006 fere
1272 1972 1343 2006 avis
1370 1970 1600 2014 intelligenda

95 2029 152 2062 sit.
200 2033 312 2071 Atque
332 2040 432 2072 quum
455 2035 641 2072 appareat,
666 2025 850 2070 Virgilium
871 2022 1083 2068 expressisse
1104 2020 1288 2054 Homerica
1313 2019 1393 2052 illa:
1421 2016 1600 2061 ,,Πιεριήν

95 2072 135 2109 δ’
160 2071 317 2120 ἐπιβὰς,
343 2071 380 2115 ἐξ
398 2072 555 2117 αἰθέρος
581 2071 750 2117 ἔμπεσε
771 2068 955 2116 πόντῳ·
981 2065 1112 2102 σεύατ’
1144 2063 1261 2101 ἔπειτ’
1299 2064 1360 2100 ἐπὶ
1383 2065 1497 2108 κῦμα,
1535 2060 1602 2096 λά-

95 2134 146 2166 ρῳ
167 2117 297 2165 ὄρνιθι
325 2117 472 2161 ἐοικώς,
507 2117 592 2154 ὅστε
621 2116 717 2153 και-οὶ
759 2114 906 2156 δεινοὺς
933 2113 1096 2155 κόλπους
1123 2111 1213 2153 ἁλός
1245 2109 1461 2158 ἀτρυγέτοιο
1491 2110 1602 2154 ἰχθῦς

95 2165 294 2212 ἀγρώσσων
323 2166 460 2200 πυκινὰ
493 2163 644 2209 πτεροὶ
677 2163 879 2200 δεύεται
913 2158 1088 2207 ἅλμῃ·“
1137 2161 1262 2194 clarius
1301 2160 1405 2192 etiam
1436 2157 1601 2196 cernitur,

96 2227 198 2258 quam
220 2215 265 2246 sit
290 2214 474 2246 absurdum
493 2214 580 2246 illud
599 2223 720 2246 terras
739 2214 837 2245 incer
858 2211 1078 2254 caelumque.
1125 2210 1194 2241 Iam
1211 2207 1292 2240 vide
1317 2206 1402 2239 mihi
1422 2204 1602 2249 illepidum

97 2261 298 2293 versiculum
327 2261 406 2294 258.
457 2260 568 2301 Quid,
601 2271 753 2305 quaeso,
795 2257 987 2297 attinebat,
1025 2257 1139 2288 Iovem
1167 2266 1285 2287 rursus
1315 2249 1602 2286 commemorari?

97 2311 227 2351 Atque,
252 2313 289 2338 ut
317 2307 403 2339 nihil
426 2307 535 2339 (licam
569 2306 611 2338 de
639 2306 805 2339 inusitata
836 2303 987 2346 Virgilio
1005 2303 1070 2335 hac
1100 2308 1159 2334 aut
1188 2300 1291 2333 simili
1324 2300 1414 2331 Iovis
1441 2297 1601 2342 appella—

99 2354 212 2386 tione:
240 2365 339 2397 quam
359 2359 411 2385 est
425 2353 580 2397 ineptum
607 2354 675 2386 hoc
697 2353 797 2392 loco,
822 2349 882 2383 ubi
904 2349 1063 2382 minister
1086 2348 1208 2381 summi
1236 2346 1385 2379 numinis
1407 2343 1602 2378 introduci-

99 2406 159 2452 tur·
175 2399 382 2440 Mercurius,
408 2406 583 2431 maternae
608 2400 789 2443 avitaeque
815 2396 960 2440 originis
989 2395 1198 2438 omninoque
1227 2392 1364 2437 generis
1389 2392 1601 2424 mentionem

101 2446 240 2477 iniicere
270 2451 340 2476 tam
371 2446 576 2488 copiosam?
611 2448 705 2479 llaec
732 2446 775 2477 de
806 2443 968 2487 singulis;
1010 2443 1076 2475 iam
1106 2442 1148 2473 dc
1179 2452 1309 2473 summa
1338 2438 1389 2471 rei
1421 2437 1601 2481 agendum.

101 2493 266 2523 Versatur
285 2490 370 2522 haec
389 2492 601 2536 comparatio
622 2493 655 2524 in
677 2505 714 2525 re
734 2490 849 2531 tenui,
876 2489 1032 2533 satisque
1054 2489 1162 2521 habet
1183 2493 1288 2531 poeta
1314 2485 1429 2517 dicere
1455 2485 1517 2516 am·
1541 2484 1602 2515 si—

101 2538 250 2579 milis,
275 2548 341 2580 quo
362 2538 546 2579 vocabulo,
572 2539 714 2579 similis,
740 2550 906 2582 nusquam
926 2536 1036 2569 utitur
1057 2535 1091 2567 in
1114 2546 1153 2567 re
1181 2533 1278 2577 gravi
1296 2543 1425 2576 oreque
1448 2530 1603 2563 ornanda

103 2656 184 2695 769
224 2652 272 2690 de
298 2653 457 2690 lunonis
490 2653 614 2706 equis)
648 2655 720 2701 ad,
759 2655 821 2692 vel
882 2654 1071 2691 curritur.
1142 2652 1396 2688 Burmannus
1435 2651 1475 2686 in
1511 2648 1603 2685 vul-

103 2724 261 2757 versus,
313 2712 427 2746 Laus
466 2711 646 2760 Libyam
701 2718 747 2748 ut
786 2726 821 2749 v.
882 2718 972 2762 gata
1011 2709 1261 2747 distinctione
1293 2706 1526 2757 acquiescit,
1566 2711 1605 2742 et

103 2770 184 2809 253
216 2767 273 2803 ad
302 2767 444 2803 mulas.
509 2768 674 2804 omissio
706 2782 822 2817 prae-
882 2769 931 2805 ad
950 2768 1191 2818 scriptorum
1208 2778 1360 2802 morem
1374 2765 1506 2812 refert,
1527 2776 1606 2813 quo

106 2823 309 2876 positionis
341 2824 433 2859 satis
456 2825 639 2873 frequens
664 2832 822 2875 poetae3
881 2826 1048 2863 verbum
1070 2824 1119 2862 ad
1141 2824 1308 2860 alterum
1328 2827 1487 2859 tantum
1510 2820 1607 2857 sub—

104 2889 143 2919 et
165 2882 219 2919 sic
253 2881 408 2918 aurium
434 2881 552 2918 etiam
576 2881 732 2918 fastidio
756 2897 821 2919 oe-
882 2883 1076 2922 iectoruni
1100 2880 1260 2934 proprie
1283 2885 1455 2932 spectat,
1475 2884 1522 2916 ut
1536 2877 1606 2916 de-

1762 3403 1779 3420 11
