1811 3388
0 2574 3 2582 1

2 2683 4 2732 Ξ

4 2879 6 2926 1

5 2927 7 2974 ἰ

355 239 766 290 AENEIDOS
805 239 946 288 LIB.
983 241 1070 301 VI,
1111 245 1398 295 893—902
1493 253 1613 296 1001

122 367 214 415 His
238 366 331 415 ubi
353 373 468 414 tum
488 373 674 412 natum
691 363 948 413 Anchises
966 380 1181 429 unaque
1207 365 1452 427 Sibyllam

121 436 470 500 Prosequitur
492 433 664 496 dictis,
701 442 964 499 portaque
986 433 1177 481 emittit
1204 433 1424 485 eburna:

121 505 220 555 Ille
239 505 378 554 viam
400 512 541 552 secat
561 502 627 552 ad
649 504 816 566 navis,
857 503 1138 568 sociosque
1160 504 1361 561 revisit;
1529 513 1626 559 900

124 577 265 623 Tum
286 590 342 622 se
366 573 432 622 ad
453 574 661 623 Caietae
681 581 829 621 recto
853 570 959 621 fert
980 572 1136 620 litore
1160 581 1392 637 portum.

123 647 332 694 Ancora
355 642 422 692 de
441 659 601 708 prora
625 643 833 703 iacitur3
871 650 1007 691 stant
1031 640 1187 690 litore
1208 657 1429 708 puppes,

193 742 308 789 901.
346 750 479 784 FERT
519 751 703 784 LIMITE

217 854 286 889 898
311 852 362 886 ibi
383 851 568 897 irrepsisse
593 851 730 884 videtur
759 851 795 884 in
818 852 932 884 Burm.
965 849 1050 883 edit.
1098 849 1187 882 Nam
1220 848 1339 882 Heins.
1374 849 1541 894 praetulit
1576 850 1637 882 ubi

125 912 201 933 cum
226 900 354 932 Medic.
382 905 417 932 et
442 899 485 932 al.
514 898 563 942 (in
589 900 712 943 quibus
739 899 772 933 3.
796 899 851 938 7.;
875 897 924 931 ibi
948 902 1072 929 tenent
1095 897 1194 929 Rom.
1222 902 1257 928 et
1280 896 1403 941 fragm.
1428 898 1508 929 Vat.
1539 897 1634 939 Wr.)

124 950 192 982 901
220 955 318 981 recto
345 947 456 978 limite
479 946 569 978 Ven.
607 946 776 978 Montalb.
810 956 874 990 pro
911 945 993 978 Var.
1026 943 1124 976 Lect.
1158 943 1272 986 Bigot.
1309 950 1345 975 et
1378 943 1506 983 Witt.‚
1534 943 1569 975 h.
1604 955 1634 976 e.

124 1000 219 1026 recta
244 992 317 1035 via,
342 993 437 1037 quod
463 1004 522 1025 cur
547 993 668 1025 Heius.
694 999 729 1025 et
755 994 868 1024 Burni.
891 1002 960 1023 non
984 989 1183 1032 receperint
1206 989 1335 1029 miror,
1360 1001 1433 1021 cum
1458 989 1543 1022 alibi
1567 989 1634 1021 mi—

126 1052 189 1072 nus
215 1041 312 1084 gravi
336 1039 545 1072 auctoritate
570 1039 744 1083 vulgatam
767 1037 986 1071 mutaverint.
1034 1037 1167 1080 Lapsus
1192 1035 1327 1068 librarii
1351 1036 1386 1067 in
1411 1043 1549 1080 promtu
1569 1042 1634 1077 est,

126 1087 163 1119 in
187 1087 347 1131 vulgata,
373 1087 491 1119 litore.
541 1086 769 1130 (Quamquam
791 1086 899 1118 litore
923 1096 941 1116 e
965 1083 1123 1128 proximo
1148 1095 1197 1116 vs.
1223 1082 1289 1114 huc
1320 1082 1475 1126 irrepere
1506 1082 1634 1126 potuit,

127 1141 264 1173 tamen,
300 1145 403 1177 quum
434 1132 756 1176 praestantissimus
791 1132 956 1176 quisque,
990 1130 1026 1162 in
1062 1129 1185 1173 quibus
1220 1128 1348 1161 Medic.
1381 1130 1479 1161 Rom.
1511 1130 1633 1171 fragm.

128 1183 224 1219 Vat„
250 1180 339 1213 hanc
363 1179 551 1212 lectionem
572 1186 727 1222 tueatur,
754 1179 881 1217 limite,
915 1177 1008 1220 quod
1033 1182 1085 1208 est
1111 1176 1146 1207 in
1170 1175 1383 1220 paucissimis
1408 1188 1470 1208 uec
1495 1176 1634 1220 optimis

128 1227 253 1267 codd.,
287 1239 351 1271 pro
377 1227 690 1269 interpretamento
724 1233 776 1259 est
800 1225 1007 1257 habendum.
1054 1224 1099 1255 Et
1132 1231 1229 1255 recto
1261 1223 1385 1262 litore,
1418 1221 1442 1254 i.
1477 1234 1507 1254 e.
1540 1229 1635 1254 recta

128 1275 317 1307 secundum
342 1274 424 1306 litus
449 1272 523 1313 via3
549 1274 640 1314 VIII,
665 1273 737 1307 57.:
764 1274 865 1316 „Ipse
891 1282 956 1314 ego
981 1277 1018 1302 te
1052 1269 1171 1313 ripis
1207 1275 1243 1301 et
1271 1275 1400 1300 recto
1438 1268 1636 1300 flumine

129 1321 287 1353 ducam.“
312 1321 386 1353 Liv.
413 1320 516 1359 XXI,
541 1320 616 1354 31.:
645 1320 816 1360 „Postero
843 1318 899 1350 die
924 1317 1102 1362 profectus
1127 1316 1318 1348 adversa
1343 1315 1445 1359 ripa
1473 1315 1636 1347 Rhodani

128 1368 383 1400 mediterranea
409 1366 543 1399 Galliae
568 1366 691 1411 petit.“
741 1365 845 1406 Quod
879 1364 909 1397 si
944 1363 997 1397 cui
1023 1362 1160 1406 ingrata
1184 1361 1320 1394 videtur
1348 1361 1434 1394 haec
1458 1361 1634 1405 repetitio,

129 1422 167 1447 ut
189 1415 257 1448 suit
288 1413 454 1455 Heinsio,
487 1413 570 1457 quid
602 1413 766 1446 faciemus
801 1411 970 1444 eiusmodi
1001 1422 1122 1451 versu,
1156 1408 1265 1452 qualis
1298 1407 1427 1451 legitur
1460 1410 1535 1448 VII,
1568 1409 1636 1443 653

129 1474 204 1506 sq.:
229 1462 399 1505 „dignus‚
425 1460 548 1504 patriis
573 1460 631 1503 qui
657 1460 783 1492 laetior
810 1466 904 1491 esset
927 1456 1104 1501 Imperiis,
1138 1461 1173 1487 et
1210 1456 1263 1488 cui
1298 1461 1399 1499 pater
1432 1455 1524 1487 haud
1556 1456 1637 1486 Me·-

130 1508 265 1541 zentius
290 1510 436 1541 esset;“
461 1507 551 1539 adde
580 1508 653 1546 VII,
679 1508 744 1541 179
769 1517 821 1549 sq.
847 1506 939 1545 VIII,
963 1502 1032 1538 242
1057 1515 1121 1547 sq„
1145 1503 1214 1537 396
1238 1514 1289 1544 sq.
1323 1500 1440 1545 ibique
1474 1501 1569 1534 Jahn.
1602 1508 1638 1533 et

132 1555 202 1588 vid.
227 1557 271 1588 V.
298 1556 338 1588 L.
363 1555 409 1588 ad
433 1555 476 1593 V,
510 1554 588 1588 181.
636 1555 756 1596 ltaque
789 1550 949 1584 revocavi
983 1550 1102 1582 litore.
1135 1567 1179 1574 —-
1222 1549 1300 1583 902.
1337 1548 1528 1588 Anchora,
1562 1559 1637 1579 curn

130 1601 392 1646 adspiratione,
429 1599 593 1633 scribitur
624 1599 659 1631 in
691 1598 841 1637 Medic.,
877 1603 914 1629 et
946 1595 1169 1640 superaddita
1203 1601 1257 1626 est
1280 1595 1303 1626 Ιι
1328 1593 1362 1626 in
1388 1595 1510 1637 fragm.
1536 1595 1636 1633 Vat.;

131 1650 294 1681 anclzora
317 1648 353 1691 in
378 1648 502 1680 eodem
526 1646 654 1679 Medic.
678 1658 783 1688 supra
816 1644 942 1687 legitur
977 1644 1036 1682 111,
1068 1643 1171 1681 277„
1204 1641 1266 1673 sed
1301 1642 1326 1682 Ι,
1363 1642 1441 1676 169.
1491 1653 1638 1680 ancora,

132 1707 336 1739 quamquam
363 1694 521 1727 adhunc
546 1693 660 1737 ipsum
692 1693 806 1725 locum
839 1691 926 1723 haec
958 1689 1080 1721 scribit
1115 1688 1273 1721 Servius:
1310 1688 1515 1728 „Ant-liora.
1564 1688 1639 1719 Hoc

131 1753 256 1774 nomen
285 1754 385 1786 quum
410 1740 446 1773 in
471 1742 630 1780 Graeco,
651 1740 742 1772 unde
766 1738 938 1782 originem
961 1736 1078 1777 ducit,
1109 1734 1381 1779 adspirationem
1405 1745 1475 1766 nou
1501 1734 1639 1775 habeat,

132 1788 167 1820 in
193 1788 320 1821 Latino
344 1787 579 1832 adspiratur.“
604 1786 701 1831 lVr.)

133 1883 260 1921 Statio
282 1883 551 1922 memorabam
572 1882 732 1933 fal-sum
758 1880 861 1917 diem
926 1878 1041 1928 Quae
1064 1877 1203 1914 solitus
1229 1873 1297 1928 (sc.
1330 1888 1415 1913 eras
1439 1881 1640 1912 monstra-

134 1942 184 1980 de
208 1942 360 1993 Elysio:
400 1943 451 1979 ln
487 1955 564 1992 quo
597 1940 722 1989 salsa
752 1939 861 1975 clz'es:
918 1948 995 1985 re,
1038 1934 1133 1972 dum
1178 1932 1370 1986 vivebas.)
1430 1933 1510 1969 Nec
1544 1945 1640 1969 vero

133 2014 216 2038 non
240 2013 384 2048 verus,
417 1998 485 2036 sed
518 1997 653 2035 similis
673 1995 769 2033 huic
784 2008 862 2032 no-
920 1992 971 2030 ad
1005 1998 1144 2042 poetae
1177 1991 1382 2028 consilium
1408 1990 1489 2026 uilo
1521 1989 1640 2026 modo

135 2064 218 2096 stro
242 2057 338 2106 diei,
370 2062 510 2094 nostro
533 2054 665 2102 caelo,
691 2052 861 2089 assimu—

135 2116 262 2164 latus3
282 2128 363 2152 non
381 2119 511 2150 autem
520 2112 644 2163 salsa
661 2110 862 2147 insomnia

136 2179 229 2212 sunt
250 2172 437 2221 fallentia,
459 2170 623 2217 somnia,
649 2179 749 2218 quae
767 2167 863 2204 salsa

135 2244 273 2269 rerum
315 2230 442 2282 specie
481 2227 670 2266 illudunt.
730 2225 864 2262 Inter-

136 2294 322 2340 pretatur
344 2288 475 2325 locum
499 2284 648 2322 Statius
675 2283 700 2320 l.
725 2296 757 2319 c.
780 2283 863 2323 288

137 2346 315 2398 Epicedii
352 2346 393 2382 in
434 2349 616 2396 patrem:
663 2344 863 2392 precatur,

137 2411 185 2442 ut
211 2418 250 2441 se
269 2403 394 2454 patris
423 2402 563 2440 umbra
585 2411 656 2450 per
680 2410 863 2435 somnum

137 2462 303 2499 invisat:
335 2461 433 2498 lmle
457 2467 589 2496 tamen
616 2454 682 2507 (ex
713 2452 861 2505 Elysio)

139 2521 278 2557 venias
295 2548 302 2563 ‚
337 2518 476 2554 melior
492 2530 573 2568 qua
599 2521 717 2564 porta
737 2512 862 2548 malz?—

137 2591 267 2627 gnum
301 2576 451 2612 Cornea
481 2574 604 2611 vincit
638 2570 732 2606 ebur
758 2567 865 2620 (vult

141 2648 231 2686 ergo
252 2639 407 2685 patrem
436 2632 587 2683 ipsum,
618 2640 755 2666 veram
784 2626 866 2662 eius

141 2692 327 2730 umbram
344 2703 383 2728 se
400 2702 471 2741 per
484 2698 666 2725 somnum
679 2681 864 2734 invisere)

144 2751 349 2799 somnique
386 2749 428 2785 in
468 2746 647 2796 inmgine
674 2749 863 2787 monstra,

918 2048 1125 2087 referenda
1151 2054 1267 2096 sunt,
1300 2060 1399 2097 quae
1434 2046 1517 2093 hie,
1549 2058 1641 2097 my-

919 2106 1017 2144 thici
1036 2112 1194 2143 tantum
1218 2111 1381 2142 ornatus
1403 2117 1536 2140 caussa
1550 2134 1560 2151 ,
1593 2103 1641 2140 de

921 2164 1082 2202 somniis
1108 2177 1136 2200 s.
1165 2163 1315 2200 umbris
1335 2161 1438 2199 veris
1459 2174 1504 2197 ac
1524 2160 1642 2209 salsis,

922 2222 1086 2258 adiecit:
1118 2234 1163 2256 ac
1185 2221 1213 2257 si
1244 2219 1348 2256 salsis
1379 2232 1423 2255 ac
1450 2218 1549 2255 fictis
1575 2231 1642 2254 ac-

922 2278 1072 2316 censeri
1094 2278 1192 2316 velit
1219 2278 1300 2328 ipse
1329 2290 1393 2325 ea,
1435 2288 1534 2326 quae
1570 2275 1643 2311 ad—

922 2336 1002 2374 huc
1047 2341 1292 2373 narraverat.
1364 2336 1475 2371 viam
1520 2341 1639 2379 secat,

921 2393 1079 2445 τέμνειν
1118 2391 1240 2440 ὁὸὸν,
1288 2397 1382 2428 nota
1414 2404 1495 2439 res,
1533 2389 1643 2440 quasi

923 2452 1031 2488 sulco
1049 2450 1195 2502 pedum
1216 2449 1356 2496 ducto,
1385 2458 1485 2485 reolo
1501 2449 1640 2490 limile,

924 2508 1126 2560 (revocavi
1146 2509 1270 2544 litore.
1305 2505 1422 2555 bl'r.)
1462 2511 1508 2542 ut
1537 2510 1645 2542 recta

922 2566 999 2603 via.
1040 2566 1121 2603 vid.
1169 2565 1260 2602 Var.
1305 2564 1408 2600 Lect.
1469 2561 1643 2599 Tandem

923 2623 1163 2674 Pomponius
1188 2622 1276 2659 Sab.
1318 2622 1413 2669 „Sic
1433 2621 1532 2668 finit
1552 2621 1645 2655 Ilo-

923 2696 1051 2718 merus
1073 2680 1142 2717 lib.
1172 2681 1242 2718 “XI
1269 2677 1427 2732 (Odys-⁴3.
1451 2676 1488 2730 λ)
1520 2684 1553 2713 et
1579 2677 1644 2711 Si-

924 2739 1002 2775 lias
1023 2738 1174 2777 XlV.“
