1827 3436
381 196 788 248 AENEIDOS
828 198 1067 258 Llss.11‚
1107 203 1403 253 469-476
1547 211 1646 257 335

138 324 343 389 Frigida
367 323 463 373 sub
490 332 628 372 terra
649 321 919 372 tumidum
945 339 1109 388 quem
1130 324 1322 374 bruma
1341 328 1570 394 tegebat,

137 399 314 456 Nunc,
351 393 532 458 positis
557 408 728 442 novus
749 393 943 441 exuviis
965 392 1272 460 nitidusque
1299 395 1526 460 iuventa,

136 464 357 514 Lubrica
383 461 649 510 convolvit
673 461 880 513 sublato
903 471 1125 528 pectore
1147 472 1307 528 terga,

137 533 345 583 Arduus
370 531 436 580 ad
459 531 656 589 solem,
696 541 748 581 et
767 531 956 596 linguis
977 533 1135 581 micat
1157 550 1251 583 ore
1272 535 1507 587 trisulcis,
1547 542 1647 591 475

135 605 248 652 Una
274 603 459 665 ingens
483 601 758 667 Periphas,
799 611 851 651 et
879 619 1147 670 equorum
1172 605 1394 668 agitator
1415 605 1647 668 Achillis,

202 700 315 746 472.
354 709 619 755 TEGEBAT3
728 699 843 748 473.
879 698 1031 745 NUNC
1068 711 1112 747 Ρ.
1224 701 1338 749 474.
1377 713 1554 748 TERGA
1590 704 1644 751 A.

270 769 384 816 476.
421 767 670 813 AculLLrs
707 767 764 816 A.

131 893 274 938 (Sustuli
298 892 577 933 distinctionem,
603 905 690 938 quae
711 899 787 926 erat
807 900 889 938 post
911 895 1051 936 Qualis,
1078 895 1147 928 vid.
1165 895 1208 928 V.
1228 895 1267 928 L.
1286 896 1350 929 Ge.
1370 897 1396 937 Ι,
1421 897 1502 933 303.
1537 899 1644 932 VVei-

132 941 243 973 chert.
267 940 310 972 ad
329 940 405 973 val.
428 940 478 973 Fl.
502 942 594 981 VIII,
620 942 700 976 463.
727 949 772 981 et,
793 953 893 985 quem
911 942 971 974 ille
990 942 1121 981 laudat,
1150 942 1402 976 Mitscherlich.
1422 944 1457 976 iu
1480 945 1578 978 Obss.
1600 947 1645 978 ad

130 987 253 1019 Catull.
277 993 312 1019 et
328 987 491 1031 Propert.
511 1001 545 1032 p.
570 989 666 1026 119.;
701 995 781 1032 post
806 987 951 1033 tegebat
980 996 1149 1021 commate
1175 996 1308 1022 tantum
1329 991 1543 1034 interpunxi3
1585 993 1643 1025 di-

131 1033 257 1074 stinxi,
284 1034 490 1066 Brunckium
511 1040 546 1066 et
566 1035 644 1067 cod.
663 1035 790 1067 Medic.
811 1041 971 1076 secutus,
999 1035 1100 1068 etiam
1119 1042 1202 1080 post
1225 1044 1351 1082 εει-ἔας
1384 1039 1422 1070 in
1443 1038 1557 1071 lucem
1579 1052 1643 1072 au—

131 1088 218 1119 tem,
245 1081 366 1113 eodem
386 1081 559 1113 Brunckio
584 1087 749 1122 auctore,
774 1082 879 1124 iungo
901 1093 976 1114 cum
996 1083 1105 1115 verbo
1137 1083 1333 1116 convolvit.
1381 1085 1644 1129 Repetitionem

132 1139 206 1159 voc.
229 1127 343 1159 lucem
360 1128 450 1160 bene
473 1127 632 1160 defendit
650 1128 745 1160 Jahn.
764 1128 807 1161 ad
829 1133 912 1161 Aen.
932 1130 956 1169 I,
981 1130 1061 1164 315.
1111 1132 1222 1174 Atque
1249 1129 1283 1162 in
1307 1142 1349 1163 eo
1378 1130 1465 1175 ipss
1485 1141 1643 1166 versatur

131 1173 241 1205 omnis
260 1174 346 1206 haec
367 1175 602 1218 comparatis),
630 1181 667 1207 ut
688 1175 790 1207 armis
809 1187 993 1208 coruscans
1013 1176 1165 1220 Pyrrhus
1184 1178 1385 1209 conferatur
1409 1190 1484 1211 curn
1505 1180 1641 1224 fulgido

131 1221 271 1263 anguis,
306 1232 394 1253 nova
418 1228 497 1253 cute
520 1222 659 1261 induta,
698 1221 742 1253 in
766 1222 914 1254 lucem
939 1223 1145 1266 prodeuntis
1172 1223 1381 1266 splendore3
1406 1237 1512 1269 quare
1537 1227 1642 1259 facile

130 1268 278 1299 feremus
299 1268 469 1310 quandam
490 1269 675 1300 verborum
698 1269 975 1309 redundantiam,
1002 1269 1106 1313 plane
1124 1270 1220 1302 illam
1238 1271 1480 1314 Virgiliauam,
1505 1273 1540 1306 in
1565 1274 1640 1306 his:

130 1315 174 1346 in
201 1314 349 1346 lucem
373 1315 578 1356 convolvit,
607 1322 642 1347 et
668 1317 810 1348 arduus
833 1316 890 1347 ad
915 1317 1069 1349 solem.
1119 1317 1194 1348 Erit
1216 1323 1331 1350 tamen
1350 1318 1500 1351 fortasse,
1524 1321 1639 1362 etiam,

129 1360 187 1403 qui
210 1373 258 1392 vs.
281 1360 359 1394 475.
379 1361 429 1393 ita
451 1362 556 1393 verba
586 1362 745 1394 ordinet:
779 1366 836 1395 Et
860 1363 1002 1395 arduus
1025 1364 1074 1396 ad
1094 1364 1204 1396 solem
1225 1364 1249 1396 l.
1274 1378 1319 1396 m.
1343 1377 1373 1398 0.
1397 1373 1422 1397 t.
1444 1366 1514 1399 vid.
1534 1369 1577 1400 V.
1599 1368 1640 1401 L.

129 1407 171 1439 ad
200 1408 262 1439 Ge.
286 1409 343 1446 HI,
368 1406 447 1442 438.
477 1408 572 1451 lVr.)
676 1409 747 1444 472
770 1407 836 1441 Sub
873 1417 1009 1441 terram
1037 1410 1198 1443 Parrhas.
1226 1424 1258 1444 v.
1286 1413 1335 1443 IV
1366 1413 1495 1457 Georg.
1525 1413 1572 1450 43
1605 1421 1640 1447 et

129 1453 188 1486 Sil.
223 1454 271 1485 vl
285 1479 293 1493 ,
333 1456 416 1493 150,
451 1462 485 1486 et
518 1466 635 1498 saepe.
707 1456 887 1501 gelidum,
943 1456 1005 1488 sed
1044 1463 1239 1490 correctum
1284 1459 1449 1491 timidum
1491 1461 1639 1494 Dorvill.

128 1500 196 1535 473
222 1503 312 1532 Tum
330 1512 382 1543 pr.
410 1502 534 1536 Hamb.
582 1514 660 1534 cum
679 1502 812 1546 aliquot
840 1502 932 1546 apud
962 1504 1075 1536 Burm.
1125 1505 1323 1550 conpositis
1350 1505 1440 1538 alter
1468 1507 1638 1542 Rottend.

129 1553 165 1578 et
188 1546 287 1581 Leid.
317 1559 335 1579 a
354 1560 398 1580 m.
432 1560 484 1592 pr.
534 1551 741 1594 compositis
764 1561 832 1582 sec.
868 1550 1003 1590 Hamb.,
1036 1550 1132 1593 quod
1158 1562 1228 1583 non
1250 1551 1459 1596 displicebat
1479 1554 1638 1588 Heinsio.

127 1593 256 1625 Similis
278 1593 426 1626 varietas
447 1596 492 1626 ΙΙΙ
512 1596 641 1638 Georg.
661 1596 741 1635 437,
766 1596 824 1627 uhi
846 1595 903 1628 hic
929 1595 1021 1628 idem
1043 1609 1160 1629 versus
1182 1598 1366 1642 repetitur.
1461 1600 1531 1635 474
1552 1615 1637 1634 cor—

123 1652 216 1685 pore
238 1640 322 1672 Cod.
343 1641 479 1674 Thuan.
499 1641 671 1674 Macrobii
692 1644 723 1674 V
743 1645 813 1674 Sat.
831 1643 865 1681 5,
893 1649 1065 1687 perpetua
1083 1643 1288 1678 variatione.
1338 1644 1484 1679 sublato
1509 1657 1636 1693 pecto-

127 1699 171 1718 ra
191 1695 295 1731 tergo
316 1688 385 1720 MS.
413 1688 505 1731 apud
526 1688 692 1727 Pierium3
718 1689 819 1721 male.
854 1690 983 1732 Georg.
1003 1692 1059 1731 ΙΙΙ,
1085 1689 1155 1726 426
1176 1693 1311 1737 anguis
1337 1704 1508 1737 squamea
1544 1707 1635 1728 con-

128 1733 281 1765 volvens
300 1733 443 1767 sublato
461 1744 610 1779 pectore
629 1743 755 1780 ιρι-ἔας
804 1735 884 1768 hinc
906 1736 957 1782 τῷ
986 1738 1172 1770 convolvit
1195 1747 1312 1783 terga,
1349 1739 1407 1782 qui
1428 1740 1471 1773 sit
1491 1741 1636 1775 sublato

124 1787 290 1823 pectore,
316 1781 397 1812 addi
422 1789 561 1825 poterat
582 1788 723 1814 ornate:
758 1783 911 1815 Arduus
931 1784 981 1815 ad
1000 1784 1122 1816 solem.

125 1826 254 1869 Georg.
275 1826 354 1861 439.
379 1828 422 1860 cf.
441 1828 544 1860 Silius
570 1830 630 1869 VJ,
655 1830 734 1863 222.
760 1831 839 1864 223.

126 1872 213 1905 male
235 1873 269 1905 in
289 1873 388 1906 libris
409 1875 586 1919 scriptum.

126 1986 342 2028 venenata,
385 1987 432 2018 ut
465 1993 597 2032 saepe,
652 1984 846 2032 gramina

123 2034 284 2088 pas-lus)
318 2037 384 2077 ἔδυ
411 2037 455 2077 δέ
480 2038 520 2078 τέ
545 2054 613 2090 μιν
631 2036 742 2090 χόλος
775 2040 846 2079 αι’-

126 2091 212 2141 νὸς,
262 2094 517 2148 Σμερδαλέον
564 2094 606 2136 δὲ
643 2096 846 2147 δέδορκεν,

128 2147 378 2202 ἑλισσόμενος
421 2152 513 2205 περὶ
550 2156 637 2208 χειῇ
677 2154 846 2203 (lubrica

127 2209 323 2246 convolvit
334 2210 530 2260 pectora).
566 2208 844 2265 (33⁹‘Emoe9—

128 2261 199 2316 οὐχ
223 2263 431 2319 ὑπεχώρει.
494 2269 547 2305 At
574 2269 681 2319 apud
710 2270 845 2321 Virgil.

126 2322 303 2374 Pyrrhus
352 2338 433 2362 nou
481 2326 648 2364 sustinet
689 2325 845 2365 hostem

125 2380 192 2417 sed
212 2381 452 2431 aggreditur,
512 2383 635 2421 Porro
655 2385 697 2421 in
715 2385 844 2423 lucem

123 2437 366 2476 trahendum
389 2445 459 2477 aut
489 2440 539 2478 ad
560 2443 743 2491 exsultat,
775 2449 844 2481 aut

125 2495 174 2532 ad
202 2498 399 2534 convolvit
408 2510 424 2536 .·
454 2504 670 2549 utrumque
699 2514 844 2551 parum

124 2553 350 2591 commode:
392 2568 429 2592 v.
464 2556 555 2593 Var.
584 2557 688 2595 Lect.
719 2561 843 2596 tumi—

124 2610 237 2658 dum,
269 2611 457 2661 quoniam
476 2616 669 2662 gramina
687 2625 843 2666 pastus,

125 2667 267 2715 quibus
298 2682 447 2707 novum
475 2671 651 2721 vigorem
679 2673 750 2710 sibi
770 2688 844 2725 pa-

124 2723 249 2772 ravit,
281 2731 327 2762 ut
349 2727 456 2777 apud
478 2728 664 2768 Nicandr.
689 2732 756 2772 33.
778 2730 844 2773 34.

124 2785 166 2817 at
185 2782 360 2831 gramina
387 2786 500 2823 mala
525 2795 690 2837 pastus,
722 2801 846 2839 eoque

123 2838 249 2875 succis
296 2842 500 2880 venenatis
546 2845 743 2896 repletus,
795 2859 846 2884 ex

122 2894 277 2945 vulgari
297 2894 505 2937 hominum
527 2901 724 2952 opinione.
771 2903 844 2956 Ap.

1217 1786 1287 1820 475
1322 1785 1415 1818 idem
1441 1799 1560 1820 versus
1589 1791 1634 1821 111

946 1830 1016 1864 476
1041 1832 1256 1885 Peryplms,
1278 1832 1449 1877 Peryfas,
1476 1834 1635 1880 Perifils,

645 1875 826 1919 (Achillis.
876 1876 1023 1909 Codices
1049 1885 1200 1921 optimos
1228 1891 1256 1911 Sl
1287 1880 1484 1925 sequimur,
1528 1882 1633 1915 facile

904 1983 1092 2022 Nicandr.
1115 1983 1233 2023 Ther.
1265 1986 1348 2027 285
1368 1986 1456 2028 ἐπεί
1474 1984 1516 2026 τ’
1548 1988 1633 2030 ἐκο-

905 2040 1073 2093 ρέσσατο
1092 2044 1274 2094 φορβῆς·
1317 2050 1358 2081 at
1386 2045 1427 2082 in
1456 2046 1633 2085 Homero

905 2105 1022 2147 sunt,
1065 2106 1112 2137 ut
1136 2101 1257 2138 modo
1288 2101 1483 2152 vidimus,
1527 2103 1633 2144 κακοὶ

905 2152 1112 2209 φάρμακα.
1174 2159 1411 2210 Expressere
1440 2161 1549 2199 hunc
1570 2163 1633 2199 lo-

905 2227 997 2251 cum
1022 2216 1205 2253 certatim
1228 2217 1304 2262 alii,
1335 2224 1383 2255 ut
1402 2219 1553 2257 Statius
1580 2220 1633 2258 IV

903 2271 1026 2309 Theb.
1048 2274 1101 2315 95
1121 2287 1204 2324 sqq.
1252 2274 1372 2312 Silius
1391 2277 1515 2326 XVII,
1547 2277 1631 2318 448

902 2328 1065 2371 -451.
1106 2331 1193 2380 XII,
1226 2335 1397 2374 6—10.
1449 2335 1514 2383 VI,
1548 2335 1629 2377 155

903 2392 943 2424 et
984 2387 1129 2438 passim
1174 2390 1249 2427 alii.
1327 2390 1632 2443 Comparandus

901 2444 1002 2482 alter
1022 2445 1134 2483 locus
1153 2447 1293 2497 Georg.
1315 2447 1383 2497 ΙΙΙ,
1414 2450 1509 2492 437.
1532 2453 1570 2491 8.
1592 2453 1630 2492 9.

901 2501 1041 2539 iisdem
1063 2504 1145 2541 fere
1165 2506 1357 2544 versibus.

960 2559 1200 2603 476-478.
1231 2562 1421 2602 Occurrit
1441 2564 1631 2616 Periphas

902 2617 1011 2669 apud
1038 2618 1282 2669 Homerum,
1336 2622 1405 2659 sed
1435 2637 1516 2660 non
1545 2622 1630 2672 hic5

902 2674 1210 2716 Automedontis
1236 2678 1486 2730 ἷππηλοὲτου,
1517 2681 1629 2719 auri-

903 2746 972 2784 gae
995 2733 1178 2784 Achillis,
1209 2737 1363 2788 saepius
1390 2737 1437 2775 fit
1464 2738 1628 2776 mentio.

905 2791 1111 2843 (Armiger
1132 2793 1291 2845 Pyrrhi,
1323 2795 1379 2832 ait
1398 2797 1532 2845 Serv.;
1561 2808 1629 2833 re—

904 2854 978 2887 cte.
1025 2849 1144 2902 lVr.)
1215 2852 1356 2903 Scyro,
1411 2852 1539 2891 insula
1580 2852 1628 2890 de

904 2906 1143 2958 Cycladibus
1161 2922 1241 2948 una
1252 2939 1262 2958 ,
1295 2910 1426 2962 copias
1444 2911 1627 2949 adduxe-
