1827 3436
332 234 738 285 AENEIDOS
776 235 912 283 LIB.
954 236 1016 296 ΙΙ,
1055 240 1348 288 236-249

1495 245 1596 291 303

82 365 296 415 Moenia
318 360 707 412 Dardanidum!
761 369 949 425 quater
981 361 1093 426 ipso
1119 361 1171 409 in
1197 359 1381 411 limine
1411 374 1596 428 portae

84 434 348 493 Substitit,
383 441 541 497 atque
561 439 716 478 utero
744 432 980 479 sonitum
1005 440 1193 496 quater
1212 448 1356 480 arma
1381 433 1596 484 dedere.

82 508 340 554 Instamus
365 509 545 548 tamen
569 500 899 548 inmemores
923 501 1170 566 caecique
1195 499 1396 565 surore,

81 577 145 622 Et
165 579 466 620 monstrum
488 568 669 618 infelix
690 579 884 618 sacrata
905 570 1134 619 sistimus
1165 587 1297 619 arce.

1495 576 1598 633 245

83 646 234 690 Tunc
258 641 414 689 etiam
439 638 555 687 fatis
584 640 752 705 aperit
777 640 1068 689 Cassandra
1091 639 1281 689 suturis

87 713 194 760 Ora
210 751 221 769 ,
262 710 345 758 dei
371 711 511 758 iussu
532 725 644 757 non
667 726 925 775 umquam
947 710 1145 758 credita
1168 709 1402 761 Teucris,

80 785 189 830 Nos
212 779 434 828 delubra
462 778 625 827 deum
647 779 849 837 miseri„
882 780 1073 845 quibus
1094 779 1314 828 ultimus
1343 789 1480 829 esset

82 849 177 899 Ille
202 849 338 912 dies,
379 848 510 898 festa
533 847 771 896 velamus
793 847 988 898 fronde
1012 866 1110 915 per
1129 849 1338 900 urbem.

174 1002 243 1036 942
267 1001 343 1045 ipse
375 1001 463 1032 Vcn.
491 1007 524 1032 et
554 1001 667 1032 Burm.
724 1000 847 1032 limine
870 1009 975 1046 poste
1001 1001 1081 1032 Exc.
1113 1001 1225 1032 Burm.

1321 999 1391 1034 247
1427 999 1520 1032 Male
1553 1001 1596 1032 ab

82 1047 159 1080 aliis
186 1047 229 1080 ad
258 1053 370 1079 antec.
399 1047 522 1079 referri
545 1047 605 1079 dei
631 1049 754 1087 iussu,
787 1054 905 1080 monet
944 1049 1126 1080 Burmann.
1175 1048 1276 1080 iusso
1302 1047 1483 1091 Oblongus
1512 1045 1598 1079 Pie-

83 1095 210 1127 rianus.

84 1220 214 1251 terum
228 1226 265 1250 v.
285 1211 363 1253 241
381 1217 488 1248 totus
501 1212 705 1249 Ennianus
726 1225 807 1249 esse

83 1272 213 1308 fertur
249 1269 356 1320 apud
384 1268 580 1306 Servium.
651 1270 809 1307 Scilicet

82 1329 125 1366 in
143 1327 295 1366 verbis:
333 1328 367 1364 O
380 1335 518 1376 paler,
551 1342 572 1362 0
585 1329 725 1376 patria
742 1357 751 1374 ,
787 1341 808 1363 ο

84 1387 245 1422 ΡΓίαιηί
269 1385 421 1421 (lomus.
460 1397 498 1421 v.
530 1383 599 1421 ius.
632 1384 683 1421 ad
713 1386 808 1425 502.

84 1443 149 1481 Vs.
190 1442 285 1485 242.
317 1441 398 1483 243
428 1440 478 1477 ad
514 1442 646 1478 omina
685 1442 810 1493 perti-

84 1506 201 1547 nent,
258 1513 357 1549 quae
398 1498 538 1550 putide
576 1499 809 1549 exsequitur

85 1558 262 1605 Quintus
294 1557 373 1593 Cal.
406 1555 499 1605 XII,
541 1570 579 1594 v.
612 1556 693 1598 491
724 1570 806 1607 sqq.

85 1616 280 1666 Expressa
304 1627 323 1651 e
357 1619 494 1651 nostro
526 1626 607 1650 esse
636 1615 807 1651 Senecae

85 1672 217 1723 Agani.
262 1685 297 1709 v.
331 1674 413 1713 626
448 1685 517 1721 sq,
566 1671 642 1708 ian]
681 1671 809 1709 Cerda

84 1729 251 1767 monuit.
286 1727 388 1780 (ips-0
415 1730 457 1765 ιἰι
480 1729 616 1766 limine
638 1738 806 1778 portae:

84 1787 321 1825 Ominosuni
341 1786 562 1837 putabatur
590 1787 654 1824 vel
674 1787 808 1837 ingre-

85 1845 232 1882 diendo
250 1845 315 1881 vel
332 1844 568 1894 egrediendo
582 1844 699 1881 limen
714 1851 808 1882 tan-

83 1915 195 1953 gere;
225 1901 343 1939 Ovid.
366 1902 484 1939 Trist.
505 1902 531 1946 l,
562 1903 601 1949 3,
633 1902 699 1942 55.
731 1915 809 1952 sq.:

86 1961 216 2009 „Ter
247 1959 402 1996 limen
434 1959 608 2010 tetigi3
639 1965 700 1996 ter
721 1973 809 1997 sum

85 2023 320 2065 revocatus;
377 2022 416 2053 et
464 2017 546 2068 ipse
595 2016 809 2068 Indulgens

87 2075 220 2112 animo
256 2087 322 2124 pes
365 2074 462 2111 mihi
510 2073 647 2111 tardus
679 2076 809 2111 erat.“

86 2132 167 2170 vid.
199 2131 365 2168 'saubni.
403 2132 453 2168 ad
483 2132 610 2168 Plaut.
634 2132 716 2169 Cas.
744 2132 809 2180 IV,

87 2190 126 2236 4,
161 2193 195 2230 1.
228 2188 455 2226 Brouklius.
476 2194 514 2225 et
530 2188 648 2226 Bach.
669 2189 718 2226 ad
739 2189 810 2226 Ti-

87 2246 182 2284 bull.
222 2247 248 2294 l,
280 2249 319 2293 3,
350 2250 416 2287 ΞΟ.
479 2247 527 2283 Et
565 2260 687 2296 quum
725 2246 812 2283 talis

87 2303 248 2354 quidem
285 2302 469 2340 machina
514 2317 595 2341 non
633 2304 811 2355 potuerit

88 2375 168 2399 non
189 2362 307 2398 limen
328 2361 457 2412 ipsum
481 2367 654 2411 tangere,
684 2361 725 2398 id
746 2367 811 2398 ta—

88 2432 177 2456 men
219 2419 351 2456 omnia
380 2418 552 2455 infausta
590 2418 811 2470 portende-

87 2477 177 2524 bat,
226 2476 336 2526 quod
371 2482 512 2525 quater
542 2476 592 2513 in
634 2476 810 2513 limine

87 2533 275 2571 substitit.
323 2532 440 2586 lVr.)
511 2534 692 2570 Sonilum
721 2534 810 2584 plus

88 2604 207 2640 quani
252 2590 400 2641 tragice
454 2591 630 2628 declarat
674 2591 808 2642 Eurip.

88 2647 232 2685 Troad.
279 2650 374 2689 519.
414 2644 809 2699 ἵππον-οὐράνια

89 2704 298 2756 βρέμοντα.
357 2706 415 2741 acl
448 2706 601 2742 coelum
624 2706 808 2755 fremen—

89 2770 186 2810 tem,
227 2768 454 2810 sonantem,
495 2762 590 2800 dum
619 2762 810 2801 traheba-

89 2824 167 2856 tur.
200 2818 369 2856 Videtur
393 2825 503 2857 totus
525 2820 636 2857 locus
655 2820 811 2858 Maroni

89 2881 181 2912 ante
202 2875 337 2912 oculos
357 2876 495 2926 suisse3
513 2884 572 2915 est
588 2885 694 2916 certe
714 2877 812 2916 cho-

89 2946 158 2970 rus
181 2933 484 2983 comparandus.

304 1096 373 1130 249
393 1107 462 1140 per
481 1092 588 1126 urbes
604 1094 692 1126 alter
712 1094 833 1126 Humb.

924 1210 1019 1253 244.
1051 1213 1256 1249 Inslamus
1275 1220 1422 1249 lamen.
1459 1211 1595 1260 Quin-

866 1275 931 1307 tus
972 1269 1052 1306 Cal.
1098 1270 1192 1318 XII,
1235 1268 1318 1310 419
1355 1269 1397 1309 οἵ
1435 1265 1478 1309 δ’
1514 1266 1596 1320 ἅμα

866 1322 1013 1374 πάντες
1040 1323 1193 1366 Εἷλκον
1213 1326 1491 1378 ἐπιβρίσαντες
1522 1332 1595 1364 etc.

867 1387 1113 1421 immemores
1136 1384 1175 1422 h.
1195 1384 1220 1421 l.
1252 1384 1491 1435 improvidi,
1531 1384 1596 1422 in-

869 1442 1085 1491 cogitantes
1107 1440 1176 1493 (cf.
1197 1442 1365 1480 eund.v.
1381 1442 1463 1483 512
1477 1440 1593 1493 sqq),

866 1501 1013 1551 quippe
1039 1513 1138 1550 quos
1167 1505 1408 1536 monuerant
1439 1499 1493 1536 dii
1528 1499 1596 1536 tali

866 1557 1019 1604 omine,
1067 1570 1138 1594 nec
1163 1563 1297 1594 tamen
1333 1556 1495 1594 Troiani
1527 1570 1596 1594 eo-

864 1628 956 1652 rum
977 1615 1174 1652 monitum
1194 1614 1440 1652 intellexere.
1480 1629 1595 1652 mon—

866 1681 990 1709 slrum
1018 1672 1162 1723 infelix
1181 1672 1384 1723 praeclare
1414 1671 1463 1709 de
1482 1673 1595 1723 Equo

866 1735 1122 1781 portentosae
1161 1729 1469 1780 magnitudinis,
1528 1729 1596 1778 qui

867 1787 1020 1824 exitum
1051 1787 1144 1825 urbi
1172 1793 1258 1824 erat
1280 1787 1484 1825 allaturus.
1533 1787 1597 1824 Sic

867 1844 1046 1882 Ciceroni
1068 1845 1210 1896 fatale
1234 1845 1473 1895 prodigium
1494 1859 1594 1894 por·

866 1910 1091 1954 tentumque
1137 1915 1212 1954 pro
1248 1901 1471 1953 pernicioso
1516 1901 1594 1940 ho-

866 1960 984 1997 mine.

924 2016 1019 2058 246.
1040 2015 1136 2057 247.
1170 2015 1225 2052 De
1247 2016 1468 2054 Cassandra
1490 2022 1595 2063 vate,

868 2074 930 2112 cui
951 2088 997 2111 ne
1023 2079 1119 2111 tunc
1142 2072 1306 2124 quidem
1336 2073 1533 2111 creditum
1557 2079 1596 2111 et

868 2132 965 2169 fides
1000 2130 1157 2177 habita,
1200 2131 1396 2182 copiosius
1420 2131 1596 2178 Quintus

869 2189 946 2226 Cal.
985 2188 1081 2235 XlI,
1130 2189 1213 2230 516
1251 2202 1334 2238 sqq.
1373 2187 1593 2240 Trypliiod.

868 2260 906 2284 v.
934 2245 1017 2286 346
1043 2258 1126 2295 sqq.
1167 2246 1311 2282 Tzetza
1334 2245 1531 2282 Posthoni.
1555 2259 1594 2297 p.

870 2305 950 2344 168
974 2303 1014 2339 in
1037 2303 1132 2339 Tab.
1153 2302 1270 2339 Iliaca
1292 2317 1328 2339 n.
1354 2305 1421 2351 99,
1453 2303 1494 2340 in
1514 2316 1592 2353 qua

869 2360 1049 2397 Priamus
1077 2372 1161 2396 eam
1190 2359 1397 2398 reu-ahere
1420 2360 1594 2398 videtur.

868 2419 934 2454 clei
953 2420 1075 2465 iussu,
1107 2416 1321 2467 Apollinis:
1353 2417 1464 2455 cuius
1482 2432 1595 2455 amo-

868 2488 930 2512 res
958 2475 1025 2512 illa
1058 2475 1240 2512 eluserat.
1273 2487 1334 2511 res
1359 2481 1466 2513 nota.
1519 2475 1595 2512 Adi

868 2533 932 2569 vel
965 2532 1148 2570 Servium
1181 2531 1219 2569 h.
1248 2531 1271 2569 l.
1341 2540 1434 2569 tunc·
1476 2535 1596 2570 eliam

869 2590 938 2627 int.
970 2604 1043 2643 pro
1077 2591 1194 2627 etiam
1228 2597 1332 2626 lune.
1382 2590 1474 2627 alias
1505 2590 1594 2628 lan-

869 2653 974 2698 guet.

926 2704 1022 2745 248.
1057 2702 1153 2745 249.
1208 2703 1353 2741 Velare
1384 2703 1594 2754 proprium

869 2761 945 2799 hac
966 2762 1006 2799 in
1027 2774 1082 2810 re,
1114 2759 1313 2811 suspensis
1341 2773 1462 2812 super
1493 2767 1595 2798 tem-

871 2820 1031 2870 plorum
1066 2818 1246 2870 postibus
1269 2818 1426 2855 coronis
1448 2832 1493 2855 ac
1511 2831 1595 2855 ser-

873 2877 943 2924 tis,
971 2877 1090 2913 etiam
1113 2875 1343 2922 frondibus,
1372 2875 1595 2925 insulisque.

873 2933 1075 2971 'traduxit
1117 2932 1203 2970 aliis
1246 2932 1341 2969 loeis
1383 2938 1497 2982 poeta
1543 2931 1594 2968 ud
