1811 3388
275 174 678 227 AENEfflos
720 175 860 224 ΜΒ.
899 174 986 235 lv,
1027 176 1319 225 259—261
1446 181 1544 228 637

45 310 263 355 Aenean
285 300 604 351 fundantem
627 314 771 347 arces
790 314 847 346 ac
867 306 1004 347 tecta
1026 306 1316 348 novantem
1445 305 1548 353 260

44 372 324 438 Conspicit.
395 372 571 435 Atque
590 367 667 417 illi
687 367 923 417 stellatus
946 368 1145 434 iaspide
1165 366 1305 417 fulva

109 463 575 522 261.CONSP1(:1T;
624 474 799 519 ATQUE
879 463 1088 511 IASPIDE

41 591 210 639 pleniore.
258 590 426 623 Insulsum
459 588 566 633 igitur
588 595 682 630 erat,
716 588 1013 634 comparationem
1033 589 1125 623 hanc
1146 595 1217 622 tam
1236 587 1363 622 multos
1384 599 1448 632 per
1467 598 1548 620 ver·-

41 652 97 672 sus
116 637 312 671 extrahere.
360 638 484 681 Neque
509 635 582 668 tale
601 636 705 681 quid,
730 637 832 681 quale
855 637 968 670 Haud
991 637 1122 678 aliter,
1147 636 1261 669 Haud
1278 647 1400 676 secus,
1424 632 1549 667 subiici

41 699 60 719 a
82 684 232 729 Virgilio
259 683 294 717 in
325 682 586 728 comparatione
615 682 727 724 solet,
762 682 828 715 nisi
856 683 994 728 quando
1024 683 1076 715 rei
1098 682 1248 726 gravitas
1271 688 1330 714 aut
1345 680 1547 725 magnitudo

41 732 231 765 admiserit.
281 733 392 775 Atque
412 736 450 761 ut
468 729 555 762 recti
576 728 695 762 iudicii
720 736 861 773 poetam
880 729 1098 773 agnoscimus
1114 730 1150 762 in
1172 741 1232 771 eo,
1258 727 1352 772 quod
1369 728 1461 760 inter
1480 727 1548 760 ab-

41 779 127 812 itum
151 777 315 810 Mercurii
341 783 376 809 et
399 776 606 817 adventum,
641 782 712 808 tam
737 776 843 820 longo
875 776 1002 808 itinere
1022 776 1227 817 interiecto,
1253 774 1433 819 quaedam,
1458 785 1548 818 quae

42 833 123 870 apte
145 822 329 857 memorari
349 830 530 867 poterant,
554 822 786 866 interposuit,
808 823 858 855 ita
888 822 989 855 nimis
1014 823 1212 855 retardatur
1233 821 1381 866 legentis
1408 819 1547 864 cupidi-

42 880 95 905 tas
115 871 204 904 iusto
226 870 386 914 longiore
413 870 650 914 descriptione
669 869 786 909 modi,
814 881 882 914 quo
903 869 970 902 iste
991 869 1130 902 volarit.
1177 868 1339 914 Denique
1362 867 1422 900 ubi
1439 867 1547 899 multa

43 919 77 951 in
98 930 199 950 unum
220 922 448 957 concurrunt,
473 928 560 960 quae
588 915 803 960 reprehendi
821 923 988 961 possunt,
1013 916 1145 949 habent
1168 915 1271 948 etiam
1295 926 1345 953 ea,
1371 925 1458 959 quae
1480 914 1548 946 de·-

41 959 185 997 scndere
210 963 467 1008 quodammodo
488 962 593 1005 licet,
618 962 751 1006 aliquid
777 962 963 1004 momenti,
996 970 1033 995 ut
1061 962 1211 995 insuavis
1234 973 1361 1001 soum,
1385 961 1427 994 ab
1446 961 1546 1004 Hey-

42 1011 101 1044 uio
129 1017 281 1044 notatus.
330 1010 405 1042 Nec
426 1009 565 1050 dubito,
587 1009 668 1053 quin
692 1021 734 1041 ac
750 1008 889 1053 Libyae
907 1021 988 1042 vera
1018 1009 1064 1042 sit
1088 1009 1216 1051 lectio,
1248 1020 1312 1053 per
1328 1013 1385 1040 tot
1408 1013 1547 1051 tamque

43 1056 203 1101 egregios
224 1057 334 1089 libros
357 1062 572 1100 propagata;
600 1067 666 1100 qua
686 1067 756 1088 non
783 1055 983 1097 intellecta,
1016 1056 1060 1088 ab
1087 1055 1163 1088 aliis
1177 1081 1185 1096 ,
1219 1062 1256 1087 ut
1274 1055 1309 1086 in
1329 1053 1406 1086 cod.
1424 1053 1547 1095 Palae,

43 1104 205 1137 omissum
238 1110 289 1136 est
317 1115 382 1143 ac,
407 1103 450 1135 ab
474 1102 550 1134 aliis
580 1102 616 1134 in
643 1102 691 1134 ad
720 1109 898 1136 mutatum.
957 1102 1112 1143 Scilicet,
1138 1101 1196 1146 qui
1227 1101 1313 1134 fecit
1331 1101 1396 1133 hos
1415 1111 1547 1142 versus,

44 1151 179 1183 videtur
197 1148 349 1183 iunxisse
369 1162 412 1181 ac
430 1149 519 1181 litas
541 1161 734 1182 arenosum
753 1151 795 1182 L.
814 1157 1015 1194 ventosque
1030 1147 1194 1190 secabat,
1228 1155 1265 1180 ut
1283 1147 1318 1179 in
1338 1147 1462 1179 ceteris
1480 1146 1547 1179 de-

43 1197 161 1230 ficiens
180 1196 224 1229 ab
246 1196 417 1239 elegantia
438 1194 650 1238 Virgiliana,
678 1195 727 1228 ita
746 1195 780 1227 in
801 1206 841 1227 eo
855 1221 863 1235 ,
897 1195 990 1239 quod
1011 1208 1054 1228 ac·
1070 1195 1176 1228 tertio
1197 1194 1277 1227 loco
1296 1192 1481 1226 collocavit
1510 1198 1547 1225 et

44 1244 133 1276 litus
159 1255 283 1276 secare
305 1243 421 1274 dicere
444 1253 544 1273 ausus
570 1248 633 1275 est.
682 1242 726 1274 Et
754 1241 812 1286 qui
833 1242 1025 1274 defendunt
1050 1243 1158 1274 Litus
1188 1252 1380 1274 arenosum
1412 1241 1461 1272 ad
1479 1241 1547 1272 Li·-

45 1288 148 1333 byae,
180 1288 205 1320 ii
226 1288 329 1321 velim
355 1288 594 1330 meminerint,
627 1287 687 1320 ubi
711 1288 929 1332 praepositio
957 1288 1172 1320 substantivo
1199 1300 1218 1320 a
1240 1286 1341 1319 bonis
1360 1286 1474 1331 poetis
1496 1286 1548 1319 ita

44 1342 289 1381 postponatur,
313 1335 381 1367 hoc
403 1334 452 1367 ita
474 1334 549 1366 fieri
563 1360 571 1376 ‚
598 1341 635 1366 ut
653 1334 764 1379 ipsum
783 1334 868 1367 illud
887 1335 1138 1367 substantivum
1162 1334 1277 1366 statim
1301 1345 1375 1365 earn
1396 1344 1546 1380 praece-

45 1383 116 1414 dat.
165 1383 306 1414 Ferrem
325 1389 434 1413 tamen
457 1381 600 1413 eandem
619 1381 791 1414 adiectivo
816 1381 1023 1422 subiectam,
1049 1381 1078 1414 si
1099 1381 1135 1413 id
1154 1379 1361 1414 adieetivum
1390 1391 1461 1411 non
1483 1391 1546 1412 or·—

44 1436 143 1461 natus
161 1440 280 1461 caussa
301 1428 495 1460 adiunctum
517 1434 622 1469 esset,
647 1427 709 1460 sed
727 1428 955 1460 necessariam
973 1428 1142 1472 quandam
1161 1426 1358 1460 contineret
1380 1426 1548 1458 substan-

44 1475 105 1507 tivi
121 1481 238 1508 notam
259 1481 294 1506 et
314 1487 388 1507 cum
405 1473 467 1506 illo
487 1474 584 1518 quasi
605 1474 639 1506 in
660 1486 760 1506 unum
781 1474 1005 1507 coalesceret.
1054 1476 1198 1516 Restat,
1222 1480 1257 1506 ut
1276 1473 1363 1514 iam,
1387 1473 1478 1505 unde
1498 1472 1547 1504 il-

44 1521 107 1553 lati
131 1521 311 1554 videantur
340 1521 376 1553 hi
406 1519 585 1562 versiculi,
620 1520 853 1565 dispiciamus.
902 1523 950 1553 Ac
978 1519 1007 1553 si
1031 1520 1198 1562 vidimus,
1230 1519 1547 1564 praestantissimos

45 1567 330 1611 acutissimosque
359 1573 500 1599 nostrae
527 1567 651 1600 aetatis
675 1567 812 1600 criticos
830 1567 896 1600 vim
925 1567 1027 1599 huius
1061 1565 1329 1612 comparationis
1352 1577 1422 1598 non
1444 1565 1548 1609 plane

45 1622 220 1647 assecutos
243 1626 338 1654 esse,
374 1614 457 1657 quid
474 1613 616 1653 mirum,
650 1613 679 1645 si
707 1613 798 1646 idem
821 1613 931 1646 veteri
957 1613 1059 1646 alicui
1092 1613 1325 1647 Grammatico
1355 1611 1548 1645 acciderit?

44 1662 118 1693 Avi
139 1661 266 1694 similis
288 1664 391 1704 quum
410 1659 544 1692 dicatur
563 1672 583 1692 a
610 1659 758 1703 Virgilio
783 1660 992 1701 Mercurius,
1028 1659 1065 1692 id
1091 1660 1264 1705 quomodo
1283 1659 1549 1704 intelligendum

46 1713 149 1747 esset,
174 1719 274 1752 quum
293 1713 539 1751 quaereretur,
564 1719 607 1739 ne
625 1707 699 1750 quis
720 1707 789 1739 hoc
807 1707 850 1740 ad
878 1707 985 1751 ipsius
1007 1706 1063 1738 dei
1082 1707 1232 1752 speciem
1252 1706 1419 1747 referret,
1445 1705 1548 1738 adie-

45 1753 92 1786 cit
112 1753 236 1798 aliquis
259 1754 356 1795 haec,
383 1753 506 1797 quibus
524 1753 568 1785 ad
593 1753 798 1786 volatum
822 1753 882 1786 illa
906 1759 1066 1798 spectare
1087 1753 1314 1786 indicaretur:
1339 1752 1453 1785 Haud
1474 1752 1548 1785 ali-

45 1808 101 1832 ter
122 1807 186 1833 cet.
234 1800 329 1832 Idem
357 1812 459 1843 quum
486 1806 644 1844 putaret,
677 1799 738 1832 illa
772 1801 928 1841 „circam
956 1800 1083 1840 litora,
1116 1801 1246 1832 circam
1274 1799 1478 1845 scopulos,“
1504 1798 1549 1831 ad

45 1858 207 1879 summam
235 1846 504 1890 comparationis
537 1846 734 1892 pertinere,
769 1846 945 1879 subiunxit
973 1845 1080 1879 haec:
1116 1848 1226 1879 Litas
1259 1857 1451 1878 arenosum
1482 1852 1548 1879 eet.

45 1893 220 1937 Denique,
245 1905 288 1925 ne
307 1892 515 1934 subiectum,
541 1893 635 1936 quod
655 1899 789 1933 vocant,
815 1893 1084 1934 desideraretur,
1110 1892 1265 1926 adiectus
1291 1899 1341 1924 est
1361 1891 1548 1925 versiculus

46 1941 217 1972 Materno
239 1941 388 1973 veniens
407 1945 474 1973 cet.
523 1940 683 1972 Ceterum
711 1946 823 1973 sumta
848 1946 927 1972 sunt
952 1939 1120 1983 quaedam
1150 1951 1191 1971 ex
1221 1939 1296 1979 his,
1328 1945 1365 1971 ut
1390 1949 1465 1971 mos
1495 1943 1549 1971 est

46 1985 356 2030 interpolatorum,
389 1985 432 2017 ab
458 1985 534 2031 ipso
565 1985 727 2029 Virgilio,
764 1992 803 2018 ut
829 1995 950 2018 terras
975 1987 1072 2018 inter
1098 1986 1308 2030 caelumque
1338 1996 1356 2017 e
1381 1997 1431 2018 VS.
1458 1983 1549 2026 184„

47 2041 174 2064 ventos
197 2031 340 2064 secabat
359 2043 376 2064 e
402 2033 464 2065 Ge.
496 2034 521 2074 l,
545 2031 627 2066 406.
690 2034 787 2073 Quae
818 2044 922 2076 quum
942 2031 989 2064 ita
1009 2032 1097 2073 sint,
1135 2031 1222 2064 eieci
1252 2031 1316 2063 hos
1345 2030 1549 2065 versiculos.

47 2079 85 2110 In
101 2078 281 2118 Mediceo,
314 2090 358 2110 ne
378 2077 462 2121 quid
480 2078 691 2122 praeterisse
716 2078 855 2119 videar,
890 2078 1019 2121 legitur
1044 2077 1328 2117 haberenosum,
1369 2078 1432 2109 sed
1463 2089 1549 2121 per-

48 2125 142 2156 fossa
169 2124 269 2157 tertia
294 2130 483 2168 quartaque
509 2124 622 2158 litera.
661 2125 755 2167 lVr.)
862 2126 930 2160 258
960 2125 997 2156 In
1033 2123 1207 2157 nonnullis
1237 2123 1429 2156 desiderari
1457 2124 1549 2157 hunc

49 2182 202 2210 versum,
244 2170 377 2202 notavit
404 2172 468 2204 Ge.
502 2171 636 2203 Fabric.
743 2171 812 2206 259
852 2171 979 2203 allatis
1008 2170 1077 2203 duo
1108 2172 1240 2209 Burm..
1271 2169 1354 2201 item
1377 2171 1548 2216 mapalia.

47 2217 118 2252 260
142 2217 219 2249 tela
237 2229 272 2249 n.
294 2216 348 2248 ed.
366 2217 407 2248 D.
428 2216 546 2250 Heins.
577 2228 762 2260 operarum
789 2216 887 2250 vitio.
981 2218 1046 2251 261
1078 2229 1122 2249 ac
1147 2217 1204 2249 illc·
1230 2216 1336 2248 Goth.
1369 2221 1471 2256 tert.;
1506 2228 1548 2250 an

49 2275 128 2294 ecce
147 2263 225 2296 illi?
256 2261 369 2307 salvo
387 2263 457 2296 Erf.
506 2265 543 2295 In
558 2263 700 2307 reliquis
724 2263 807 2296 libri
826 2263 875 2295 nil
894 2269 1037 2296 mutant.
1087 2263 1156 2295 Sed
1176 2262 1301 2301 defuit,
1325 2262 1489 2303 arbitror,
1514 2269 1550 2296 et

49 2308 103 2341 his
122 2321 240 2341 manus
266 2309 415 2341 secunda
430 2316 578 2352 poetae3
606 2316 640 2341 et
660 2311 774 2342 Tucca
794 2322 869 2342 cum
889 2308 997 2342 Vario
1024 2321 1141 2341 versus
1159 2307 1342 2341 inchoatos
1361 2320 1549 2352 coagmen-

47 2361 184 2396 tarunt3
209 2355 347 2388 finierat
369 2356 462 2388 forte
482 2362 589 2400 poeta
608 2356 753 2389 alterum
768 2356 883 2389 locum
901 2355 936 2388 in
965 2357 1156 2402 Conspicit.
1194 2361 1266 2388 tum
1293 2355 1384 2388 alter
1413 2356 1550 2390 adscri-

48 2472 157 2510 ficiat
185 2472 294 2510 aliud
327 2473 495 2511 verbum
527 2472 652 2511 simile
681 2479 773 2524 post

52 2531 170 2567 Litas
193 2544 402 2568 arenosum
423 2530 579 2582 Libyae
603 2544 655 2568 sc.
678 2544 772 2582 per—

51 2586 222 2636 agrabat.
282 2589 470 2625 stIatertzo
490 2588 541 2626 ab
561 2602 638 2625 avo
653 2618 664 2635 ‚
701 2601 771 2639 per

49 2643 214 2692 Maiam,
259 2644 429 2682 Atlantis
458 2646 484 2683 f.
543 2645 690 2684 Verum
723 2645 771 2683 de

51 2706 138 2737 toto
151 2701 238 2737 loco
262 2715 300 2739 v.
323 2701 369 2739 V.
387 2702 429 2739 L.

108 2758 362 2799 259—260.
391 2759 591 2808 magalia.
619 2772 659 2797 v.
685 2772 770 2810 sup.

50 2813 77 2860 l,
108 2812 203 2854 421.
225 2815 405 2852 Miratur
425 2816 568 2852 molem
592 2816 767 2863 Aeneas,

52 2870 240 2921 magalia
275 2873 491 2921 quondam.
549 2886 658 2910 arces
695 2886 769 2923 pro

830 2473 1083 2511 munimentis
1118 2472 1229 2511 urbis
1275 2479 1315 2511 et
1354 2487 1429 2525 pro
1466 2474 1550 2526 ipsa

830 2531 991 2568 omnino
1018 2530 1130 2569 urbe.
1168 2530 1250 2568 vid.
1280 2544 1365 2581 sup.
1393 2531 1422 2580 Ι,
1454 2531 1549 2573 424.

829 2589 925 2630 425.
971 2588 1242 2638 fundantem,
1290 2587 1551 2627 fundamenta

829 2652 1065 2696 ponentem3
1093 2645 1254 2697 proprie
1268 2674 1278 2693 ,
1309 2645 1551 2684 fundamen-

828 2703 879 2740 tis
910 2703 1023 2740 iactis
1060 2702 1390 2743 inaedificantem.
1450 2712 1551 2742 tecta

829 2768 1058 2808 novantem,
1090 2760 1267 2811 privatas
1292 2760 1406 2798 aedes
1424 2774 1550 2801 novas

829 2816 1073 2854 educentem.
1113 2817 1160 2855 cs.
1176 2816 1393 2856 Burmann.

886 2877 964 2915 261
984 2873 1140 2916 -264,
1176 2874 1374 2924 Conspicit
1384 2890 1399 2922 ,·
1431 2883 1550 2927 atque
