1779 3420
207 207 308 254 604
533 204 586 251 P.
625 203 974 252 VIRGILII
1010 203 1378 251 MARONIS

205 327 516 377 Pectoribus
538 325 744 375 inhians
766 327 1011 392 spirantia
1033 326 1257 376 consulit
1282 336 1407 378 exta.

208 400 328 446 Heu
352 405 531 445 vatum
555 397 762 460 ignarae
784 402 1014 446 mentes!
1054 396 1181 462 quid
1203 406 1322 445 vota
1344 396 1630 455 furentem,
1649 401 1713 448 65

207 465 348 528 Quid
386 464 604 514 delubra
637 465 850 514 iuvant?
884 468 975 514 Est
1003 465 1178 514 mollis
1209 465 1423 515 flamma
1455 465 1714 514 medullas

203 537 440 597 Interea,
480 543 532 583 et
551 535 766 583 tacitum
789 534 913 582 vivit
942 534 1038 582 sub
1067 544 1286 601 pectore
1308 535 1510 586 volnus,

299 650 344 685 64
375 651 583 695 spumantia
616 653 733 694 Sprot.
793 650 982 694 sperantia
1017 649 1140 692 fragm.
1174 650 1289 685 Vatic.
1393 652 1437 686 65
1463 650 1588 696 sattim
1620 650 1709 684 coni.

203 696 372 740 Cuningh.
400 696 442 729 cf.
468 697 531 729 inf.
555 698 647 737 VIII,
672 697 751 731 627,
799 697 949 741 ignotae
973 709 1017 728 m.
1043 697 1147 730 Witt.
1196 699 1283 742 quid
1308 705 1395 730 vota
1410 696 1580 743 furorem
1599 698 1710 730 Burin.

204 755 246 776 ex
271 743 401 776 Servio.
442 742 626 788 ferentem
650 744 749 775 Rom.
844 743 889 776 66
915 743 1041 775 molles
1072 743 1152 784 alii,
1189 743 1252 775 sed
1287 744 1407 776 mollis
1432 745 1586 788 flamma
1619 745 1710 776 Bur-

202 802 343 822 mannus
369 796 496 821 tuetur.
521 801 552 822 v.
579 801 654 832 sup.
681 791 723 830 11,
748 789 827 824 683.
878 790 937 831 <Et
961 788 1022 821 illo
1047 788 1127 822 loco
1155 796 1190 821 et
1215 789 1282 822 hoc
1308 790 1426 823 mollis
1450 797 1608 834 quartum
1634 802 1709 823 esse

203 848 318 869 casum
343 835 512 868 existimo.
560 837 650 868 Nam
676 843 711 868 ut
735 835 943 876 concedam,
976 836 1095 869 mollis
1118 836 1247 868 factum
1273 848 1348 869 esse
1377 848 1417 868 ex
1451 836 1608 878 mobilis,
1640 836 1709 870 vid.

203 883 267 915 Ge.
294 883 333 923 ll,
357 883 450 921 389„
473 888 590 914 tamen
616 882 742 926 ubique
767 881 965 914 adiunctum
990 882 1098 915 habet
1123 895 1198 915 eam
1222 883 1533 926 significationem,
1568 891 1604 915 ut
1637 895 1709 916 rem

201 934 361 969 tenuem,
395 935 574 971 teneram,
607 928 750 962 indicet.
798 930 866 961 Iam
907 929 1081 972 quomodo
1115 929 1236 962 mollis
1260 932 1414 975 flamma
1447 930 1528 962 huia:
1564 929 1708 962 Didonis

201 975 312 1007 furori
336 975 539 1016 conveniat,
573 975 616 1008 cf.
649 987 700 1008 vs-
734 975 803 1015 65.,
837 974 896 1007 alii
929 974 1091 1008 viderint.
1127 975 1224 1019 Wr.)

1329 977 1373 1012 67
1404 984 1439 1009 et
1473 976 1573 1008 deest
1607 976 1707 1010 binis.

201 1024 301 1055 venit
324 1020 389 1054 sab
413 1022 535 1057 Hainb.
562 1034 616 1066 pr.
640 1034 659 1054 a
683 1035 726 1055 m.
751 1033 841 1064 sec.,
866 1021 966 1054 male.
991 1034 1021 1055 v.
1050 1024 1162 1056 Burin.

200 1121 364 1164 rantur,
395 1128 464 1153 seu
492 1123 756 1168 repetuntur5
795 1123 834 1155 et
867 1123 927 1156 est
984 1117 1176 1154 celebrem
1192 1116 1325 1154 reddit
1351 1116 1574 1165 sacrificiis,
1607 1115 1646 1155 h.
1674 1130 1705 1155 e.

199 1186 287 1211 voc.
308 1187 486 1223 sacrum,
509 1174 564 1212 sic
586 1174 630 1223 V,
651 1176 723 1215 94:
747 1175 817 1212 sed
837 1174 878 1213 h.
898 1175 924 1213 l.

199 1230 298 1278 ‹lie-s,
332 1229 370 1268 h.
388 1244 420 1268 e.
445 1231 527 1269 dies
549 1232 683 1280 festus,
713 1246 791 1282 quo
813 1246 924 1270 sacra

199 1293 314 1325 erant
338 1288 459 1337 facta,
490 1303 595 1327 nova
624 1289 792 1327 subinde
812 1304 923 1327 sacra

197 1345 238 1382 in
263 1345 433 1383 alterum
455 1346 559 1383 diem
584 1347 840 1385 indicuntur:
870 1361 922 1385 sc.

197 1408 245 1440 ut
267 1409 355 1440 exta
379 1403 542 1441 meliora
575 1405 647 1441 sibi
680 1405 921 1455 contingant.

197 1459 304 1497 Hinc
350 1461 455 1497 diem
501 1463 722 1499 inslaurare
770 1462 920 1512 Virgilii

196 1518 377 1568 exemplo
392 1518 491 1555 dixit
504 1519 621 1556 etiam
634 1519 786 1557 Statius
796 1519 920 1558 Theb.

196 1574 243 1623 Il,
273 1577 339 1615 88.
367 1581 409 1612 et
445 1575 521 1614 alii.
582 1578 630 1614 Et
660 1576 822 1614 tandein
854 1580 920 1614 ln·-

196 1640 374 1669 slazerare
412 1633 537 1683 poetis
572 1635 731 1671 omnino
764 1641 823 1671 est
857 1635 919 1671 fa-

196 1701 305 1737 cere,
338 1689 565 1728 instituere:
597 1691 650 1728 sic
681 1693 801 1729 sunus
834 1705 919 1741 sup.

195 1746 261 1793 III,
299 1749 365 1793 62,
404 1748 539 1797 epulas
572 1749 654 1796 VH,
696 1748 786 1789 146.
818 1749 918 1795 Vlll,

195 1805 291 1850 283,
314 1803 456 1840 choros
475 1805 537 1853 IV,
561 1806 652 1847 145.
700 1804 806 1858 (Non
824 1812 918 1842 sunt

194 1859 291 1897 haec
313 1860 468 1898 diversa
499 1863 546 1899 ab
575 1863 642 1911 iis,
675 1875 775 1912 quae
797 1863 916 1900 inodo

194 1925 413 1955 memorata
440 1933 516 1959 VSS.
546 1921 598 1961 57
625 1933 729 1970 sqq.,
763 1920 916 1957 sacriti-

194 1975 273 2012 ciis.
333 1976 407 2013 Per
439 1990 515 2014 vss.
548 1980 601 2018 60
630 1992 713 2027 sqq.
744 1983 915 2025 tantum,

193 2032 303 2082 quod
339 2033 459 2084 ipsius
497 2034 658 2072 Didonis
697 2034 772 2072 hac
800 2035 841 2071 in
873 2048 916 2072 re

192 2091 367 2127 muneris
387 2091 517 2139 suerit,
542 2092 782 2132 declaratur.
815 2093 916 2129 'sum

191 2147 388 2198 particula
419 2149 502 2185 Aut
535 2163 588 2187 vs.
631 2153 696 2190 62.
735 2164 815 2187 non
857 2155 916 2187 est

191 2210 273 2241 tam
303 2205 563 2255 disiunctiva‚
612 2207 686 2244 nisi
719 2207 825 2257 quod
854 2221 916 2244 res

192 2275 270 2298 non
307 2262 445 2300 eodem
485 2265 674 2315 temporis
713 2271 914 2301 momento

189 2325 315 2368 gestas
339 2319 563 2371 distinguit,
596 2335 714 2371 quam
747 2322 912 2372 copula-

190 2376 291 2423 tiva,
333 2383 380 2414 ut
407 2391 525 2428 supi-a
560 2392 615 2416 vs.
650 2378 737 2420 34:
778 2379 914 2426 „cine-

190 2445 272 2469 rein
295 2442 364 2469 (mc
385 2435 571 2483 Manes;“
614 2450 659 2472 ac
693 2436 740 2472 dc
772 2436 810 2473 vi
841 2450 912 2473 co-

189 2490 372 2541 pulandi,
412 2505 512 2540 quae
555 2499 611 2528 est
643 2493 682 2529 in
716 2493 910 2538 geminata

189 2555 287 2592 (ml,
323 2547 401 2584 vid.
441 2549 559 2586 lit-ior.
598 2549 647 2585 nd
677 2550 752 2586 (lic.
782 2551 854 2586 (ΗΓ.
884 2550 911 2597 Ι,

189 2606 226 2651 3,
254 2607 290 2643 9-
316 2608 380 2651 ll,
404 2609 468 2644 36.
528 2606 651 2642 Porro
685 2608 911 2642 smmum(-

189 2676 262 2710 (μιν
285 2661 307 2697 i.
331 2674 367 2708 q.
396 2664 652 2702 instauratas:
688 2663 765 2699 vid.
792 2665 838 2709 Q.
869 2663 910 2699 V.

188 2718 391 2764 xxxmt,
429 2722 465 2757 15.
537 2720 708 2768 Denique
752 2720 799 2755 dc
840 2734 911 2756 usu

189 2774 305 2811 Verbi
329 2777 548 2812 iussaltfare
574 2777 612 2812 in
636 2790 677 2812 re
701 2791 808 2813 sacra
831 2777 909 2813 vid.

188 2832 238 2878 Q.
265 2832 307 2869 V.
338 2833 526 2870 XXXXI.
571 2833 910 2870 Wundvrlichius:

189 2889 316 2938 „Dido
338 2891 534 2926 instaurat
561 2891 667 2927 diem,
692 2891 804 2927 <lonis
835 2896 908 2927 cst:

982 1174 1173 1222 sacrificia
1214 1174 1340 1211 multa
1381 1174 1543 1214 offert.“
1588 1173 1704 1227 JVJ.)

981 1234 1181 1282 spirantia
1214 1240 1328 1280 exta,
1370 1231 1627 1283 palpitantia,
1658 1238 1706 1269 ut

980 1291 1091 1327 Serv.
1131 1288 1423 1340 Impatientiam
1459 1289 1705 1340 expectatio-

981 1347 1040 1384 nis
1070 1343 1112 1387 τὸ
1139 1347 1300 1383 inhians
1337 1346 1536 1397 exprimit.
1600 1347 1704 1383 Con-

979 1405 1073 1441 sulit
1093 1410 1227 1441 autem
1251 1403 1350 1441 Dido
1374 1412 1465 1440 exta
1495 1416 1613 1455 super
1642 1404 1702 1440 se-

978 1461 1041 1499 lici
1064 1462 1208 1499 amoris
1229 1474 1423 1499 successu.

1037 1520 1236 1560 65—67.
1276 1527 1414 1556 valum
1445 1517 1496 1554 ad
1533 1517 1704 1569 extispi-

978 1576 1084 1613 cium
1103 1590 1140 1613 v.
1162 1590 1246 1627 sup.
1264 1576 1390 1623 refer3
1412 1581 1583 1624 suntque
1603 1575 1702 1612 adeo

979 1633 1207 1684 extispices,
1251 1633 1434 1669 sacrifici:
1482 1633 1548 1682 qui
1593 1631 1632 1670 h.
1675 1632 1700 1670 l.

978 1691 1106 1727 fausta
1129 1691 1258 1727 omina
1280 1689 1524 1727 renuntiant.
1578 1691 1701 1739 tgna-

976 1762 1044 1784 rae
1070 1748 1242 1784 tnenles!
1275 1747 1480 1784 cuiusnam
1510 1746 1594 1784 rci'?
1634 1747 1699 1783 in-

975 1804 1097 1841 felicis
1135 1810 1230 1855 puta
1275 1805 1405 1841 exitus
1441 1810 1479 1840 et
1532 1811 1699 1841 eventus

976 1862 1230 1899 consiliorum
1271 1868 1309 1898 et
1347 1862 1492 1898 amoris
1524 1862 1698 1899 Didonis.

976 1919 1075 1957 Vide
1097 1919 1199 1956 enim
1224 1932 1269 1955 nc
1301 1919 1349 1956 de
1374 1919 1516 1955 amoris
1546 1919 1697 1956 medela

976 1976 1068 2014 ‹leos
1090 1976 1218 2014 aditos
1239 1990 1318 2013 esse
1339 1976 1558 2014 existimes:
1589 1976 1698 2026 quod

975 2034 1146 2071 alienum
1185 2040 1286 2070 essct
1325 2048 1345 2070 a
1384 2035 1470 2071 loco
1499 2040 1539 2070 et
1568 2046 1696 2083 inore,

975 2092 1023 2128 ab
1045 2104 1177 2129 amore
1198 2091 1360 2129 solvunt
1388 2105 1497 2128 sacra
1528 2093 1696 2142 magica,

975 2148 1025 2186 ad
1051 2162 1150 2200 quae
1183 2149 1284 2186 Dido
1312 2149 1485 2186 recurrit
1513 2149 1581 2186 ins.
1612 2149 1694 2189 478

974 2220 1057 2256 sqq.
1116 2207 1166 2243 Et
1195 2206 1242 2243 de
1274 2206 1336 2244 his
1367 2207 1482 2244 Silius
1513 2206 1609 2253 Vlll,
1640 2208 1693 2246 98

975 2264 1074 2313 agit,
1107 2278 1196 2301 cum
1224 2263 1264 2300 h.
1284 2265 1307 2301 l.
1339 2263 1526 2315 exprimit
1553 2263 1694 2300 simili-

973 2321 1045 2358 bus
1066 2321 1208 2358 verbis.
1266 2322 1316 2360 At
1336 2328 1465 2370 vates,
1497 2327 1536 2357 et
1569 2322 1609 2358 in
1634 2319 1694 2357 his

971 2378 1180 2429 extispices
1224 2379 1444 2415 memineris
1491 2377 1693 2416 consultos

971 2448 1051 2471 esse
1079 2449 1196 2486 super
1238 2449 1331 2485 pace
1361 2435 1524 2472 deorum
1565 2448 1691 2485 expo—

970 2492 1113 2528 scenda
1134 2522 1144 2540 ‚
1211 2493 1318 2528 malis
1367 2493 1587 2539 ominibus,
1649 2498 1693 2529 ut

970 2549 1234 2595 somniorum,
1267 2556 1538 2597 ostentorum,
1573 2562 1690 2586 aver-

971 2607 1183 2642 rum-andis
1203 2613 1236 2642 ct
1258 2608 1398 2643 inentis
1419 2609 1524 2644 curis
1543 2621 1586 2643 ac
1606 2613 1689 2643 ter-

970 2663 1126 2699 roribus
1152 2663 1372 2713 placandis,
1405 2671 1487 2701 tuin
1520 2665 1567 2700 de
1592 2678 1689 2700 con-

970 2720 1145 2756 siliorum
1169 2728 1478 2772 voi-ptorunique
1507 2735 1690 2758 successu

970 2783 1007 2812 ct
1026 2785 1183 2814 eventu.
1245 2780 1464 2816 Coniuncta
1486 2779 1581 2815 haec
1599 2792 1688 2816 cuin

969 2834 1110 2882 saci-is,
1155 2835 1296 2884 quibus
1330 2837 1368 2873 id
1396 2837 1522 2887 ipsum
1554 2836 1686 2873 cl'licc—

968 2897 1098 2939 retur,
1132 2899 1175 2930 ut
1196 2894 1355 2945 propitii
1382 2894 1485 2931 curis
1514 2900 1553 2931 ct
1589 2906 1685 2930 con—
