1779 3420
627 946 1195 1006 EXCURSUS
1271 949 1296 1004 I

338 1082 544 1141 Necgyz'ae
573 1085 623 1129 in
647 1092 895 1144 poetarum
925 1086 1208 1130 carminibus
1226 1083 1574 1145 frequentatae.

196 1185 496 1258 Consentiunt
525 1214 567 1253 in
596 1214 697 1266 hoc,
741 1229 842 1267 quos
872 1215 1069 1267 vidimus,
1110 1228 1264 1266 omnes,
1304 1228 1443 1254 rerum
1475 1217 1720 1268 argumentis

193 1273 524 1324 ornamentisque
565 1274 725 1312 nullum
765 1274 883 1313 facile
923 1275 1045 1313 alium
1094 1274 1281 1313 Aeneidis
1317 1275 1466 1313 librum
1507 1281 1721 1327 tantopere

191 1338 329 1370 tenere
359 1331 523 1383 legentis
555 1332 755 1381 animum,
788 1347 910 1384 quam
940 1332 1052 1371 hune
1084 1339 1257 1372 sextum.
1318 1334 1485 1381 Quanto
1509 1333 1633 1384 magis
1654 1334 1719 1372 ille

192 1390 394 1428 delectare
425 1389 564 1428 debuit
595 1397 665 1429 aut
698 1391 862 1429 omnino
893 1397 1092 1441 veterum,
1128 1391 1197 1442 qui
1225 1404 1275 1428 ex
1305 1398 1516 1443 poetarum
1548 1392 1719 1430 lectione

190 1455 232 1487 et
261 1447 406 1500 puerili
436 1447 693 1487 institutione
728 1449 789 1487 his
831 1449 980 1501 mythis
1009 1449 1202 1488 innutriti
1231 1456 1367 1499 erant,
1411 1456 1482 1488 aut
1510 1450 1719 1488 Romano-

188 1521 282 1546 rum
314 1506 492 1555 animos,
525 1509 594 1557 qui
618 1514 799 1546 extrema
832 1508 925 1546 libri
955 1515 1071 1561 parte
1102 1507 1264 1545 annales
1296 1508 1596 1560 quodammodo
1620 1522 1716 1546 suae

187 1564 315 1618 gentis
370 1564 578 1614 conditos,
633 1566 1025 1618 clarissimorumque
1071 1566 1256 1605 virorum
1301 1579 1511 1604 recensum
1550 1567 1715 1616 factum,

188 1623 477 1675 agnoscerent?
533 1623 658 1662 Iidem
698 1638 821 1677 porro
854 1625 942 1663 loca
974 1625 1078 1663 circa
1110 1624 1255 1662 Cumas
1295 1624 1630 1675 frequentabant,
1678 1630 1716 1662 et

186 1681 328 1719 iisdem
356 1681 638 1733 religionibus,
684 1696 785 1733 quae
816 1682 883 1721 hic
913 1683 1119 1735 expositae
1150 1688 1264 1732 sunt,
1303 1683 1481 1721 imbutos
1510 1682 1715 1721 habebant

188 1739 355 1777 animos.
415 1740 518 1776 Sane
552 1740 715 1790 quidem
749 1755 840 1779 cum
864 1741 1064 1779 Homerus
1084 1741 1414 1792 Necyomantiam
1445 1755 1558 1779 suam
1588 1741 1629 1779 in
1651 1740 1713 1778 his

186 1795 281 1848 ipsis
321 1796 418 1834 locis
457 1797 596 1834 Italiae
636 1805 878 1848 exponeret,
928 1799 1256 1849 quandoquidem
1296 1799 1362 1836 illa
1403 1805 1491 1837 tum
1524 1799 1712 1836 Graeciae

186 1854 293 1892 inter
324 1854 490 1906 ignotaS‚
522 1855 663 1892 saltem
693 1869 838 1907 parum
869 1857 1067 1907 cognitas,
1098 1863 1229 1894 terras
1261 1863 1368 1906 erat,
1408 1856 1537 1894 maior
1568 1857 1710 1907 utique

184 1925 323 1951 rerum
354 1918 613 1951 narratarum
653 1914 812 1952 novitas
854 1920 894 1952 et
922 1914 1158 1963 insolentia,
1201 1914 1409 1965 maiorque
1450 1914 1501 1952 ad
1533 1915 1710 1952 Graeco-

184 1983 277 2009 rum
308 1970 461 2009 animos
491 1970 758 2010 admiratione
791 1972 1013 2010 movendos
1043 1972 1104 2010 vis
1133 1985 1216 2009 esse
1247 1972 1385 2010 debuit
1396 1987 1408 2023 3
1436 1971 1560 2010 habet
1591 1973 1710 2011 etiam

183 2028 376 2066 maiorem
409 2029 692 2067 auctoritatem
722 2030 901 2068 narratio
933 2044 981 2068 ex
1003 2030 1152 2082 Ulyssis
1172 2043 1343 2082 persona
1374 2030 1581 2080 instituta3
1613 2031 1708 2069 Vir—

182 2087 299 2138 gilius
330 2093 464 2125 tamen
496 2102 578 2125 non
609 2088 822 2127 minimum
853 2089 992 2127 auxilii
1022 2095 1060 2126 et
1090 2088 1279 2140 praesidii
1310 2088 1363 2126 ad
1394 2089 1635 2128 suavitatem
1670 2095 1707 2126 et

183 2144 491 2183 delectationem
530 2145 607 2183 hac
645 2146 730 2198 ipsa
762 2147 1062 2197 recordatione,
1109 2146 1420 2198 amplificatione
1461 2152 1500 2184 et
1530 2160 1706 2186 exorna-

182 2203 292 2241 tione
322 2210 506 2242 veterum
536 2204 778 2256 fabularum,
809 2218 859 2243 ex
889 2205 1066 2244 Homero
1097 2205 1262 2254 aliisque
1291 2211 1493 2255 notarum,
1522 2204 1706 2243 habuisse

180 2261 311 2299 videri
340 2261 460 2300 debet
491 2260 652 2314 (Odyss.
684 2261 735 2316 λ).
795 2263 885 2302 Non
916 2263 1022 2301 enim
1053 2277 1135 2301 uno
1165 2263 1254 2302 loco
1284 2276 1354 2301 seu
1378 2263 1608 2315 superstitio
1638 2263 1704 2300 illa

180 2332 251 2358 seu
281 2320 389 2358 fraus
419 2319 627 2358 ludificata
659 2327 719 2358 est
748 2320 957 2361 hominum
991 2322 1143 2360 animos
1175 2321 1469 2372 antiquioribus
1492 2321 1702 2369 aetatibus,

180 2383 226 2414 ut
258 2376 437 2416 Manium
470 2378 747 2417 evocationem
787 2379 874 2417 fieri
913 2393 1026 2431 posse
1066 2379 1299 2429 crederent3
1340 2379 1450 2430 quod
1482 2380 1703 2416 etiamnum

178 2434 283 2473 inter
313 2437 417 2473 leros
448 2441 487 2473 et
516 2437 710 2475 barbaros
739 2438 911 2490 populos
943 2438 1086 2489 passim
1108 2438 1336 2475 hominibus
1366 2450 1601 2488 persuasum
1620 2450 1703 2474 esse

179 2499 348 2531 narrant
378 2492 445 2544 qui
476 2506 541 2532 eos
569 2494 769 2533 adierunt.
827 2496 1020 2534 Proclivis
1051 2495 1156 2533 enim
1185 2508 1268 2533 esse
1298 2496 1399 2533 solet
1430 2495 1593 2533 rudium
1624 2494 1702 2532 ho-

179 2549 335 2588 minum
367 2551 545 2601 animus,
583 2558 632 2591 ut
663 2554 812 2591 animas
842 2560 936 2606 post
971 2559 1143 2591 mortem
1174 2555 1408 2605 superstites
1440 2566 1520 2590 esse
1559 2564 1700 2602 easque

177 2606 324 2646 iterum
355 2609 395 2645 in
428 2609 551 2646 vitam
582 2610 714 2648 redire
745 2611 946 2662 opinetur,
976 2611 1068 2661 quia
1098 2611 1302 2649 interdum
1331 2617 1586 2649 mortuorum
1607 2622 1698 2661 spe--

178 2665 255 2703 cies
284 2665 357 2703 sibi
385 2678 457 2716 per
488 2681 672 2705 somnum
715 2669 890 2707 obiectas
930 2669 1101 2707 viderat.
1177 2669 1349 2706 Possunt
1386 2669 1506 2706 etiam
1548 2673 1699 2706 mentes

119 2761 122 2763 Α
177 2723 443 2761 fanaticorum
474 2731 543 2761 aut
572 2726 713 2762 morbo
746 2732 810 2764 aut
844 2739 980 2765 errore
1009 2727 1066 2764 ita
1098 2726 1147 2763 de
1175 2732 1286 2763 statu
1317 2725 1451 2774 deiici,
1483 2731 1529 2763 ut
1559 2725 1698 2764 videre

176 2787 214 2819 et
242 2781 382 2819 audire
418 2794 483 2830 ea,
514 2795 616 2831 quae
651 2796 731 2819 non
763 2790 881 2831 sunt,
922 2783 996 2820 sibi
1028 2783 1269 2833 videantur3
1311 2783 1410 2820 adeo
1443 2789 1534 2820 ante
1563 2783 1696 2821 subti—

175 2839 316 2877 liorem
348 2839 577 2877 doctrinam
609 2838 658 2877 de
689 2839 913 2878 animarum
942 2840 1245 2878 immortalitate
1275 2839 1430 2879 dudum
1462 2841 1598 2878 similis
1622 2840 1695 2878 ali—

176 2911 254 2947 qua
284 2897 489 2950 persuasio
520 2895 730 2935 hominum
769 2897 1028 2935 indoctorum
1060 2898 1213 2935 animos
1254 2899 1398 2937 tenuit.
1458 2898 1587 2936 Facile
1618 2899 1695 2935 ita-

175 2967 251 3005 que
296 2954 467 2994 existere
508 2955 664 3008 potuit,
707 2955 775 3006 qui
814 2954 919 2994 inter
955 2955 1030 2994 alia
1073 2956 1364 2995 divinationum
1403 2968 1546 3009 genera
1577 2955 1696 2993 etiam
