1827 3436
328 218 853 268 TRACTATARUM
887 219 956 268 IN
963 219 1318 270 VENTLONE
1504 230 1566 274 47

71 353 272 394 scentes
318 343 369 390 in
411 342 677 401 oratione,
735 343 956 408 eiusque
999 353 1281 403 structura,
1333 345 1570 408 singulis-

70 430 172 479 que
210 411 463 476 loquendi
497 409 684 459 formis
721 411 1077 464 observandis,
1163 416 1232 462 Ut
1266 413 1318 460 in
1361 413 1468 462 aliis
1510 415 1570 463 li-

69 480 332 530 beralibus
369 480 577 540 studiiS,
624 481 695 528 sic
736 481 788 528 in
829 480 933 530 hoc
971 483 1331 548 antiquiorum
1374 481 1571 532 littera-

67 567 211 607 rum,
258 550 529 614 proposita
571 566 683 597 esse
729 549 892 598 debet
932 550 1119 599 saltem
1158 551 1348 599 utilitas
1382 551 1570 618 aliqua,

66 620 174 668 otio
213 628 419 679 nostro,
466 617 569 666 hoc
609 619 743 666 vitae
783 619 1079 685 viriumque
1125 620 1350 669 modulo
1399 621 1569 684 digna,

65 688 285 736 honesta
340 696 391 735 et
434 686 672 738 liberalis
761 688 903 737 Nihil
955 699 1132 738 autem
1179 690 1401 738 ieiunius
1457 707 1569 739 esse

65 766 238 822 potest
279 757 370 804 ista
415 756 685 805 doctrinae
731 758 1108 821 ostentatione,
1161 776 1261 824 qua
1301 759 1449 808 modi
1488 759 1568 807 lo-

64 826 262 890 quendi
297 826 521 874 rariores
555 843 611 874 ac
652 825 1001 885 difficiliores,
1051 828 1421 892 exemplorum
1458 837 1566 876 tur-

65 896 126 943 ba
157 895 396 960 undique
426 896 718 960 conquisita
751 905 802 944 et
833 896 897 944 ad
924 896 1113 959 digitos
1146 898 1409 963 disposita,
1448 897 1565 946 illu--

61 973 309 1014 strantur:
357 965 454 1012 nisi
487 964 644 1013 simul
684 974 769 1012 aut
802 965 924 1031 ipsis
955 966 1083 1014 locis
1118 966 1203 1015 lux
1236 967 1405 1032 aliqua
1440 967 1564 1015 inde

61 1033 377 1095 all'unditur,
440 1042 527 1082 aut
564 1035 815 1082 orationis
844 1035 1164 1100 proprietas,
1223 1036 1478 1100 elegantia
1514 1045 1566 1083 et

61 1112 299 1160 ornatus,
359 1102 673 1163 declaratur,
720 1104 786 1152 ita
828 1113 887 1152 ut
928 1104 993 1152 ad
1025 1105 1102 1153 rei
1147 1106 1426 1154 notionem
1471 1122 1564 1154 seu

60 1173 291 1237 speciem
345 1173 513 1220 menti
555 1172 875 1221 insidentem
921 1174 1135 1222 accedat
1176 1175 1301 1224 inde
1351 1174 1564 1240 aliquid,

61 1257 167 1306 quo
210 1241 294 1289 illa
345 1242 596 1304 vividior,
652 1242 888 1306 plenior,
951 1245 1205 1307 apertior,
1264 1244 1563 1302 iucundior,

60 1310 161 1360 fiat.
233 1313 348 1359 Hoc
386 1310 568 1359 saltem
599 1311 768 1360 modo
801 1312 865 1371 is,
906 1313 995 1377 qui
1029 1330 1122 1361 eos
1154 1313 1349 1361 modos
1383 1314 1560 1361 animo

62 1388 113 1426 et
152 1380 413 1427 memoria
456 1382 710 1441 tenuerit,
761 1381 853 1429 ubi
889 1381 1117 1431 lectione
1154 1382 1219 1431 ad
1250 1382 1335 1431 illa
1367 1392 1455 1431 aut
1496 1384 1562 1430 si-

58 1448 198 1496 milia
230 1449 342 1497 loca
373 1452 676 1514 perrexerit,
713 1449 940 1499 lucratus
969 1460 1048 1499 est
1081 1469 1141 1500 ex
1173 1452 1258 1501 illa
1290 1452 1559 1501 doctrinae

59 1518 206 1582 copia
237 1518 363 1574 hoc,
411 1518 557 1583 quod
589 1535 805 1567 sensum
838 1537 1054 1581 eorum,
1100 1538 1236 1586 quae
1271 1520 1420 1584 legit,
1468 1521 1561 1569 ha-

57 1586 148 1634 bet
183 1595 234 1635 et
262 1588 527 1636 veriorem
560 1597 612 1636 et
647 1589 920 1639 acriorem.
977 1593 1044 1638 At
1077 1592 1223 1639 enim
1256 1590 1386 1639 nihil
1417 1590 1560 1638 aliud

57 1664 238 1703 tenere
272 1673 431 1722 quam
476 1656 732 1705 formulas
775 1657 1034 1723 loquendi
1074 1660 1350 1724 exquisitas
1383 1669 1432 1707 et
1478 1678 1560 1707 ra—

54 1741 158 1783 ras,
205 1726 462 1773 miserum
501 1735 552 1774 et
591 1727 745 1774 inane
790 1727 1025 1776 studium
1058 1737 1161 1786 est,
1214 1746 1324 1776 non
1367 1730 1558 1786 minus,

57 1810 215 1858 quam
254 1794 412 1857 illud,
460 1796 500 1843 si
541 1796 594 1843 in
639 1797 940 1845 auctoribus
982 1797 1199 1846 classicis
1233 1797 1472 1862 legendis
1504 1799 1555 1847 id

54 1863 207 1911 unice
244 1879 382 1926 agas,
430 1873 511 1923 ut,
563 1865 886 1914 emendandi
920 1876 971 1915 et
1007 1867 1336 1930 corrigendi,
1372 1868 1555 1917 saltem

56 1932 410 1992 coniectandi,
457 1935 787 1997 sagacitatem
827 1952 933 2000 quo
973 1935 1093 1984 loco
1138 1936 1393 1985 adhibere
1433 1954 1556 2002 pos—

55 2001 144 2062 sis,
185 2002 579 2067 circumspicias,
621 2004 687 2052 de
724 2005 845 2069 ipsis
878 2014 1054 2053 autem
1085 2005 1246 2054 rebus
1277 2016 1327 2055 et
1348 2016 1556 2056 senten-

54 2070 149 2129 tiis,
189 2080 410 2136 propter
445 2089 572 2137 quas
608 2073 674 2121 de
705 2073 878 2122 verbis
913 2074 1267 2124 laborandum
1302 2085 1432 2134 erat,
1471 2094 1555 2141 pa-

55 2156 173 2187 rum
212 2140 277 2186 sis
312 2140 572 2192 sollicitus.
656 2143 761 2191 Sed
804 2160 945 2192 nunc
984 2145 1228 2193 universe
1280 2145 1554 2205 nonnulla,

56 2225 187 2272 quae
217 2208 279 2256 ad
315 2209 546 2259 fabulam
575 2212 822 2260 Aeneidis
848 2222 1111 2278 spectant,
1149 2216 1454 2263 summatim
1476 2231 1555 2264 ex-

57 2293 255 2339 ponere
291 2279 564 2328 consilium
600 2290 722 2331 erat.

190 2348 273 2397 VI.
316 2349 474 2409 Quod
493 2370 587 2414 per
600 2355 995 2415 praedictionum
1021 2355 1262 2415 ambages
1287 2361 1429 2401 totus
1451 2356 1552 2402 Ae-

54 2414 222 2462 neidis
247 2415 496 2467 decursus
525 2420 908 2485 praecipitatur,
940 2422 1075 2469 inter
1095 2420 1392 2470 felicissima
1415 2423 1554 2485 inge-

55 2484 329 2533 niosissimi
370 2497 559 2552 poetae
593 2489 804 2538 inventa
836 2507 861 2538 a
900 2507 988 2538 me
1024 2499 1362 2539 numeratum
1400 2499 1552 2555 est*).

52 2553 239 2600 Miram
274 2557 415 2604 enim
453 2557 517 2610 ad
548 2557 830 2606 hominum
861 2560 1065 2608 animos
1098 2560 1205 2608 vim
1237 2560 1436 2609 habent
1469 2560 1551 2610 fu-

53 2627 286 2670 turarum
319 2641 500 2674 rerum
534 2626 986 2685 denuntiationes,
1037 2637 1088 2676 et
1133 2646 1192 2678 ex
1222 2629 1279 2677 iis
1320 2639 1550 2681 eventus.

55 2690 260 2754 Quippe
295 2703 371 2741 est
404 2712 460 2743 ea
501 2697 708 2758 generis
752 2696 969 2745 humani
1007 2706 1275 2762 tamquam
1312 2699 1551 2747 imbecil-

57 2754 187 2819 litas,
228 2769 308 2820 ut,
345 2764 385 2811 si
416 2763 611 2827 sutura,
652 2767 852 2814 etiamsi
890 2770 1095 2816 obs-cure
1128 2776 1177 2815 et
1206 2772 1459 2833 ambigue,
1500 2779 1548 2817 et

168 2910 203 2959 ⁸)
235 2914 327 2965 Sup.
363 2915 493 2965 Disqu.
525 2917 552 2954 1.
584 2932 611 2954 s.
647 2918 714 2954 lx.
748 2918 850 2956 XVI.
