1811 3388
455 226 866 275 AENEIDOS
905 229 1043 280 LIB.
1086 235 1168 295 vl,
1207 240 1492 293 790—798
1617 253 1711 300 981

214 345 458 396 Proferet
480 348 794 414 imperium3
834 353 966 403 iacet
999 365 1138 405 extra
1163 358 1333 410 sidera
1356 364 1524 428 tellus,

208 417 361 464 Extra
386 419 507 465 anni
535 418 779 485 Solisque
808 423 934 486 vias,
974 425 1063 473 ubi
1088 426 1307 477 coelifer
1328 432 1468 481 Atlas

208 491 372 533 Axem
396 485 628 538 humero
652 499 871 558 torquet
895 493 1059 543 stellis
1083 497 1391 549 ardentibus
1417 513 1607 568 aptum.

299 612 368 647 796
394 613 544 660 Profert
570 617 659 650 alter
684 619 807 654 Hamb.
833 633 852 654 a
875 633 920 654 m.
945 634 998 666 pr.
1048 623 1218 670 Pet-feret
1243 627 1311 660 duo
1337 629 1450 663 Burm.

205 671 324 692 (trinos
356 662 490 704 Frauc„
521 675 593 697 non
625 665 725 700 male.
780 668 932 714 Lucq'fer
963 671 1136 708 Moutalb.
1170 685 1189 706 a
1221 686 1264 708 m.
1299 687 1353 719 pr.

204 707 273 740 798
298 707 458 742 humeris
482 720 535 754 pr.
561 712 687 746 Hamb.

202 800 282 838 vit.
306 801 413 854 Virg.
435 803 485 841 ad
508 818 541 843 a.
565 805 660 847 734.
720 808 813 846 Loci
832 809 925 848 imi-

205 859 396 897 tationem
443 861 523 899 iam
565 863 693 916 intpp.
729 873 926 906 notarunt

199 916 241 953 in
270 917 366 955 Silio
395 917 496 968 VIII,
521 921 604 962 409
628 935 710 973 sqq.
744 923 794 961 de
814 925 924 963 Cice-

198 974 308 1011 ronis
328 975 458 1015 laude.
503 975 683 1029 (Nescio,
716 995 766 1019 an
784 996 925 1034 parum

197 1038 306 1069 reete
336 1047 456 1083 super
483 1048 554 1086 per
585 1038 690 1075 ultra
722 1040 924 1092 interpre-

197 1095 338 1128 tentur
362 1091 505 1141 ethic,
539 1100 578 1131 et
603 1095 715 1144 alibi,
746 1104 791 1135 ut
816 1100 923 1150 apud

196 1147 345 1189 Lucan.
373 1149 438 1197 IV,
473 1153 590 1192 333:
618 1154 732 1199 „Non
763 1170 922 1208 super

196 1212 371 1244 arentem
390 1206 551 1246 Meroen
564 1239 575 1258 ,
607 1212 828 1263 Cancrique
847 1216 920 1252 sub

195 1276 282 1313 axe,
295 1265 385 1312 Qua
399 1266 498 1304 nudi
513 1267 773 1314 Garamantes
793 1279 920 1322 arant,

196 1321 352 1371 sedere,
399 1324 468 1361 sed
511 1325 617 1364 inter
659 1329 919 1379 Stagnantem

193 1380 360 1418 Sicorim
402 1388 442 1420 et
479 1384 665 1434 rapidum
703 1386 920 1438 deprensus

192 1438 350 1476 Iberum
388 1441 549 1491 Spectat
591 1443 744 1481 vicinos
783 1445 919 1484 sitiens

190 1497 391 1535 exercitus
410 1502 582 1537 amnes.“
614 1506 652 1537 et
670 1502 778 1552 apud
798 1504 916 1542 eund.

190 1554 291 1603 VIII,
336 1559 428 1596 162.
469 1570 570 1607 sqq:
611 1559 752 1606 „Nunc
792 1561 917 1599 socias

189 1611 340 1649 adeunt
381 1613 549 1652 Romani
590 1617 761 1654 foederis
799 1619 916 1658 urbes

187 1670 237 1707 Et
268 1670 396 1718 varias
429 1684 567 1723 regum
595 1681 766 1723 mentes,
808 1691 917 1715 nunc

184 1727 293 1766 invia
326 1729 470 1767 mundi
504 1729 612 1769 Arva
643 1746 799 1783 super
829 1748 914 1772 me·-

186 1785 272 1822 dios
294 1786 394 1824 soles
410 1787 684 1840 Austrumque
701 1790 915 1831 iacenteS.“

183 1842 282 1880 Mihi
303 1850 409 1882 certe
432 1858 495 1882 res
522 1846 607 1897 ipsa
635 1847 799 1887 videtur
819 1864 911 1888 sua-

185 1900 300 1949 dere,
336 1908 383 1940 ut
403 1901 464 1940 his
492 1903 587 1942 locis
613 1918 684 1956 per
704 1913 809 1957 part.
838 1923 909 1944 szt-

174 1973 253 2010 per
268 1959 356 1997 loca
374 1961 447 1998 ista
467 1961 563 2012 ipsa,
596 1962 823 2014 longissimo
845 1965 909 2003 vi—

183 2017 326 2055 delicet
346 2018 560 2057 intervallo
583 2020 794 2070 distantia,
826 2037 908 2060 non

181 2081 315 2113 autem
336 2076 541 2125 ulteriora,
574 2077 769 2129 designari
787 2086 907 2130 pute—

179 2147 279 2171 mus.
341 2134 392 2172 Et
410 2134 484 2186 ipsi
505 2134 593 2173 Indj
615 2142 655 2172 et
682 2136 906 2174 Garaman-

179 2197 237 2228 tes
267 2194 436 2229 extremi
460 2192 667 2230 hominum
698 2194 904 2232 existima-

176 2249 338 2288 bantur.
372 2252 416 2288 ll
428 2249 490 2302 vr.)
551 2250 632 2287 Iam
652 2250 818 2290 debebat
840 2265 902 2290 se-

177 2307 245 2357 qui
267 2323 275 2344 :
338 2307 514 2358 proferet
555 2310 766 2358 imperium
788 2332 845 2338 —
867 2319 903 2347 et

175 2379 296 2415 super
332 2379 422 2402 eam
453 2374 620 2412 terram,
664 2381 768 2417 quae
798 2369 901 2405 iacet

175 2431 284 2459 extra
307 2436 340 2459 s.
404 2422 482 2459 Sed
502 2422 676 2461 inversio
701 2425 807 2462 sacta
828 2438 900 2462 en-

174 2479 436 2518 thusiasinum
477 2480 654 2518 adiuvat.
732 2482 778 2519 In
816 2496 899 2533 sqq.

173 2537 365 2576 australes
387 2537 542 2575 Africae
566 2538 698 2589 plagas
717 2539 898 2590 designa—

172 2596 207 2633 ri
242 2595 494 2632 manifestum
533 2602 613 2644 est,
655 2596 816 2634 sed-res
845 2598 897 2635 ad.

172 2654 388 2704 τερατῶδες
426 2652 592 2691 deflexa.
665 2654 768 2691 Solis
804 2657 896 2692 viae

173 2711 330 2762 proprie
349 2717 443 2748 sunt
463 2711 567 2748 intra
587 2711 777 2762 Tropicos
789 2713 894 2750 Can-

170 2769 227 2806 cri
247 2774 287 2806 et
311 2768 542 2819 Capricorni
564 2782 635 2820 per
658 2769 892 2821 eclipticam.

169 2826 231 2863 Sic
254 2826 361 2876 apud
374 2825 543 2863 Aratum
567 2823 721 2877 οἷελίοιο
752 2827 893 2868 κέλευ-

167 2888 238 2923 θοι
280 2891 319 2920 et
357 2882 520 2933 ἄλησις,
551 2883 765 2922 Phaenom.
796 2888 890 2927 319.

166 2944 260 2983 321.
322 2941 482 2979 Servius
502 2941 639 2980 laudat
661 2943 807 2981 Lucani
829 2943 890 2981 lo-

1522 633 1590 668 797
1611 645 1713 669 extra

1449 678 1583 712 Altans
1616 681 1712 716 Rom.

985 826 1076 851 cum
1096 813 1159 863 III,
1177 815 1260 858 253
1281 831 1352 868 sq.,
1376 819 1418 856 in
1438 833 1517 870 quo
1541 820 1709 861 Aethio-

984 883 1051 922 pes
1081 878 1196 910 extra
1225 875 1444 914 Zodiacum
1478 879 1594 929 positi
1629 892 1710 918 esse

984 927 1188 968 dicuntur.
1248 932 1330 970 Iam
1359 935 1529 972 Romani
1548 937 1708 987 quidem

983 985 1057 1023 vix
1081 987 1132 1025 ad
1155 989 1370 1040 Tropicum
1401 993 1542 1030 Cancri
1561 1007 1707 1045 perve—

983 1052 1146 1094 nerunt,
1177 1047 1306 1086 multo
1321 1049 1452 1088 minus
1475 1064 1584 1088 arma
1601 1051 1706 1090 ultra

983 1109 1238 1151 aequatorem
1258 1107 1516 1156 protulerunt
1538 1115 1577 1146 et
1604 1110 1706 1148 alte-

981 1172 1072 1197 rum
1092 1162 1313 1213 tropicum,
1344 1164 1413 1202 sed
1434 1172 1574 1217 poetae
1593 1166 1704 1205 licuit

979 1215 1078 1254 haec
1113 1219 1354 1270 amplificare
1395 1228 1433 1260 et
1474 1224 1563 1261 loca
1597 1225 1703 1263 ultra

977 1277 1147 1325 tropicos
1165 1290 1408 1328 memorare,
1441 1280 1616 1331 adeoque
1636 1283 1702 1319 ul-

980 1340 1042 1369 tra
1060 1335 1213 1383 sidera,
1253 1335 1331 1374 hoc
1361 1343 1439 1386 est,
1467 1339 1699 1386 zodiacum,

977 1390 1084 1428 ultra
1104 1392 1211 1428 Solis
1237 1396 1328 1431 vias
1344 1403 1380 1431 et
1397 1398 1508 1444 anni,
1541 1397 1606 1447 qui
1627 1397 1697 1435 illo

977 1447 1068 1485 solis
1096 1448 1267 1488 decursu
1290 1452 1522 1501 conficitur,
1566 1453 1616 1491 ad
1637 1467 1699 1492 eas

974 1503 1131 1544 Africae
1148 1508 1282 1559 plagas
1306 1509 1577 1561 designandaS,
1598 1525 1698 1561 quae

974 1562 1081 1600 ultra
1122 1571 1238 1603 notas
1267 1572 1393 1605 terras
1414 1581 1539 1618 usque
1561 1569 1611 1606 ad
1625 1570 1695 1607 At-

973 1619 1147 1671 lantem,
1196 1629 1235 1660 et
1265 1624 1407 1661 lineam
1443 1626 1491 1662 ab
1522 1625 1599 1663 hoc
1626 1640 1696 1677 per

972 1678 1148 1717 Africam
1171 1680 1355 1730 ductam,
1401 1689 1696 1734 procurrentes,

971 1748 1110 1775 versus
1124 1745 1307 1777 austrum
1327 1745 1413 1777 tum
1426 1747 1539 1778 erant
1555 1754 1694 1793 reper-

970 1799 1047 1831 tae.
1107 1795 1295 1833 Similiter
1331 1797 1453 1834 altera
1493 1811 1543 1835 ex
1582 1805 1695 1850 parte

969 1863 1107 1890 versus
1129 1854 1320 1891 arcticum
1336 1855 1473 1905 polum
1502 1856 1694 1907 navigan-

970 1914 1028 1946 tes
1069 1910 1176 1947 diem
1209 1920 1302 1961 post
1342 1920 1455 1962 tetga
1495 1914 1692 1965 solemque

967 1967 1172 2017 reliquisse
1204 1968 1301 2006 dicti
1327 1975 1419 2007 sunt
1445 1970 1493 2006 ab
1522 1970 1691 2008 Albino-

967 2037 1072 2061 vano
1094 2025 1134 2061 in
1154 2026 1294 2076 fragm.
1325 2026 1374 2063 de
1395 2027 1645 2077 navigatione
1667 2043 1689 2065 a

966 2080 1203 2120 Germanico
1224 2083 1265 2120 in
1286 2083 1444 2121 Oceano
1463 2089 1618 2122 tentata
1638 2098 1688 2122 ex

964 2138 1132 2176 Amisiae
1154 2141 1266 2178 ostio.
1324 2141 1480 2190 Respici
1512 2148 1643 2179 autem
1665 2156 1686 2179 a

962 2195 1128 2235 Marone
1146 2197 1356 2235 Candacen
1377 2199 1525 2236 victam
1546 2205 1584 2236 et
1606 2199 1685 2237 Ae-

961 2252 1156 2305 thiopiam
1198 2269 1318 2306 supra
1353 2259 1550 2306 Aegytum
1582 2270 1602 2293 a
1643 2257 1683 2295 C.

961 2311 1146 2349 Petronio
1175 2313 1295 2363 copiis
1314 2319 1562 2364 peragratam
1586 2328 1684 2365 pro-

961 2368 1089 2406 babile
1118 2370 1186 2418 fit3
1217 2383 1295 2420 qua
1325 2370 1374 2407 de
1406 2384 1450 2408 re
1477 2385 1515 2409 v.
1537 2372 1682 2410 Strabo

959 2427 1081 2475 XVII,
1112 2441 1150 2478 p.
1173 2429 1255 2468 820
1274 2441 1329 2478 sq.
1362 2434 1401 2465 et
1421 2428 1510 2466 Vita
1532 2429 1682 2480 Virgilii

959 2483 1010 2521 ad
1024 2497 1056 2522 a.
1078 2487 1173 2525 732.
1218 2484 1287 2521 ulai
1300 2486 1419 2522 Atlas
1436 2500 1568 2530 axem,
1590 2499 1680 2523 cae—

956 2542 1060 2590 lum,
1101 2541 1262 2579 humero
1295 2551 1466 2594 torquet,
1511 2544 1680 2582 sustinet

956 2605 1212 2648 torquentem
1265 2612 1305 2637 se
1349 2606 1390 2637 et
1441 2607 1677 2649 vertentem,

954 2657 1078 2694 stellis
1098 2657 1323 2694 ardentibus
1338 2666 1495 2708 aptam,
1530 2671 1579 2695 ex
1597 2672 1674 2708 quo

953 2727 1027 2751 axe
1050 2727 1118 2753 seu
1139 2714 1246 2752 caelo
1270 2715 1406 2752 stellae
1432 2721 1544 2766 aptae
1567 2720 1673 2762 sunt,

951 2771 992 2809 in
1023 2784 1068 2809 eo
1098 2772 1214 2810 fixae.
1274 2772 1350 2809 Sed
1383 2772 1462 2810 vid.
1494 2785 1578 2821 sup.
1607 2771 1671 2819 IV,

952 2831 1048 2871 481.
1085 2829 1180 2871 482.
1221 2827 1278 2880 (et
1311 2829 1400 2867 Not.
1433 2828 1481 2865 ad
1504 2829 1571 2875 IX,
1604 2831 1668 2868 93.

956 2885 1073 2938 lVr.)
1135 2885 1211 2938 (Ex
1238 2884 1440 2924 Gronovio
1464 2885 1513 2922 ad
1536 2886 1668 2923 Senec.

950 2943 1052 2982 Med.
1096 2947 1146 2985 1O
1185 2944 1331 2982 frustra
1372 2942 1667 2994 interpretatio-
