1811 3388
350 236 759 287 AENEIDOS
798 238 938 290 LIB.
976 241 1067 304 ΙΙΙ,
1105 246 1401 301 341-353
1527 257 1629 304 493

108 365 377 411 Incassum
401 359 580 412 fletus:
619 380 788 428 quum
812 381 927 415 sese
950 384 977 415 a
998 369 1286 420 moenibus
1308 371 1470 424 heros
1526 384 1627 431 345

108 431 398 482 Priamides
421 431 604 480 multis
624 433 862 484 Helenus
888 439 1266 489 comitantibus
1289 443 1478 509 adfert,

105 501 504 567 Adgnoscitque
527 518 677 566 SUOS,
714 503 993 572 laetusque
1014 508 1077 556 ad
1101 508 1282 560 limina
1307 513 1467 577 ducit,

104 575 170 621 Et
191 570 426 619 multum
451 571 690 621 lacrimas
717 575 879 624 verba
902 578 1042 626 inter
1070 579 1271 643 singula
1293 581 1484 637 fundit.

103 640 377 703 Procedo,
411 650 463 690 et
492 660 709 708 parvam
744 647 989 711 Troiam,
1029 649 1382 719 simulataque
1417 658 1623 720 magnis

102 713 381 774 Pergama,
422 721 474 760 et
497 722 739 762 arentem
754 717 948 765 Xanthi
976 722 1300 782 cognomine
1324 724 1498 775 rivum
1520 732 1622 780 350

102 780 388 845 Adgnosco
405 822 416 843 ‚
458 784 764 850 Scaeaeque
785 787 1085 852 amplector
1104 789 1285 841 limina
1305 804 1507 859 portae.

99 853 209 900 Nec
233 868 345 899 non
371 861 423 900 et
448 854 640 901 Teucri
663 856 803 904 socia
824 857 981 906 simul
1003 859 1138 909 urbe
1161 859 1424 916 fruuntur.

98 920 225 969 Illos
248 922 542 988 porticibus
564 940 655 972 rex
675 925 973 992 adcipiebat
996 931 1049 977 in
1074 931 1275 997 amplis,

189 1048 258 1085 345
282 1053 325 1084 In
348 1064 471 1085 casam
488 1053 622 1087 Zulich.
643 1067 718 1088 cum
739 1055 876 1099 glossa:
900 1062 1049 1092 Aeneae
1068 1069 1103 1093 et
1136 1063 1392 1097 Troianorum.
1426 1065 1470 1103 cf.
1503 1067 1616 1100 Burm.

94 1095 164 1132 346
190 1099 396 1131 Priamides
418 1102 587 1133 IIelenus
606 1103 731 1135 maltis
748 1104 816 1136 duo
835 1106 948 1138 Burni.
972 1107 1175 1152 aliquotque
1202 1109 1370 1150 Pieriani3
1407 1112 1501 1156 quod
1528 1114 1616 1147 sim-

96 1143 245 1187 plicius,
272 1152 309 1177 ut
332 1158 406 1190 sup.
435 1160 467 1180 v.
493 1149 573 1183 295.
611 1150 654 1181 cf.
684 1149 774 1183 Pier.
813 1152 889 1196 <sed
918 1153 984 1186 alia
1012 1155 1134 1196 liuius,
1169 1156 1236 1188 alia
1270 1158 1370 1190 istius
1400 1159 1470 1191 loci
1500 1161 1614 1202 rati05

93 1190 151 1223 hic
175 1191 313 1236 quidem
335 1194 503 1227 Helenus
523 1207 586 1239 per
608 1197 867 1240 appositionem
888 1200 1051 1233 adiicitur
1071 1209 1106 1233 et
1132 1205 1338 1237 Priamides
1356 1205 1511 1249 iungitur
1539 1220 1615 1241 cum

93 1238 221 1278 hero-53
247 1239 354 1281 illud,
381 1242 568 1284 Helenus,
595 1243 629 1275 h.
660 1244 684 1276 l.
716 1245 820 1277 ctiam
844 1246 959 1278 omitti
981 1255 1145 1291 poterat;
1179 1262 1285 1294 quare
1311 1252 1403 1285 bene
1434 1253 1521 1287 latet
1546 1255 1617 1290 hoe

92 1296 221 1317 nomen
252 1286 344 1319 inter
369 1289 494 1321 maltis
522 1296 558 1321 et
589 1291 858 1325 comitantibus.
899 1296 995 1334 lm.)
1047 1295 1173 1342 adfert
1200 1298 1320 1331 Heius.
1352 1311 1370 1331 e
1403 1301 1506 1333 codd.
1537 1302 1609 1335 suis

93 1332 263 1366 omnibus.
313 1334 430 1378 Vulgo
468 1336 586 1380 offert.
639 1344 709 1370 tres
746 1339 865 1383 effert.
970 1341 1040 1376 347
1086 1346 1312 1389 agnovitque
1350 1346 1441 1379 alter
1485 1349 1611 1383 Hamb.

92 1379 295 1424 (laetosque
323 1382 425 1414 Hafn.
454 1383 513 1416 VI.
552 1384 650 1427 lVr.)
709 1386 758 1418 ad
788 1387 915 1420 limina
943 1389 1064 1422 Heius.
1105 1403 1179 1423 cum
1206 1392 1339 1424 maiore
1366 1394 1468 1427 codd.
1496 1403 1610 1440 parte.

90 1425 146 1458 Sic
167 1432 203 1459 et
224 1438 343 1460 omnes
366 1429 487 1471 Goth.,
512 1430 579 1463 nisi
601 1432 695 1475 quod
715 1444 800 1465 unus
829 1434 979 1468 lamina.
1031 1436 1147 1480 Vulgo
1177 1439 1227 1470 ad
1252 1441 1413 1480 moenia,
1449 1443 1543 1486 quod
1574 1443 1610 1476 in

89 1472 209 1517 paucis
243 1481 377 1509 recent.
403 1474 463 1508 ille
494 1485 685 1522 repererat.
725 1480 808 1522 (hoc
835 1481 944 1514 habet
971 1483 1082 1516 Palat.
1119 1484 1214 1528 lVr.)
1309 1486 1378 1521 348
1413 1488 1612 1523 lacrimans

89 1519 222 1564 aliquot
240 1521 352 1565 Pier.,
378 1522 512 1566 aliquot
532 1526 663 1564 Heius„
689 1532 724 1558 et
744 1527 823 1560 edd.
856 1535 937 1561 vett.
965 1530 1173 1571 nonnullae;
1212 1532 1398 1566 manifesto
1427 1536 1490 1567 sed
1520 1548 1609 1581 pro-

89 1566 167 1599 clivi
188 1567 299 1612 lapsu.
348 1571 425 1603 Nec
444 1570 548 1604 aliter
570 1573 706 1613 suerat,
731 1581 838 1618 puto,
864 1574 898 1607 in
917 1577 1097 1619 Gudiano,
1124 1579 1183 1622 qui
1199 1578 1339 1612 lituram
1364 1580 1422 1613 hic
1442 1582 1608 1626 habebat,

88 1625 107 1646 e
127 1625 195 1658 qua
213 1615 334 1649 Heins.
354 1623 470 1649 tamen
492 1619 688 1652 excitabat:
722 1621 876 1654 multam
903 1623 1077 1656 lacrimae
1108 1637 1173 1669 pro
1202 1627 1439 1660 lacrimarum
1469 1630 1608 1664 curiose

86 1660 322 1706 potiusquam
342 1676 436 1697 vere.
485 1667 575 1698 Nam
594 1667 747 1699 maltam
770 1669 991 1702 Homericum
1011 1670 1152 1706 πολλὸν
1182 1679 1254 1713 est,
1290 1686 1355 1718 pro
1383 1676 1502 1718 valde,
1540 1679 1609 1711 ad-

85 1708 246 1750 modum,
273 1716 307 1742 et
337 1710 422 1743 talia
451 1724 566 1745 amare
595 1713 781 1757 Virgilium
815 1715 900 1748 satis
931 1725 1082 1751 constat.
1130 1719 1318 1764 (lacrimas
1338 1720 1473 1766 fundit
1503 1736 1607 1768 quum

84 1754 177 1787 idem
195 1755 257 1797 sit,
285 1758 378 1800 quod
398 1759 586 1800 lacrimat,
613 1768 710 1794 recte
734 1762 935 1796 adverbium
956 1765 1059 1798 adiici
1077 1773 1230 1811 poterat.
1256 1767 1352 1801 Iahn.
1376 1768 1498 1803 laudat
1516 1772 1607 1805 Hei-

83 1802 183 1835 neck.
208 1803 449 1839 Animadvers.
472 1807 515 1839 ad
534 1808 683 1840 Juvenal.
704 1822 738 1854 p.
762 1811 840 1845 105.
875 1812 1088 1846 Wakefield.
1109 1813 1250 1859 scripsit
1270 1816 1413 1848 vultam
1434 1817 1604 1861 lacrimis,

83 1848 163 1881 coll.
187 1850 267 1883 Tib.
290 1852 315 1892 Ι,
337 1853 370 1893 7,
389 1854 447 1888 50.
475 1861 508 1886 et
525 1855 582 1895 Ill,
604 1856 638 1895 2,
660 1857 717 1890 ΞΟ.
760 1857 855 1900 11).)
905 1859 1067 1892 lacrimis
1092 1862 1172 1894 Exc.
1202 1863 1316 1895 ssnrm.
1368 1864 1476 1897 Porro
1498 1864 1605 1910 fiiclit

82 1895 244 1941 plerique
267 1899 359 1932 Pier.
382 1906 417 1932 et
437 1900 572 1946 aliquot
589 1902 722 1944 Heins.‚
748 1910 828 1937 tert.
856 1905 967 1938 Goth.
983 1932 991 1947 ‚
1025 1907 1136 1948 male3
1171 1908 1263 1941 idem
1290 1917 1405 1942 tamen
1433 1912 1603 1956 Pompon.

82 1943 162 1975 Sub.
184 1943 451 1990 interpretatur.
549 1948 619 1984 349
645 1951 694 1982 ad
713 1963 869 1996 parvam
887 1955 1004 1996 Sprot.
1054 1963 1089 1987 et
1110 1957 1272 2000 patriam
1295 1956 1428 1990 Zulich.
1448 1966 1483 1991 et
1502 1960 1602 1994 Leid.

82 2000 102 2022 a
123 2002 166 2024 m.
185 2003 238 2036 pr.
287 2005 314 2025 s.
336 1994 461 2027 maltis
481 1997 591 2041 Perg.
613 1996 719 2030 Witt.
741 2010 759 2031 a
781 2011 833 2042 pr.
853 2012 896 2031 m.
947 2001 1183 2044 (Procedant.
1218 2005 1378 2036 Parvam
1405 2006 1511 2040 Hafn.
1542 2009 1602 2041 VI.

87 2038 182 2081 JVr.)
279 2040 349 2075 352
375 2039 561 2085 seruntur
585 2044 674 2077 ven.
712 2051 748 2077 et
777 2045 867 2078 alter
892 2047 1016 2081 Hamb.
1046 2060 1110 2093 pro
1140 2061 1213 2083 var.
1240 2050 1321 2084 lect.
1416 2053 1497 2088 353.
1520 2055 1601 2089 354.

81 2083 149 2118 355
178 2084 243 2117 hos
265 2092 337 2119 tres
356 2099 476 2121 versus
498 2089 541 2122 ab
559 2090 672 2124 aliena
691 2103 794 2125 manu
823 2093 976 2126 insertos
1011 2107 1087 2127 esse
1117 2095 1206 2128 vidit
1238 2099 1305 2130 Iao.
1338 2100 1485 2143 Bryant,
1520 2102 1601 2145 quia

82 2142 157 2162 cum
179 2131 325 2176 reliquis
342 2145 413 2167 non
433 2135 524 2168 bene
549 2138 752 2171 cohaerent.
803 2140 1034 2174 Patrocinium
1064 2154 1182 2175 eorum
1202 2146 1379 2187 quomodo
1398 2147 1454 2190 agi
1474 2147 1600 2192 possit,

79 2177 159 2209 vide
179 2178 212 2210 in
230 2179 347 2213 Notis.
396 2182 474 2214 Erit
490 2190 606 2216 tamen
626 2184 865 2229 imputandum
885 2187 1017 2231 aliquid
1044 2190 1208 2222 fortunae
1232 2192 1392 2225 carminis
1408 2220 1416 2233 ,
1452 2195 1506 2226 cui
1539 2207 1599 2227 se—

80 2223 192 2257 cunda
214 2232 342 2269 poetae
362 2240 482 2261 manus
504 2229 599 2262 haud
621 2231 771 2275 obtigit3
795 2233 936 2266 ultimus
960 2236 1079 2281 utique
1104 2249 1221 2269 versus
1240 2238 1359 2282 friget.
1386 2240 1469 2284 (vid.
1491 2242 1598 2276 Wei-

80 2270 189 2304 ebert.
214 2276 270 2306 De
295 2275 378 2307 Vss.
404 2277 514 2310 iniur.
537 2280 717 2324 suspectis
737 2292 771 2324 p.
798 2278 853 2314 84.
885 2283 979 2325 Wr.)
1075 2283 1144 2319 353
1170 2285 1265 2318 Illas
1280 2287 1454 2322 Montalb.

78 2391 158 2415 non
181 2380 344 2432 proprie
365 2381 442 2419 dici
464 2382 512 2420 ab
531 2383 689 2435 Heynio
721 2386 811 2424 exi-
866 2388 1172 2443 προςὲρχεσθαι.
1224 2393 1274 2431 cf.
1316 2392 1356 2431 h.
1393 2393 1419 2434 l.
1459 2393 1594 2435 Heins.

78 2436 254 2475 stimetul
273 2468 282 2486 ,
314 2440 467 2478 nullam
488 2441 605 2480 video
636 2457 808 2483 causam.
865 2461 985 2496 suos,
1032 2450 1256 2501 populares.
1325 2452 1448 2489 Recte
1482 2455 1593 2493 Serv.

81 2493 198 2546 lVr.)
258 2496 412 2536 Notatu
457 2499 642 2549 dignum,
698 2503 808 2552 quod
867 2504 1004 2543 addit:
1058 2508 1113 2544 Et
1147 2507 1241 2546 hene
1275 2509 1395 2547 rerba
1434 2512 1593 2550 Heleno

77 2549 142 2588 hie
160 2552 202 2590 in
221 2554 439 2594 Servianis:
473 2558 652 2606 Quidam
673 2573 806 2598 avun-
860 2571 955 2613 post
988 2565 1322 2605 Andromacham
1359 2583 1438 2605 non
1467 2570 1589 2618 (ledit,

77 2609 189 2647 culus
217 2611 423 2651 humililer
454 2616 496 2652 in
525 2615 680 2655 heroico
711 2633 805 2656 car-
863 2635 911 2658 ne
944 2622 1115 2672 frigeret
1130 2639 1145 2670 ;
1196 2627 1299 2663 sicia
1337 2627 1379 2663 in
1411 2626 1510 2664 libro
1551 2629 1598 2666 V

76 2669 180 2704 mine
203 2668 354 2708 (lictum
377 2674 596 2722 accipiant.
862 2681 1033 2717 Aeas-iae
1052 2678 1108 2735 (V.
1128 2680 1213 2735 41).

132 2723 388 2770 345—348.
421 2745 448 2768 a
478 2732 704 2781 moenibus,
739 2734 804 2772 via
919 2736 1003 2779 349
1026 2760 1083 2767 —
1105 2740 1200 2780 351.
1233 2741 1288 2779 Cf.
1317 2754 1402 2792 sup.
1438 2755 1476 2780 v.
1507 2745 1589 2784 302

75 2792 125 2817 ex
142 2781 252 2820 urbe.
284 2799 323 2822 se
344 2787 463 2838 affert
480 2802 518 2827 v.
538 2803 625 2841 sup.
643 2805 680 2829 v.
704 2794 800 2841 310,
861 2799 900 2831 et
918 2795 1021 2833 adde
1044 2797 1211 2836 Excurs.
1234 2799 1248 2837 I
1268 2799 1316 2836 de
1332 2800 1465 2837 Error.
1479 2799 1588 2849 Aen.‚

73 2838 142 2875 lnf-
168 2838 268 2888 VIII,
294 2841 390 2892 477,
414 2851 461 2882 ut
483 2847 596 2896 serre
625 2863 688 2897 se,
735 2851 800 2887 ιἠ-
860 2852 929 2890 ubi
980 2853 1029 2891 de
1085 2868 1246 2894 accessu
1305 2857 1356 2894 ad
1409 2858 1587 2909 Epirum.

59 2895 171 2944 seme
198 2911 262 2944 se,
296 2899 432 2950 efferre
460 2917 525 2951 se,
570 2905 709 2957 offerre
740 2923 795 2946 se.
859 2910 1019 2948 Troiam
1053 2912 1219 2952 alteram
1259 2915 1418 2953 adstare
1446 2922 1587 2967 putas-

72 2952 390 3007 προςφέρεσθαι,
412 2958 701 3014 προςοῖγεσθαι,
723 2979 797 3018 pro
858 2981 929 3006 ses,
992 2971 1186 3009 simulata
1235 2975 1398 3024 magnis
1418 3003 1428 3021 ‚
1487 2974 1585 3011 assi-
