1811 3388
399 200 805 249 AENEIDOS
844 202 984 249 LIB.
1024 205 1084 265 v,
1129 208 1421 258 124—139
1577 216 1676 263 745

165 324 510 389 Nudatosque
529 324 788 373 humeros
813 325 934 374 oleo
957 325 1170 392 perfusa
1197 331 1416 382 nitescit.
1583 340 1678 388 135

168 393 466 443 Considunt
484 394 744 454 transtris3
782 395 1093 461 intentaque
1114 398 1327 448 brachia
1348 402 1510 449 remis
1529 427 1541 462 3

164 463 362 511 Intenti
381 471 682 528 exspectant
701 465 935 528 signum,
975 467 1391 535 exsultantiaque
1414 470 1589 521 haurit

167 531 342 581 Corda
366 548 532 597 pavor
551 532 793 597 pulsans,
830 533 1162 602 laudumque
1188 539 1399 589 adr-ecta
1419 542 1631 606 cupido.

164 599 327 663 Inde,
362 601 455 651 ubi
478 601 614 652 clara
637 602 785 653 dedit
806 605 1040 655 sonitum
1068 608 1221 674 tuba,
1253 608 1450 659 finibus
1476 627 1681 676 omneS,

262 727 339 762 136.
366 729 433 764 137
467 729 621 763 Oss'endit
658 731 802 764 intenta
837 731 986 766 brachia
1019 736 1127 768 remis
1162 743 1197 769 et
1238 737 1356 770 statim
1382 740 1528 773 Intenti
1550 752 1682 786 exspe-

165 782 280 807 ctant.
332 776 422 818 (Nec
446 788 476 809 v.
504 778 569 810 118
596 780 786 823 Ingentem
811 780 944 825 ingens
969 787 1003 812 et
1039 782 1164 816 similia
1200 796 1219 816 a
1248 786 1437 817 Burmanno
1472 786 1541 819 huc
1564 788 1683 820 vocari

166 821 369 865 debebant.)
423 824 582 867 Utroque
609 832 727 857 tamen
753 827 899 869 propria
925 835 976 859 est
1005 839 1070 860 vox
1108 832 1230 872 (remis
1254 832 1391 864 intenti
1412 833 1532 866 Heius.
1557 833 1683 866 iunxe-

166 874 237 907 rat3
265 869 359 911 quod
384 875 501 901 tamen
526 869 594 914 ipsi
620 883 699 903 mox
734 872 946 916 displicuit);
983 881 1018 906 et
1042 885 1233 918 agnoscunt
1267 878 1455 911 lectionem
1479 879 1616 912 Servius
1643 892 1682 913 ac

166 913 361 947 Priscianus
399 928 475 948 cum
519 917 701 961 antiquiss.
733 919 837 952 codd.
872 920 999 952 Medic.
1037 923 1136 956 Rom.
1176 930 1211 955 et
1244 924 1367 968 fragm.
1393 926 1508 959 Vatic.
1557 928 1682 971 Itaque

167 967 273 1004 poeta
299 963 550 1006 proprietatem
576 964 746 997 orationis
782 977 883 1009 quam
917 967 1125 1010 elegantiam
1160 982 1300 1002 servare
1336 972 1498 1005 maluisse
1531 973 1682 1007 videtur.

165 1008 258 1040 Alias
283 1009 434 1049 iniecta,
459 1011 639 1052 immissa,
666 1023 705 1043 ac
731 1011 843 1044 simile
869 1013 950 1057 quid
977 1014 1094 1048 dicere
1118 1017 1301 1059 potuisset.
1352 1018 1421 1059 (Bis
1447 1019 1539 1053 idem
1565 1020 1683 1064 parti-

166 1054 294 1099 cipium
319 1056 434 1099 posuit
469 1063 594 1100 poeta,
631 1069 699 1101 quo
734 1059 856 1091 melius
894 1061 1147 1103 exprimeretur
1181 1075 1313 1096 summa
1347 1073 1525 1098 nautarum
1553 1079 1682 1111 exspe—

166 1101 273 1134 ctatio
299 1108 334 1133 et
358 1103 552 1146 remigandi
577 1104 768 1149 cupiditas3
803 1106 1048 1151 significatque
1082 1109 1162 1142 illos
1200 1122 1309 1154 aeque
1334 1119 1450 1144 mente
1484 1114 1682 1158 animoque,

166 1155 271 1192 atque
304 1160 452 1193 corpore
485 1150 619 1183 adesse.
669 1153 822 1184 Intenta
857 1152 1004 1185 brachia
1039 1157 1147 1188 remit,¹
1179 1164 1258 1188 sunt
1291 1158 1438 1192 brachia
1474 1160 1578 1193 remis
1614 1161 1681 1193 iam

167 1196 326 1235 admota,
371 1207 489 1228 morae
525 1196 765 1241 impatientia,
808 1206 844 1231 et
891 1200 1009 1233 audito
1044 1201 1145 1245 signo
1179 1203 1295 1236 statim
1332 1217 1445 1238 remos
1480 1207 1682 1251 impulsura,

166 1241 456 1285 quemadmodum
490 1243 565 1287 ipse
599 1245 754 1289 Heynius
790 1245 825 1277 in
858 1247 944 1278 Not.
980 1248 1141 1292 explicat.
1209 1250 1455 1285 Efficacissima
1491 1261 1543 1286 est
1567 1261 1680 1287 autem

168 1288 337 1320 eiusmodi
362 1288 526 1333 repetitio
550 1291 593 1323 ad
610 1291 677 1323 vim
696 1291 867 1325 orationis
886 1293 1154 1335 intendendam3
1180 1296 1242 1329 css.
1263 1298 1461 1332 Weiehert.
1481 1303 1534 1332 JJe
1559 1303 1682 1334 l'erss.

166 1336 277 1367 iniur.
305 1347 404 1379 susp.
430 1348 464 1380 p.
490 1337 548 1371 98.
580 1345 653 1370 not.
684 1338 780 1382 Wr.)
878 1340 945 1374 136
971 1343 1184 1375 consistunt
1202 1344 1326 1377 Hamb.
1353 1357 1421 1379 sec.
1457 1346 1500 1378 cf.
1523 1359 1598 1392 sup.
1622 1348 1680 1388 ΙΙΙ,

166 1382 247 1416 Ξ89.
297 1382 512 1427 nudataque
540 1382 689 1417 brachia
722 1384 856 1429 aliquot
891 1386 994 1428 Pier.‚
1036 1389 1130 1432 quod
1167 1401 1287 1432 parum
1320 1391 1414 1424 iuvat
1470 1395 1683 1438 incestaque

169 1434 203 1460 et
229 1440 248 1460 a
273 1440 316 1460 m.
343 1440 411 1461 see.
437 1438 584 1463 extenta
620 1431 655 1462 in
690 1432 789 1465 Leid.
815 1444 882 1464 uno
909 1441 995 1466 erat.
1045 1435 1202 1479 (Bothius
1224 1436 1412 1479 legendum
1435 1447 1535 1483 putat
1558 1442 1681 1473 intor—

168 1483 289 1519 taqtte.
321 1476 416 1518 Il'r.)
466 1477 688 1509 Ileumannus
723 1478 804 1510 olim
838 1480 1053 1525 intentaque
1079 1481 1108 1514 b.
1145 1485 1252 1515 remis
1276 1484 1385 1517 recidi
1411 1486 1578 1526 malebat3
1621 1488 1683 1519 sed

168 1520 306 1553 hiantes
332 1533 452 1553 versus
478 1523 535 1555 vix
562 1532 749 1557 occurrunt
783 1525 818 1557 in
843 1527 955 1559 media
981 1528 1239 1571 propositione.
1338 1532 1403 1566 137
1428 1535 1576 1565 Auenti
1597 1535 1681 1567 Exc.

167 1569 282 1600 Burm.
311 1580 329 1600 a
355 1567 566 1611 glossatore.
614 1580 823 1616 exspectent
847 1573 985 1617 Meurig.
1020 1574 1130 1608 alter:
1166 1576 1307 1609 alterum
1334 1577 1592 1612 hemistichium
1618 1592 1682 1613 oc-

168 1614 273 1647 currit
298 1615 361 1647 Ge.
388 1616 445 1656 111,
473 1617 550 1650 105.
578 1619 654 1651 106.
753 1619 819 1653 138
854 1629 976 1652 erecta
999 1621 1149 1664 Hagen„
1184 1629 1219 1654 et
1245 1623 1345 1655 multi
1380 1635 1550 1671 arrepta,
1578 1627 1682 1660 solita

167 1660 369 1694 variatione.
417 1662 610 1695 Admodum
635 1664 821 1708 probabile
846 1665 906 1707 fit,
931 1679 1050 1699 versus
1077 1669 1155 1702 137.
1180 1670 1245 1703 138
1271 1672 1424 1703 Intenti.
1461 1674 1590 1706 Corda.
1624 1680 1684 1707 aut

168 1719 243 1740 esse
268 1708 310 1739 ab
337 1707 404 1740 alia
430 1721 530 1741 manu
555 1709 728 1752 insertos,
758 1712 926 1744 confictos
954 1726 994 1745 ex
1019 1726 1088 1747 vss.
1115 1715 1200 1748 alibi
1226 1717 1514 1760 occurrentibus,
1552 1727 1612 1752 aut
1639 1721 1682 1753 ab

166 1754 244 1797 ipso
270 1752 493 1797 poeta‘inter
519 1757 757 1801 experimenta
780 1758 909 1802 ingenii
934 1761 1118 1805 apposita,
1156 1769 1193 1794 ut
1219 1775 1297 1794 mox
1323 1764 1456 1808 reliqua
1482 1778 1683 1799 accommo-

167 1801 280 1833 daret.
329 1803 396 1833 Iac.
434 1803 573 1846 Bryant.
608 1804 793 1837 delendum
829 1807 994 1839 censebat
1026 1820 1162 1841 versum
1198 1811 1265 1844 136
1299 1812 1512 1845 Considunt.
1562 1814 1683 1856 (Nulla

168 1855 220 1880 est
252 1848 447 1891 probabilis
482 1861 604 1890 eausa,
649 1863 756 1895 quare
797 1852 863 1884 hos
906 1865 973 1886 vss.
1007 1855 1174 1888 rescissos
1209 1856 1385 1897 malimu83
1422 1867 1585 1904 recteque
1622 1873 1683 1893 eos

166 1900 311 1926 tuentur
347 1895 545 1929 Weichert.
580 1900 634 1929 De
673 1900 797 1931 l'erss.
836 1900 948 1933 iniar.
984 1913 1084 1948 susp.
1127 1914 1164 1946 p.
1200 1904 1255 1937 66.
1292 1905 1348 1938 98.
1384 1912 1418 1938 et
1451 1906 1547 1939 Iahn.
1586 1908 1681 1952 Wr.)

170 1942 235 1976 139
269 1941 373 1974 Unde
397 1953 450 1986 pr.
475 1943 602 1976 Moret.

168 2058 270 2096 quae
309 2046 495 2096 equidem
526 2055 728 2099 praestare
761 2050 897 2089 nolim.
960 2052 1090 2101 Quom
1107 2054 1203 2091 clare
1221 2057 1426 2105 coepisset.
1481 2061 1681 2100 137.138.

172 2105 265 2145 135.
298 2104 407 2141 Utin
428 2106 712 2144 certaminibus
737 2109 896 2158 gymni-
954 2123 993 2147 v.
1032 2124 1118 2162 sup.
1153 2113 1293 2162 Georg.
1332 2114 1409 2163 Ill,
1455 2116 1546 2156 105.
1589 2120 1679 2157 106.

170 2160 246 2208 cis,
281 2160 334 2197 ita
365 2175 473 2199 nunc
503 2163 554 2199 ad
584 2177 771 2215 magnum
804 2179 898 2202 cor-

169 2231 315 2268 porum
351 2218 480 2256 nisum
512 2221 624 2257 uncti
665 2228 760 2258 sunt
799 2223 897 2260 oleo.

173 2277 266 2315 136.
297 2278 446 2313 intenta
465 2276 629 2314 brat-lna
651 2285 745 2316 sunt
765 2282 895 2328 remis,

962 2166 1096 2215 Quum
1137 2183 1227 2219 spes
1261 2171 1444 2208 adrectae
1474 2173 1678 2221 iuvenum,

956 2227 1278 2278 exsultantiaque
1302 2227 1438 2265 haurit
1454 2230 1583 2267 Corda
1596 2245 1682 2280 pa-

1312 2285 1501 2323 Ornatius
1536 2289 1683 2326 extulit

168 2331 209 2370 h.
231 2345 262 2370 e.
284 2333 354 2384 ipsi
378 2333 615 2383 intendunt,
646 2337 799 2373 intenta
820 2336 896 2374 lia-

170 2390 287 2439 bent,
320 2391 430 2441 quasi
456 2392 495 2428 in
529 2393 700 2430 statione
728 2408 896 2432 manen—

169 2455 241 2495 tes,
270 2453 316 2485 ut
335 2448 445 2499 signo
468 2449 561 2486 dato
585 2452 717 2489 statim
738 2455 895 2490 incum-

170 2506 269 2542 bant
296 2506 426 2543 remis.
486 2507 642 2558 Ingrata
667 2515 800 2547 tamen
829 2523 891 2547 re-

170 2563 311 2614 petitio
350 2563 525 2601 eiusdem
559 2566 686 2604 vocis:
726 2569 891 2604 intenta.

172 2623 320 2660 intenti.
381 2622 458 2658 Sed
490 2623 536 2660 cs.
568 2623 613 2663 V.
639 2625 680 2661 L.
715 2622 799 2676 (ubi
821 2626 897 2663 mi-

172 2678 276 2714 nime
297 2678 491 2728 ingratam
521 2693 602 2718 esse
622 2681 727 2719 hanc
748 2683 896 2734 repeti—

172 2735 319 2772 tionem
354 2736 490 2775 disces.
516 2737 633 2791 lVr.)
693 2741 809 2777 Ennii
833 2741 896 2778 lo-

172 2806 260 2829 cuni
285 2806 333 2828 cx
353 2793 479 2831 Nonio
502 2795 689 2834 Marcello
710 2797 897 2837 laudant:

172 2859 307 2886 tonsas
338 2860 429 2886 ante
466 2857 650 2890 tenenleis
683 2857 893 2903 J’arervnt,

172 2915 454 2957 exspectarent,
470 2913 693 2959 portisetlla
706 2913 714 2927 ³
735 2915 897 2962 signum

954 2297 1026 2317 vor
1053 2284 1238 2332 pulsans.

954 2338 1186 2378 Homerica:
1237 2339 1414 2383 πάτασσε
1457 2343 1499 2383 δὲ
1549 2343 1683 2396 θυμὸς

955 2393 1127 2436 ἑκάστου
1165 2399 1297 2449 Νίκης
1331 2400 1512 2451 ἱεμένων.
1575 2403 1682 2440 Lon-

953 2453 1040 2503 gius
1054 2455 1224 2505 petitum
1237 2463 1296 2494 est
1309 2454 1492 2510 ὀρεχθεῖν
1504 2460 1544 2497 in
1557 2459 1683 2512 Apol-

954 2511 1033 2549 lon.
1055 2513 1099 2560 11,
1131 2513 1199 2554 49.

1017 2572 1109 2610 139.
1125 2570 1177 2607 Ut
1194 2576 1269 2608 iam
1285 2587 1303 2608 a
1319 2574 1512 2625 principio
1526 2589 1682 2613 omnem

955 2628 1158 2665 fortunam
1181 2630 1406 2668 certaniinis
1430 2638 1575 2680 teneas,
1606 2647 1681 2671 va-

956 2684 1096 2722 riatam
1127 2686 1233 2724 illam
1258 2689 1410 2726 casibus
1448 2696 1487 2727 et
1516 2698 1682 2729 eventu:

956 2743 1130 2793 primuni
1168 2745 1216 2781 ab
1256 2746 1369 2783 initio
1402 2748 1534 2785 locuni
1574 2755 1683 2785 tenet

960 2802 1073 2851 Gyas
1106 2803 1265 2851 eiusque
1295 2804 1408 2841 navis
1436 2806 1679 2851 Clzimaera5

957 2858 1126 2896 alterum
1162 2861 1297 2909 Sqitta
1335 2862 1545 2909 Cleanthi,
1598 2869 1681 2899 tuin

957 2917 1098 2953 Prii-[ts
1120 2918 1337 2967 Mnesthei,
1373 2920 1558 2956 ultimum
1581 2921 1683 2956 Cen-
