1827 3436
363 211 781 266 AENEIDOS
823 212 963 260 LIB.
1011 212 1076 274 11,
1115 214 1407 262 740—761
1553 221 1655 266 371

140 346 260 409 Ipse
285 341 477 391 urbem
500 347 717 405 repet0‚
763 347 815 388 et
843 338 1027 402 cingor
1048 335 1386 402 fulgentibus
1407 339 1581 390 armis,

145 416 257 462 Stat
277 427 423 459 casus
444 425 706 459 renovare
736 409 936 471 omnis,
968 424 1302 474 omnemque
1325 408 1521 457 reverti
1557 412 1662 461 750

141 487 244 532 Per
268 481 506 541 Troiam,
555 487 606 528 et
626 495 807 528 rursus
831 487 986 544 caput
1009 477 1278 527 obiectare
1309 477 1534 544 periclis,

139 551 406 615 Principio
429 565 615 598 muros
641 549 976 615 obscuraque
996 547 1180 597 limina
1202 557 1407 614 portae,

144 624 257 682 Qua
290 635 530 683 gressum
567 618 882 681 extuleram,
921 627 1112 683 repeto
1127 658 1139 677 ,
1181 627 1233 666 et
1262 618 1476 682 vestigia
1513 625 1661 667 retro

144 690 435 740 Observata
460 705 660 755 sequor
683 706 782 755 per
808 697 1027 737 noctem
1052 697 1104 736 et
1127 687 1334 737 lumine
1361 687 1544 739 lustro,

141 763 349 809 Horror
359 758 561 824 ubique
577 759 798 821 animOS,
814 758 972 807 simul
984 759 1092 824 ipsa
1106 757 1310 807 silentia
1324 767 1540 820 terrent.
1560 760 1662 810 755

141 828 277 879 Inde
304 828 556 890 domum,
594 829 635 877 si
658 827 800 877 forte
823 828 1054 894 pedem,
1094 828 1135 876 si
1169 827 1336 890 sorte,
1373 828 1592 889 tulisset,

143 903 232 948 Me
260 897 454 949 refero.
528 901 811 948 Inruerant
834 899 1024 960 Danai,
1064 907 1116 946 et
1149 907 1353 948 tectum
1389 915 1553 948 omne
1584 906 1664 947 te-

917 968 1144 1018 -nebant

143 1036 295 1086 Ilicet
316 1037 447 1100 ignis
472 1037 602 1086 edax
622 1054 833 1087 summa
858 1037 925 1087 ad
946 1036 1146 1101 fastigia
1164 1045 1327 1086 vento

145 1106 416 1167 Volvi1ur3
440 1117 755 1173 exsuperant
774 1107 1051 1167 flammae3
1075 1106 1204 1156 furit
1223 1115 1396 1156 aestus
1417 1106 1482 1156 ad
1504 1123 1664 1157 auras,

146 1176 392 1225 Procedo
409 1215 421 1239 ,
453 1173 508 1225 et¹
523 1178 718 1226 Priami
739 1178 894 1227 sedes
919 1194 1207 1243 arcemque
1232 1178 1421 1228 reviso.
1561 1182 1666 1230 760

146 1249 214 1296 Et
238 1247 341 1294 iam
362 1247 657 1312 porticibus
679 1249 853 1298 vacuis
874 1248 1095 1297 Iunonis
1119 1246 1258 1310 asylo

218 1345 334 1391 756.
371 1354 546 1388 FORTE
588 1356 702 1391 TUL.

245 1471 314 1503 750
342 1481 515 1502 revocare
536 1470 624 1502 Ven.
649 1478 684 1503 et
705 1471 795 1503 alter
813 1471 953 1513 Menag.
984 1478 1020 1504 et
1049 1470 1157 1504 Goth.
1188 1475 1270 1502 tert.
1301 1480 1377 1501 cum
1405 1468 1540 1513 aliquot
1564 1468 1668 1507 Pier„

150 1515 262 1548 minus
285 1516 386 1548 bene.
436 1528 635 1549 renovasse
652 1517 712 1550 alii
731 1517 867 1561 aliquot
884 1518 976 1550 Pier.
1025 1531 1055 1551 r.
1077 1528 1176 1551 meos
1203 1515 1338 1550 zulich.
1388 1529 1418 1549 r.
1449 1515 1550 1549 urbis
1573 1517 1668 1550 Dor-

151 1562 225 1595 vill.
256 1564 392 1606 (omnes
413 1562 535 1594 Medic.
565 1564 660 1608 IVr.)
757 1566 827 1599 752
850 1564 962 1596 cerda
997 1564 1089 1597 coni.
1125 1563 1355 1607 obsessaque.
1376 1563 1447 1596 vid.
1466 1569 1540 1596 not.
1573 1564 1669 1596 Dee—

152 1617 207 1641 rat
231 1621 351 1641 versus
382 1611 507 1642 Moret.
538 1621 606 1643 sec.
701 1611 769 1646 755
805 1612 926 1644 animo
954 1618 1090 1656 septem
1116 1610 1237 1643 Heius.
1271 1611 1354 1643 Exc.
1384 1612 1499 1642 Burm.
1531 1617 1568 1642 et
1599 1612 1669 1643 duo

153 1655 274 1696 Goth„
299 1656 495 1699 intercepta
514 1668 532 1688 s
553 1669 572 1689 a
590 1659 768 1701 sequentis
787 1658 881 1690 vocis
905 1658 1006 1690 initio
1019 1685 1026 1699 ‚
1050 1665 1089 1690 ut
1108 1664 1144 1691 et
1160 1658 1196 1689 in
1215 1656 1344 1689 Medic.
1363 1657 1503 1690 factum.
1530 1657 1578 1701 (in
1600 1669 1669 1702 quo

151 1703 296 1735 iunctim
334 1703 503 1735 scribitur
535 1705 788 1745 animosimul5
832 1704 903 1737 vid.
937 1706 1000 1738 Ge.
1031 1707 1073 1748 ΙΙ,
1101 1705 1181 1740 203.
1222 1702 1315 1746 IVr.)
1365 1705 1525 1738 animum
1552 1704 1670 1738 schol.

152 1752 242 1783 Stat.
266 1749 382 1782 Theb.
406 1750 432 1790 Ι,
450 1749 531 1784 494.
581 1759 669 1784 tunc
687 1754 768 1799 ipsa
797 1764 824 1784 S.
855 1752 1004 1784 Dorvill.
1053 1764 1153 1785 nunc
1181 1751 1274 1783 idern
1300 1750 1418 1784 Schol.
1441 1751 1502 1783 lib.
1534 1753 1560 1793 Ι,
1589 1753 1670 1787 368.

155 1797 317 1840 (-756.
344 1796 490 1829 alterum
509 1797 656 1843 sc'sorte
674 1799 854 1831 commatis
878 1798 1126 1832 includendam
1156 1805 1252 1838 erat3
1286 1804 1342 1830 est
1373 1797 1463 1830 enim
1500 1799 1672 1832 Graecum

155 1840 322 1886 εἰτύχοι·
348 1843 418 1876 vid.
436 1845 560 1877 Muret.
582 1846 664 1878 Var.
683 1847 779 1879 Lect.
799 1847 897 1887 XVI,
920 1848 953 1881 9.
975 1853 1009 1879 et
1030 1845 1212 1878 Heinrich.
1236 1845 1281 1878 ad
1299 1844 1369 1878 Cic.
1400 1845 1444 1877 de
1474 1846 1564 1889 Rep.
1590 1857 1671 1889 pag.

158 1891 236 1924 192.
285 1891 337 1922 De
358 1890 390 1922 vi
412 1896 447 1922 et
467 1902 529 1922 usu
550 1891 678 1935 prioris
695 1894 727 1926 si
744 1893 813 1925 vid.
834 1895 916 1926 Not.
935 1894 979 1926 ad
1001 1896 1086 1926 Aen.
1109 1894 1135 1934 Ι,
1159 1893 1224 1926 181.
1246 1899 1281 1925 et
1303 1893 1347 1925 V.
1373 1892 1416 1925 L.
1441 1892 1486 1925 ad
1510 1892 1621 1925 eiusd.
1648 1892 1672 1925 l.

153 1948 203 1969 vs.
224 1937 302 1972 577.
332 1937 429 1981 ΠΤ.)
526 1939 594 1973 757
620 1942 770 1972 Irruere
790 1940 879 1973 Gud.
897 1952 916 1973 a
937 1952 981 1972 m.
1008 1952 1063 1983 pr.
1112 1942 1216 1972 intus
1246 1947 1356 1971 erant
1382 1943 1426 1972 D.
1456 1952 1509 1984 pr.
1536 1939 1674 1981 Hamb„

156 1983 272 2016 eidem
288 1984 387 2016 abest
407 1992 451 2017 et.
504 1998 605 2018 omne
626 1985 817 2032 replebant
838 1988 974 2031 Menag.
997 1999 1051 2032 pr.
1147 1986 1216 2021 753
1242 1986 1364 2018 Illc'cet
1392 1986 1553 2031 plerique
1582 1986 1673 2019 scri—

155 2030 252 2062 bunt.
294 2030 459 2077 fastigia
481 2033 568 2064 tecti
587 2033 704 2066 Schol.
723 2034 849 2078 Cruqu.
870 2036 994 2066 Horat.
1010 2034 1075 2067 lib.
1096 2034 1128 2066 11
1147 2033 1211 2066 Od.
1231 2033 1265 2075 4,
1288 2039 1325 2064 et
1344 2033 1473 2066 Medic.
1503 2046 1522 2066 a
1549 2045 1594 2066 m.
1619 2045 1672 2077 pr.

157 2080 227 2120 (est
245 2089 286 2110 ea
305 2077 403 2121 prior
423 2078 574 2111 Medicei
595 2079 702 2112 lectio
716 2107 724 2122 ‚
751 2093 768 2112 e
791 2093 841 2113 VS.
859 2082 940 2116 302.
962 2080 1111 2114 invecta.
1141 2080 1239 2122 IVr.)
1336 2080 1405 2115 759
1432 2089 1468 2113 et
1494 2088 1675 2125 superant

157 2124 265 2156 Goth.
285 2136 353 2157 sec.
448 2126 517 2159 760
543 2127 708 2160 Procedo
728 2135 763 2159 et
783 2129 824 2159 P.
847 2128 966 2160 Heius.
995 2139 1070 2160 cum
1096 2125 1371 2167 vetustioribus,
1404 2127 1508 2159 etiam
1538 2126 1675 2159 Pieria-

156 2169 229 2209 nis,
256 2177 291 2202 et
308 2171 473 2210 Donat03
495 2179 531 2204 ut
550 2172 611 2205 inf.
636 2174 695 2214 ΠΙ,
723 2173 792 2208 349
823 2181 857 2206 et
889 2187 966 2218 sup·
998 2176 1078 2209 632.
1127 2174 1244 2216 Vulgo
1271 2174 1436 2206 Procedo
1468 2174 1518 2206 ad
1547 2175 1590 2206 P.
1619 2172 1675 2205 vel

159 2219 338 2250 Protinus
354 2218 402 2249 ad
426 2220 468 2250 P.
488 2219 531 2251 cf.
552 2220 666 2252 Burm.
710 2222 894 2266 praecedo
921 2222 1047 2253 Moret.
1077 2232 1131 2265 pr.
1180 2221 1372 2264 sedemque
1399 2232 1588 2265 arcemque
1619 2220 1673 2252 ed.

158 2263 248 2297 Ven-
345 2265 410 2298 761
438 2268 488 2298 Ac
505 2267 575 2297 iam
595 2267 701 2299 Goth.
723 2279 811 2307 sec.;
846 2268 913 2301 hoc
935 2268 1136 2307 desideres,
1173 2266 1228 2299 vel
1255 2268 1326 2299 Hic
1353 2268 1436 2299 iam.
1474 2268 1587 2310 (recte
1613 2269 1674 2308 Et,

159 2309 229 2342 vid.
251 2311 293 2351 Q.
311 2311 355 2343 V.
374 2311 533 2354 XXXV,
554 2313 588 2353 7,
610 2325 640 2346 a.
672 2315 766 2356 Wr.)

217 2414 301 2457 749
320 2438 376 2444 —
395 2416 490 2459 755.
540 2420 633 2469 Ipse
666 2419 799 2457 urbem
826 2435 887 2457 re-

157 2481 250 2523 peto
288 2495 327 2502 —-
348 2475 554 2525 Principio
583 2492 716 2515 muros
745 2486 887 2528 repeto.

161 2530 285 2577 Quod
324 2531 365 2568 in
408 2533 542 2571 verbis
580 2536 782 2587 ingratum
817 2541 888 2584 est,

162 2594 391 2627 mutaturus
416 2597 500 2628 erat
521 2592 646 2631 Maro.
708 2593 890 2631 Declarat

948 2420 1006 2457 los
1031 2420 1190 2458 fzsslensz
1233 2420 1289 2457 sic
1316 2433 1402 2472 sup.
1426 2433 1463 2458 V.
1495 2420 1579 2463 725
1603 2434 1679 2471 per

948 2492 1080 2528 opaca
1118 2478 1308 2516 locorum.
1392 2477 1487 2520 754.
1527 2478 1678 2515 lamine

947 2536 1084 2584 lamro,
1106 2535 1234 2588 simpl.
1252 2535 1542 2587 circumspicio.
1581 2534 1677 2578 755.

947 2592 1097 2631 horror
1120 2594 1251 2632 noctis
1280 2599 1320 2631 et
1348 2593 1552 2632 silentium
1582 2593 1677 2631 ubi-

164 2652 297 2683 autem
314 2648 425 2698 prius
453 2648 556 2688 illud
587 2651 795 2689 consilium
821 2664 889 2702 ge-

166 2704 365 2753 neratim3
406 2709 673 2747 constitutum
714 2709 748 2747 ei
804 2715 890 2746 erat

165 2760 305 2798 urbem
324 2770 515 2813 repetere.
565 2768 660 2808 750.
693 2767 795 2815 San,
816 2767 889 2804 de-

167 2824 320 2855 cretum
350 2827 408 2858 est
435 2824 542 2874 apud
568 2838 647 2873 me,
690 2830 736 2862 ut
765 2837 891 2876 saepe.

169 2875 263 2915 752.
324 2876 486 2917 obscura
537 2884 679 2919 limina
731 2891 890 2932 ponae,

169 2937 282 2980 porta
307 2946 377 2983 per
397 2944 553 2976 noctem
569 2940 778 2977 obscuram
795 2952 893 2977 ocu-

948 2664 1024 2702 que
1040 2658 1167 2689 terret
1179 2664 1252 2689 me.
1304 2649 1492 2704 (—756.
1524 2651 1678 2702 sisorle

940 2710 1088 2760 pedem
1102 2740 1112 2757 ‚
1156 2712 1193 2746 si
1213 2709 1345 2759 sorte,
1379 2710 1560 2747 lali-sset:
1595 2708 1678 2747 vid.

949 2767 994 2805 V.
1017 2768 1058 2805 L.
1084 2767 1135 2804 ad
1156 2766 1196 2804 h.
1215 2780 1272 2804 VS.
1309 2766 1428 2819 IVr.)

1007 2828 1085 2867 761
1103 2827 1265 2866 -766.
1285 2824 1319 2862 A
1332 2824 1451 2861 domo
1465 2837 1548 2873 sua,
1561 2836 1680 2874 quam

952 2883 1167 2934 expilatam
1215 2888 1252 2919 et
1291 2882 1493 2919 incensam
1539 2881 1680 2918 ardere

953 2940 1086 2990 videt,
1120 2940 1170 2977 ad
1192 2953 1323 2977 arcem
1355 2946 1394 2977 et
1416 2939 1563 2990 regiam
1587 2944 1679 2975 ten-

1277 3010 1394 3053 2⁴*
