1779 3420
114 248 216 296 328

116 369 267 420 Ilicet
287 366 570 415 obruimur
591 376 836 411 numero.

117 437 339 490 Penelei
360 435 540 485 dextra
565 433 716 482 divae
737 426 1107 492 armipotentis
1133 425 1199 474 ad
1221 442 1366 474 aram

444 241 500 287 P.
550 234 911 288 VIRGILII
959 228 1332 278 MARONIS

910 356 1232 421 Primusque
1256 353 1539 405 Coroebus

1538 430 1641 479 425

118 506 460 566 Procumbit3
501 504 639 553 cadit
662 510 713 551 et
733 499 1001 563 Rhipeus,
1042 496 1356 544 iustissimus
1377 512 1518 545 unus

121 580 225 642 Qui
246 577 348 627 fuit
374 577 428 625 in
452 573 671 624 Teucris
694 580 746 620 et
771 566 1193 618 servantissimus
1217 566 1402 632 aequi:

118 651 209 700 Dis
232 648 382 697 aliter
401 646 599 704 visum3
637 647 868 708 pereunt
887 636 1231 703 Hypanisque
1250 639 1571 702 Dymasque,

123 717 335 771 Confixi
357 734 383 766 a
405 715 581 773 sociis3
619 728 718 761 nee
740 719 792 759 te
815 718 903 757 tua
922 707 1179 773 plurima,
1216 705 1446 769 Panthu,

121 790 418 840 Labentem
442 785 634 851 pietas,
673 797 774 830 nee
796 777 1055 845 Apollinis
1072 775 1240 825 infula
1264 776 1400 827 texit.

1544 782 1645 830 430

122 860 264 910 Iliaci
291 858 520 917 cinereS,
562 861 614 902 et
631 850 850 900 flamma
874 857 1107 899 extrema
1131 863 1402 909 meorum,

125 934 343 991 Testor,
382 927 435 975 in
470 939 660 974 occasu
680 930 858 971 vestro
884 936 985 969 nec
1012 918 1117 968 tela
1141 934 1243 967 nee
1263 917 1395 967 ullas

217 1058 287 1094 424
313 1057 394 1090 Illic
419 1055 474 1089 ed.
494 1055 584 1088 Ven.
612 1053 725 1086 illicet
753 1052 828 1084 fere
857 1050 893 1082 in
921 1049 1022 1082 libris
1052 1049 1239 1094 scriptum3
1275 1048 1338 1080 sed
1367 1059 1398 1080 v.
1429 1044 1520 1080 Pier.
1552 1044 1650 1078 illico

124 1106 233 1141 Goth.
266 1105 326 1138 alt.
375 1104 552 1137 irruimur
580 1101 743 1134 Parthas.

840 1096 909 1133 425
946 1097 1106 1130 Peneleo
1140 1094 1290 1128 Dorvill.
1331 1107 1350 1128 a
1379 1107 1424 1126 m.
1458 1106 1526 1126 see.
1556 1092 1650 1124 Vide

125 1166 200 1198 sup.
229 1154 311 1188 392.
359 1152 398 1183 Iu
428 1151 583 1183 Homero
621 1155 675 1180 est
706 1142 928 1191 Πηνέλεως,
968 1144 1030 1177 sed
1058 1151 1094 1175 et
1128 1141 1317 1187 Πηνέλεος
1340 1140 1504 1174 occurrit.
1553 1139 1650 1172 Rhi-

122 1213 235 1247 peus,
257 1195 433 1240 ξΡιπξὺς,
459 1208 529 1229 non
548 1196 735 1241 Riplieas,
770 1196 822 1237 (ut
843 1200 897 1225 est
920 1192 956 1224 in
977 1191 1107 1224 Medic.
1139 1191 1233 1234 Wr.)
1269 1189 1416 1221 vidimus
1444 1188 1526 1222 339.
1577 1188 1652 1218 Pe-

126 1249 222 1281 [enei
240 1250 358 1292 Sprot.

124 1297 196 1328 Sat.
217 1295 251 1335 3,
276 1306 351 1327 eum
370 1291 519 1324 Dorvill.
539 1303 558 1323 a
576 1303 620 1322 m.
641 1301 711 1322 see.

454 1244 524 1279 426
544 1241 744 1290 procubuit
762 1240 871 1274 Caris.
894 1239 990 1272 lib.1
1018 1240 1102 1271 lust.
1134 1240 1323 1271 Grammat.
1353 1242 1388 1268 et
1413 1234 1570 1268 Macrob.
1603 1234 1652 1268 IV

805 1287 875 1322 428
911 1288 1026 1319 visum
1058 1294 1112 1318 est
1140 1285 1276 1329 aliquot
1317 1285 1451 1322 Burni„
1487 1294 1590 1326 quem
1619 1293 1652 1313 v.

125 1342 169 1375 ad
192 1342 319 1374 Lucan.
341 1341 383 1381 ΙΙ,
401 1341 435 1376 5.
480 1340 537 1383 (Q.
566 1338 610 1371 V.
637 1337 720 1378 XV,
751 1337 784 1370 9.
826 1334 921 1377 Wr.)

1016 1331 1086 1368 429
1123 1331 1293 1378 Confessi
1321 1330 1465 1363 Vratisl.
1501 1342 1523 1362 α
1554 1328 1654 1360 deest

126 1389 319 1427 Montalb„
343 1386 457 1431 quiet
477 1398 496 1418 a
517 1397 561 1417 m.
582 1396 652 1417 see.
679 1383 823 1427 confisi.
853 1380 898 1414 ab
921 1382 1029 1414 sociis
1050 1381 1128 1413 Exc.
1159 1381 1273 1412 Burm.
1308 1377 1390 1422 (vid.
1420 1379 1462 1418 Q.
1493 1378 1537 1411 V.
1565 1377 1590 1417 I,
1622 1376 1653 1409 1.

134 1437 230 1480 ll'r.)

282 1435 455 1468 Pantheu
478 1431 589 1467 Wall.
612 1432 763 1464 Plutum
785 1429 893 1462 Goth.
913 1428 974 1461 alt.
1009 1440 1041 1460 v.
1072 1439 1148 1472 sup.
1177 1426 1258 1463 319.

128 1484 218 1516 Gud.
244 1496 272 1516 c.
294 1481 387 1514 binis
409 1480 498 1513 aliis.
525 1479 610 1523 (vid.
641 1481 684 1519 Q.
718 1479 762 1511 V.
795 1477 954 1516 XXXII,
982 1476 1014 1510 8.
1057 1475 1153 1517 lVr.)

1355 1425 1425 1460 430
1463 1436 1580 1468 neque
1608 1425 1654 1456 A.

1250 1472 1321 1508 432
1353 1480 1483 1506 nostro
1510 1469 1655 1505 Vratisl.

128 1532 167 1564 in
190 1531 259 1564 lzoc
281 1541 370 1563 casu
390 1536 519 1561 nostro
539 1526 665 1568 Goth.,
692 1536 763 1558 non
783 1522 918 1556 infelici
936 1522 1049 1566 lapsu.

129 1651 222 1676 rum
240 1642 280 1674 et
306 1635 463 1683 Latini,
495 1633 737 1672 discriminis
769 1631 867 1669 bar-

129 1696 323 1733 barorum
354 1700 394 1732 et
425 1694 672 1731 Graecorum
710 1703 867 1727 memo-

130 1766 214 1802 reS,
235 1758 375 1790 notare
392 1765 474 1790 non
493 1751 769 1802 neglexerunt.
817 1748 870 1785 Et

133 1824 267 1859 errare
294 1810 511 1858 videntur,
551 1809 583 1845 si
614 1808 682 1858 qui
715 1806 869 1844 Home-

132 1883 225 1908 rum
236 1869 503 1907 barbarorum
518 1867 693 1917 linguam
707 1879 726 1902 a
743 1865 870 1902 Grae-

135 1941 275 1966 corum
294 1927 429 1978 lingua
459 1925 592 1976 verbis
622 1924 665 1961 Il.
699 1925 735 1976 β,
769 1924 866 1963 867.

138 1987 289 2038 Καρῶν
339 1979 677 2037 βαρβαροφώνων
725 1980 872 2018 distin--

136 2044 241 2082 xisse
281 2043 355 2080 sibi
403 2045 700 2094 persuaserunt.
770 2038 872 2076 Nam

137 2102 340 2139 adiectum
379 2095 718 2154 βαρβαροφώνων
769 2095 872 2134 illud

137 2174 221 2198 non
246 2159 368 2210 magis
397 2159 564 2211 probat,
607 2170 727 2207 quam
759 2155 873 2192 loeus

139 2218 216 2257 Od.
227 2223 271 2267 θ,
290 2218 385 2260 294.
398 2218 563 2263 Σίντιας
577 2209 874 2268 οἷγρωφώνους.

139 2276 229 2315 Vid.
251 2276 370 2313 etiam
392 2276 522 2327 Heyn.
544 2273 658 2313 Obss.
680 2273 724 2310 T.
747 2271 811 2309 IV.
834 2285 873 2323 p.

141 2333 236 2375 434.
260 2333 354 2375 435.
392 2332 541 2386 ΙΙῖή.)

200 2391 283 2433 424
303 2414 359 2419 -
380 2392 475 2433 430.
526 2392 666 2429 Dirae
722 2404 764 2426 (ι.
818 2387 877 2425 ad

143 2464 283 2497 aram,
318 2455 505 2486 nontam
534 2449 577 2485 in
606 2448 694 2499 ipso
721 2446 873 2496 templo

144 2508 349 2545 Minervae
375 2521 459 2558 sup.
489 2509 598 2555 405,
631 2520 650 2543 e
679 2519 758 2556 quo
780 2505 875 2541 abs-

145 2571 273 2603 tracta
315 2565 378 2602 illa
420 2571 527 2613 erat,
581 2578 701 2614 quain
741 2563 876 2615 potius

148 2630 239 2661 ante
263 2622 455 2673 templum
477 2623 516 2659 in
549 2619 716 2675 προνάῳ
750 2621 814 2659 vel
834 2621 876 2657 in

148 2677 373 2735 περιβόλῳ,
405 2687 449 2718 ut
484 2686 523 2716 et
552 2692 783 2730 expressum
810 2678 877 2716 vi—

150 2740 218 2778 des
259 2739 300 2776 in
338 2739 435 2776 Tab.
477 2738 592 2775 iliaca
635 2752 672 2775 n.
706 2736 797 2778 104.
831 2736 878 2774 es.

151 2799 315 2835 Exeurs
345 2796 398 2834 X.
458 2796 649 2833 I’enelms
679 2793 745 2831 hie
781 2794 881 2832 alius

151 2869 232 2893 esse
277 2855 427 2903 debet,
478 2867 596 2904 quain
644 2852 881 2889 Homericus

152 2915 395 2951 Boeotorum
419 2911 523 2950 dux:
555 2924 647 2948 nain
669 2910 701 2947 is
724 2910 771 2946 ab
798 2911 882 2947 Eu—

152 2972 296 3024 rypylo
351 2977 436 3009 erat
492 2969 665 3017 occisus,
720 2968 884 3019 Telephi

925 1629 1026 1667 filio:
1057 1629 1227 1667 Pausan.
1246 1626 1318 1675 IX,
1339 1627 1364 1668 5
1390 1628 1413 1665 f.
1436 1626 1572 1677 Dictys
1590 1625 1658 1675 IV,

929 1690 994 1728 17.
1023 1685 1289 1740 (Eurypylum
1305 1684 1521 1722 Antenoris
1531 1684 1659 1721 filium

927 1750 1124 1783 memorat
1163 1743 1406 1794 Pomponius
1444 1742 1496 1780 ad.
1536 1741 1576 1780 h.
1611 1742 1660 1791 l.;

927 1818 1010 1841 non
1040 1802 1159 1841 video
1187 1815 1266 1852 quo
1300 1808 1488 1839 auctore:
1527 1806 1568 1837 et
1601 1806 1661 1837 est

927 1862 960 1900 is
980 1861 1131 1899 alienus
1152 1860 1200 1897 ab
1226 1859 1265 1897 h.
1286 1858 1328 1913 l.)
1362 1860 1471 1897 caclil
1495 1867 1531 1896 et
1551 1858 1662 1895 Rln'-

919 1935 1024 1972 pelis
1044 1950 1054 1969 ,
1098 1920 1340 1957 iussis-simius
1361 1933 1465 1955 lmus
1483 1916 1663 1955 omnium

928 2000 986 2008 --=
1005 1986 1041 2015 et
1072 1978 1391 2015 sermmtissimus
1413 1977 1535 2027 aequi
1547 2005 1557 2023 ,
1592 1974 1662 2025 qui

930 2036 1030 2074 adeo
1052 2035 1195 2073 cadere
1217 2048 1299 2072 non
1314 2033 1528 2082 debuisset,
1550 2046 1662 2070 com-

929 2094 1043 2133 muni
1061 2094 1270 2132 hominum
1292 2092 1464 2141 iudicio,
1494 2091 1564 2128 sed
1585 2092 1663 2128 (liis

931 2154 1225 2200 alilerrifflm,
1261 2151 1310 2188 de
1346 2150 1492 2189 caussis
1524 2155 1564 2187 et
1594 2163 1664 2187 ra-

930 2211 1125 2259 tionibus,
1158 2223 1259 2260 quae
1291 2223 1363 2247 nos
1390 2208 1574 2247 homines
1604 2207 1666 2244 la-

930 2275 1031 2308 tent.
1071 2268 1237 2320 Copiose
1256 2267 1305 2305 de
1325 2267 1365 2305 h.
1382 2268 1407 2305 1.
1427 2267 1507 2317 agit
1528 2267 1665 2303 Burin.

930 2327 1117 2366 Laudant
1126 2327 1245 2364 etiam
1254 2326 1512 2364 Homericum
1522 2323 1665 2375 Odyss.

934 2404 973 2435 α.
997 2385 1081 2426 234
1115 2388 1210 2424 Νῦν
1239 2379 1280 2424 δ’
1305 2383 1446 2436 ἑτέρως
1470 2378 1666 2435 ἐβάλοντο

933 2443 1027 2485 θεοὶ
1046 2439 1153 2482 κακοὶ
1172 2438 1430 2494 μητιόωντες.

990 2499 1252 2542 431-434.
1285 2501 1451 2547 Quanto
1480 2514 1573 2538 eum
1604 2499 1666 2537 af-

934 2561 1064 2609 feetu,
1095 2558 1245 2609 egregia
1267 2558 1459 2596 orationis
1481 2557 1668 2596 inflexio-

935 2631 1005 2666 ne,
1027 2630 1065 2653 se
1083 2616 1325 2653 ineolumem
1348 2616 1488 2654 abiisse
1509 2616 1669 2654 narrat!

938 2677 988 2714 cs.
1009 2677 1180 2713 Senecae
1204 2674 1351 2711 Troad.
1374 2677 1430 2715 28
1455 2687 1538 2724 sqq.
1591 2673 1670 2711 Po-

939 2741 1015 2772 test
1046 2732 1246 2780 dubitari,
1288 2733 1413 2770 Iliaci
1446 2734 1593 2769 eineres
1631 2736 1669 2768 et

930 2795 1114 2845 stamma
1139 2799 1315 2828 exirema
1335 2805 1512 2827 meorum,
1542 2789 1673 2827 sintne

943 2852 991 2889 de
1020 2865 1133 2901 rogo,
1176 2862 1227 2886 an
1261 2848 1309 2887 de
1341 2848 1527 2886 incendio
1560 2847 1673 2885 urbis

943 2908 1185 2960 accipienda.
1257 2908 1381 2944 Illaec·
1426 2909 1573 2943 cineres
1625 2918 1675 2942 ex

940 2966 1133 3019 loquendi
1158 2979 1232 3004 usu
1263 2964 1314 3003 ad
1349 2965 1464 3003 Ilium
1489 2964 1531 3002 in
1565 2963 1675 3001 eine—
