1779 3420
93 251 195 299 420
479 242 1097 294 EXCURSUS
1173 243 1258 290 IX

96 379 112 417 1
143 376 195 415 ad
225 376 293 414 lib.
324 375 377 414 ΙΙΙ
418 381 458 414 et
501 375 592 425 al.),
637 374 754 427 plura
793 373 889 411 olim
928 384 1010 409 esse
1048 378 1362 421 commemorata
1404 371 1626 424 apparebit,

94 435 241 488 quibus
272 440 390 487 poeta
420 433 606 471 insistere
638 439 677 470 et
707 445 814 480 rem,
856 436 1063 481 tamquam
1094 431 1300 483 vulgatam
1345 431 1464 478 satis,
1504 430 1626 468 tacite

94 493 208 545 sequi
238 498 413 546 poterat.
473 491 578 541 Sed,
610 490 720 541 quod
751 488 936 540 inprimis
968 488 1051 526 eius
1083 489 1264 527 animum
1303 488 1507 541 impellere
1550 502 1628 540 po·-

94 552 198 601 tuit,
230 557 290 589 est
320 550 422 590 sorte
454 549 554 597 hoc,
585 548 696 599 quod
718 546 893 585 Aeneam
923 546 1151 585 sacerdotio
1183 548 1370 586 sunctum
1399 546 1629 585 tradiderat

95 608 327 662 antiquitas.
388 608 505 646 Certe
536 620 585 644 ex
616 606 759 658 Dictye
798 605 866 655 IV,
910 607 962 647 17
1009 604 1222 655 discimus,
1260 606 1470 656 Apollinis
1507 618 1628 643 sacra

95 682 187 707 eum
212 667 431 719 praecipue
460 678 542 704 esse
563 664 740 714 tuitum3
770 669 828 713 et,
862 662 1087 701 secundum
1110 663 1380 701 menecratem
1400 662 1628 701 Xanthium

95 741 120 765 a
142 727 305 792 Dionys.
325 724 452 763 Halic.
472 724 500 772 I,
523 723 577 764 48
601 722 843 772 excitatum,
875 723 1030 760 Aeneas
1051 722 1102 759 ad
1127 721 1392 760 desectionem
1418 735 1440 758 a
1465 721 1627 759 Priamo

96 784 204 824 hoc
193 798 280 837 1pso
299 788 386 820 erat
407 754 627 831 addiictus,
660 780 771 832 quod
792 780 1006 818 sacerdotii·
1022 780 1224 831 dignitate
1242 780 1290 818 ab
1313 793 1359 818 eo
1390 780 1479 818 fuex
1482 785 1524 818 at
1552 792 1628 817 ex-

98 843 253 892 clusus,
286 838 420 887 &mog
441 837 517 880 ε’ων
537 837 619 879 ὑπὸ
644 833 935 891 Αλεξάνδρου,
969 837 1037 878 καὶ
1059 834 1140 879 εἷπό
1169 837 1333 906 γερέων
1345 837 1467 892 ἷερων
1498 837 1626 891 ἐξειρ-

96 897 282 965 γὸμενος.
336 897 506 936 Fundus
541 897 808 943 1ei11iad.v‚
851 896 934 939 461
976 896 1058 936 αἰεὶ
1098 894 1174 951 yde
1206 892 1397 966 Πριάμῳ
1436 892 1629 948 ἐπεμήνιε

372 952 382 967 9
415 953 435 968 5!
468 950 478 966 2
512 953 522 969 ’

98 960 196 1015 δίῳ,
230 954 362 997 Οὕνεκ
409 972 460 1009 αρ
505 952 694 995 εσθλον’
678 953 799 997 εόντα
819 950 911 1008 μετ’
940 949 1141 1008 οἷνδράσιν
1164 951 1255 995 οὔτι
1275 955 1443 994 τίεσκεν.
1504 955 1625 992 Cete-

98 1031 190 1056 rum
210 1015 330 1066 vulgo
355 1014 399 1052 in
421 1026 512 1051 arce
532 1013 700 1052 Penates
727 1013 878 1052 servati
899 1020 1141 1064 narrantur,
1173 1014 1223 1051 cf.
1253 1013 1416 1065 Dionys.
1439 1012 1567 1051 Halic.
1596 1012 1626 1062 I,

97 1078 165 1116 46.
190 1077 243 1115 69
266 1079 307 1116 et
336 1072 385 1110 al.
418 1079 459 1110 et
487 1070 567 1110 hoc
598 1086 649 1110 ex
674 1077 872 1124 perpetuo
903 1077 1089 1110 veterum
1122 1072 1337 1110 civitatum
1362 1084 1474 1109 more
1498 1071 1556 1108 ita
1586 1084 1626 1108 se

97 1132 244 1170 habere
264 1130 417 1169 debuit.
476 1130 566 1168 Hoc
593 1137 730 1168 tamen
766 1130 877 1181 sequi
909 1136 1030 1182 poeta
1061 1144 1142 1168 non
1170 1130 1329 1182 potuit,
1371 1129 1439 1180 qui
1471 1129 1626 1167 Aeneae

98 1191 264 1229 domum
285 1189 327 1227 in
348 1189 423 1227 alia
443 1189 556 1226 urbis
572 1195 686 1241 parte
710 1189 827 1226 sitam
849 1201 930 1226 esse
954 1188 1110 1237 voluit,
1144 1188 1253 1226 unde
1285 1202 1381 1225 mox
1413 1187 1464 1225 ad
1492 1201 1625 1225 arcem

97 1253 340 1287 accurreret.
416 1246 627 1300 Apponam
667 1246 865 1287 Hellanici
902 1246 1051 1295 Lesbii,
1107 1246 1369 1285 vetustissimi
1406 1245 1625 1298 scriptoris,

97 1306 373 1345 namationem
402 1319 464 1371 ap.
499 1306 660 1358 Dionys,
690 1305 818 1345 Halic.
858 1305 888 1354 Ι,
929 1303 996 1347 46.
1024 1304 1101 1346 47·
1162 1305 1270 1343 Urbe
1297 1310 1437 1356 capta,
1478 1304 1627 1363 inquit,
1669 1310 1675 1320 “

98 1365 250 1403 Aeneas
270 1378 361 1402 cum
384 1364 466 1402 suis
487 1364 698 1403 Daldaniis
719 1377 759 1403 se
791 1364 945 1415 recepit
974 1363 1017 1401 in
1051 1376 1183 1401 arcem
1214 1363 1471 1414 Pergamum,
1515 1362 1561 1403 ἐν
1596 1364 1623 1419 ῄ

96 1422 164 1465 καὶ
188 1421 276 1475 ἷερα
294 1420 342 1462 τοὶ
361 1426 527 1478 πατρῷα
545 1427 631 1472 τοῖς
660 1421 818 1471 Τρωσὶν
849 1423 927 1473 ἡν,
970 1434 1138 1472 eamque
1167 1421 1360 1460 defendit.
1422 1422 1524 1459 Cum
1557 1426 1625 1458 ta-

97 1495 189 1521 men
207 1481 323 1520 Vldffl
327 1487 389 1530 et
418 1480 597 1519 hostium
618 1481 816 1533 impetum
838 1480 910 1519 diu
930 1480 1122 1518 sustine1i
1145 1495 1227 1518 non
1250 1493 1383 1532 posse,
1414 1478 1627 1517 hominum

98 1554 269 1593 corpora
287 1538 356 1579 καὶ
381 1536 430 1579 ‘cni
460 1536 548 1593 ἷεροῖ
576 1536 625 1579 ro?
649 1542 816 1595 πατρῷα
847 1545 889 1577 et
918 1551 1013 1591 opes
1036 1551 1197 1577 servare
1226 1538 1384 1588 studet,
1415 1544 1528 1587 tum,
1558 1537 1626 1575 in·-

98 1599 213 1637 firma
233 1597 496 1636 multitudine
516 1597 753 1649 praemissa,
783 1597 866 1650 ipse
889 1610 981 1634 cum
998 1597 1212 1635 iuvenibus
1228 1596 1269 1635 in
1292 1597 1385 1634 Idae
1407 1596 1627 1635 munitiora

98 1658 186 1695 loca
207 1655 404 1704 discessit,
437 1651 633 1709 οἷγόμενος
657 1655 724 1696 ἐπὶ
746 1660 835 1704 ταῖς
855 1656 1052 1707 συνωρίσι
1072 1652 1144 1695 τόν
1173 1670 1215 1695 τε
1243 1653 1397 1707 πατέρα
1428 1654 1496 1695 καὶ
1528 1651 1627 1702 τούς

99 1712 225 1762 θεους
247 1729 471 1784 πατρῳους.
531 1714 629 1751 Inde
648 1713 820 1752 induciis
843 1727 934 1751 cum
963 1712 1147 1752 hostibus
1177 1713 1291 1750 sactis
1319 1712 1519 1761 discessit,
1549 1728 1626 1752 πα-

99 1769 289 1827 ραλαβων
324 1771 396 1812 τὸν
424 1770 578 1825 πατέρα
606 1788 674 1812 και
705 1788 754 1812 τα
785 1771 855 1823 ε’δη
884 1787 968 1812 των
998 1773 1111 1812 θεῶν
1150 1769 1189 1809 h.
1221 1784 1253 1809 e.
1291 1771 1517 1810 simulacra.
1577 1770 1627 1808 Et

100 1845 194 1883 agro
213 1831 320 1869 Laui·
323 1836 415 1868 ente
432 1837 550 1882 capto
572 1844 605 1868 c.
637 1828 705 1872 55.
738 1830 764 1868 f.
797 1829 899 1867 alii
888 1844 930 1868 111
957 1829 1093 1868 locum
1122 1829 1324 1867 indictum
1357 1829 1527 1867 Penates
1560 1825 1626 1881 (τα

101 1889 171 1942 ε’δη
191 1892 272 1929 τῶν
291 1887 424 1941 θεῶν)
451 1902 471 1926 e
498 1888 669 1927 navibus
690 1888 784 1926 effer
788 1894 881 1938 unt,
914 1887 980 1925 alii
1000 1901 1097 1926 velo
1119 1887 1232 1925 bases
1260 1885 1438 1940 (βάθρα)
1471 1893 1513 1925 et
1536 1900 1626 1925 aras

99 1947 195 2000 ipsis
213 1952 421 1996 statuunt,
454 1947 641 1985 mulieres
662 1952 797 1984 autem
816 1960 907 1985 cum
934 1946 1097 1985 ululatu
1132 1952 1170 1983 et
1200 1945 1356 1984 choreis
1386 1960 1500 1984 sacra
1525 1959 1625 1998 pro-

100 2011 345 2057 sequuntur,
378 2010 418 2042 et
447 2019 480 2043 c.
509 2005 564 2047 57
598 2000 779 2058 ἱδρύεται
805 2001 854 2044 to?
890 2003 960 2057 ἕδη
991 2007 1072 2045 τῶν
1107 2007 1221 2044 θεῶν
1254 2003 1298 2045 ἐν
1327 2007 1385 2060 τῷ
1413 2004 1626 2059 κρατίστῳ.

99 2063 221 2103 Vides
238 2063 436 2101 Hellanici
457 2063 581 2102 verba
601 2062 776 2101 maxime
798 2069 941 2115 poetae
971 2063 1105 2100 animo
1134 2062 1343 2112 insedisse,
1383 2068 1424 2101 et
1452 2061 1627 2114 viguisse

101 2122 265 2161 omnino
290 2121 439 2159 famam
475 2121 684 2172 antiquam
715 2121 764 2160 de
801 2120 970 2160 servatis
994 2121 1138 2160 Troiae
1168 2121 1392 2159 simulacris
1423 2126 1627 2159 vetustate

100 2193 172 2219 sua
196 2179 456 2219 venerandis:
488 2192 589 2231 quae
609 2179 766 2217 excidio
785 2179 898 2217 urbis
920 2180 1026 2218 sacto
1054 2193 1189 2217 secum
1219 2179 1437 2217 abduxerit
1461 2178 1626 2217 Aeneas.

214 2238 351 2276 Fuisse
371 2243 508 2276 autem
527 2237 694 2276 Penates
714 2237 928 2276 simulacra
948 2237 1140 2288 deorum3
1172 2243 1210 2275 et
1239 2237 1423 2289 quidem,
1455 2251 1548 2276 cum
1575 2236 1626 2274 ab

102 2296 233 2334 Aenea
251 2296 409 2348 portari
424 2302 609 2347 possent,
645 2296 795 2348 lignea,
826 2297 1036 2348 formaque
1055 2296 1225 2335 deorum
1245 2296 1379 2346 solita,
1412 2295 1527 2335 vittis
1555 2308 1626 2332 co—

101 2361 267 2404 ronata,
307 2367 358 2392 ex
388 2354 486 2392 locis
517 2367 623 2405 seqq.
655 2368 848 2407 apparere
879 2354 1067 2394 videtur:
1116 2355 1168 2393 ΙΙΙ
1198 2354 1295 2393 Aen.
1326 2353 1407 2395 148
1448 2353 1627 2404 Efffigles

101 2427 242 2450 sacrae
275 2412 416 2449 clivum
443 2413 698 2464 Plzvqx‘giique
729 2416 904 2451 Penates
919 2442 930 2462 ,
979 2414 1089 2463 Quos
1121 2427 1278 2450 mecum
1312 2427 1340 2450 a
1379 2413 1500 2450 Troia
1538 2425 1625 2448 me-

103 2471 261 2521 diisque
283 2485 331 2507 ex
352 2470 514 2520 ignibus
532 2470 641 2507 arbi-s·
661 2472 925 2519 Extztleram,
958 2473 1039 2508 visi
1071 2479 1166 2508 (mle
1196 2471 1331 2508 oculos
1359 2469 1523 2507 adstare
1555 2470 1624 2505 ia-

102 2530 225 2564 centis
239 2558 249 2576 ‚
284 2533 322 2564 et
344 2541 383 2565 v.
407 2531 486 2568 173
509 2542 646 2565 eoram
667 2543 903 2579 cognoscere
922 2529 1056 2566 wiltzis
1080 2526 1329 2579 Velalasque
1351 2541 1490 2564 comas
1521 2524 1626 2579 (vit-

102 2585 155 2622 tis
178 2591 277 2637 puta
309 2591 349 2622 et
378 2585 515 2622 infulis
545 2585 748 2639 religatas)
770 2588 1082 2637 praesentiaque
1107 2600 1177 2623 ora
1208 2584 1388 2623 videbar.
1462 2584 1627 2623 Servius

103 2643 156 2681 ad
174 2643 238 2692 ΙΙΙ,
264 2643 345 2685 148
366 2641 466 2680 haec
485 2642 630 2681 habet:
662 2646 826 2692 „Varro
845 2656 939 2680 sane
963 2645 1116 2680 Rerum
1143 2645 1436 2680 7ΙΓ-Ιιιηιαηανιιηι
1452 2643 1626 2681 secando

106 2701 211 2750 ‚‚ait,
240 2699 413 2738 Aeneam
436 2700 531 2738 deos
551 2701 720 2738 Penates
749 2702 789 2738 in
820 2701 974 2738 Italiam
1008 2700 1218 2739 reduxisse
1249 2698 1345 2753 (hoc
1372 2706 1413 2738 et
1446 2700 1627 2741 Macrob.

106 2759 195 2808 ‚‚111‚
217 2758 242 2799 4
269 2756 458 2812 repetit),
491 2758 690 2808 quaedam
708 2759 836 2809 lignea
858 2759 922 2797 vel
949 2758 1105 2810 lapidea
1131 2758 1279 2810 sigilla,
1318 2758 1429 2810 quod
1456 2758 1627 2798 eviden-

104 2823 192 2866 „ter
220 2816 410 2868 exprimit
443 2816 634 2854 dicendo:
666 2817 845 2868 Effigies
872 2831 1013 2854 sacrae
1041 2817 1183 2855 clivum
1207 2815 1456 2869 Phrygiique
1487 2819 1628 2855 Pena-

104 2884 210 2924 ‚,tes,·
245 2874 428 2926 quamvis
451 2874 526 2913 alio
549 2874 637 2912 loco
669 2874 764 2912 alias
787 2874 995 2927 opiniones
1021 2881 1213 2925 sequutus
1242 2875 1402 2914 diversa
1436 2874 1628 2914 dixerit.“

103 2933 294 2982 Romam,
326 2938 374 2972 ut
391 2946 488 2970 mox
505 2932 755 2982 videbimus,
789 2932 952 2971 deducti
978 2946 1125 2971 arcana
1145 2933 1323 2985 primum
1343 2933 1534 2985 religione
1550 2931 1628 2971 ha-

103 2991 209 3041 beri,
250 3004 346 3030 mox
374 2996 508 3030 tamen
535 2990 746 3030 hominum
776 2991 1008 3044 conspectui
1038 2990 1179 3031 subiici
1220 3005 1265 3030 ac
1295 2992 1453 3045 vulgari
1481 3004 1628 3045 coepe-
