<?xml version="1.0" encoding="UTF-8"?>
<!DOCTYPE html PUBLIC "-//W3C//DTD XHTML 1.0 Transitional//EN"
    "http://www.w3.org/TR/xhtml1/DTD/xhtml1-transitional.dtd">
<html xmlns="http://www.w3.org/1999/xhtml" xml:lang="en" lang="en">
 <head>
  <title>
</title>
<meta http-equiv="Content-Type" content="text/html;charset=utf-8" />
  <meta name='ocr-system' content='tesseract 3.04.00' />
  <meta name='ocr-capabilities' content='ocr_page ocr_carea ocr_par ocr_line ocrx_word'/>
</head>
<body>
  <div class='ocr_page' id='page_1' title='image "./publiusvirgilius02virguoft/publiusvirgilius02virguoft_1015.png"; bbox 0 0 1811 3388; ppageno 0'>
   <div class='ocr_carea' id='block_1_1' title="bbox 463 188 1583 260">
    <p class='ocr_par' dir='ltr' id='par_1_1' title="bbox 463 188 1583 260">
     <span class='ocr_line' id='line_1_1' title="bbox 463 188 1583 260; baseline 0.009 -24"><span class='ocrx_word' id='word_1_1' title='bbox 463 188 588 237; x_wconf 87' lang='lat' dir='ltr'>AD</span> <span class='ocrx_word' id='word_1_2' title='bbox 658 189 1078 244; x_wconf 78' lang='lat' dir='ltr'>LIBRUM</span> <span class='ocrx_word' id='word_1_3' title='bbox 1148 198 1230 247; x_wconf 89' lang='lat' dir='ltr'>v1</span> <span class='ocrx_word' id='word_1_4' title='bbox 1452 211 1583 260; x_wconf 84' lang='lat'>1007</span> 
     </span>
    </p>
   </div>
   <div class='ocr_carea' id='block_1_2' title="bbox 56 313 1586 2724">
    <p class='ocr_par' dir='ltr' id='par_1_2' title="bbox 64 313 1586 2262">
     <span class='ocr_line' id='line_1_2' title="bbox 85 313 1584 375; baseline 0.011 -27"><span class='ocrx_word' id='word_1_5' title='bbox 85 316 227 362; x_wconf 89' lang='lat' dir='ltr'>tusque</span> <span class='ocrx_word' id='word_1_6' title='bbox 259 318 404 363; x_wconf 87' lang='lat' dir='ltr'>terrae,</span> <span class='ocrx_word' id='word_1_7' title='bbox 434 313 621 366; x_wconf 88' lang='lat' dir='ltr'>ignesque</span> <span class='ocrx_word' id='word_1_8' title='bbox 650 317 848 357; x_wconf 90' lang='lat' dir='ltr'>montium</span> <span class='ocrx_word' id='word_1_9' title='bbox 876 320 1105 371; x_wconf 86' lang='lat' dir='ltr'>continuos,</span> <span class='ocrx_word' id='word_1_10' title='bbox 1136 322 1287 375; x_wconf 89' lang='lat' dir='ltr'>aliaque</span> <span class='ocrx_word' id='word_1_11' title='bbox 1315 335 1478 370; x_wconf 90' lang='lat' dir='ltr'>naturae</span> <span class='ocrx_word' id='word_1_12' title='bbox 1506 334 1584 372; x_wconf 73' lang='lat' dir='ltr'>mi-</span> 
     </span>
     <span class='ocr_line' id='line_1_3' title="bbox 83 369 1582 435; baseline 0.016 -30"><span class='ocrx_word' id='word_1_13' title='bbox 83 369 221 407; x_wconf 81' lang='lat' dir='ltr'>racula</span> <span class='ocrx_word' id='word_1_14' title='bbox 251 376 446 421; x_wconf 88' lang='lat' dir='ltr'>spectant.</span> <span class='ocrx_word' id='word_1_15' title='bbox 506 373 771 424; x_wconf 85' lang='lat' dir='ltr'>Cogitandum</span> <span class='ocrx_word' id='word_1_16' title='bbox 800 391 944 428; x_wconf 90' lang='lat' dir='ltr'>porro,</span> <span class='ocrx_word' id='word_1_17' title='bbox 991 379 1078 417; x_wconf 91' lang='lat' dir='ltr'>loca</span> <span class='ocrx_word' id='word_1_18' title='bbox 1108 378 1206 418; x_wconf 88' lang='lat' dir='ltr'>haec</span> <span class='ocrx_word' id='word_1_19' title='bbox 1237 384 1457 435; x_wconf 83' lang='lat' dir='ltr'>antiquiore</span> <span class='ocrx_word' id='word_1_20' title='bbox 1486 404 1582 431; x_wconf 87' lang='lat' dir='ltr'>aevo</span> 
     </span>
     <span class='ocr_line' id='line_1_4' title="bbox 83 428 1583 486; baseline 0.015 -24"><span class='ocrx_word' id='word_1_21' title='bbox 83 439 105 462; x_wconf 86' lang='lat' dir='ltr'>a</span> <span class='ocrx_word' id='word_1_22' title='bbox 143 428 280 478; x_wconf 84' lang='lat' dir='ltr'>paucis</span> <span class='ocrx_word' id='word_1_23' title='bbox 322 428 568 468; x_wconf 89' lang='lat' dir='ltr'>Graecorum</span> <span class='ocrx_word' id='word_1_24' title='bbox 608 431 727 469; x_wconf 83' lang='lat' dir='ltr'>fuisse</span> <span class='ocrx_word' id='word_1_25' title='bbox 758 434 888 484; x_wconf 88' lang='lat' dir='ltr'>adita,</span> <span class='ocrx_word' id='word_1_26' title='bbox 919 448 1134 486; x_wconf 85' lang='lat' dir='ltr'>rerumque</span> <span class='ocrx_word' id='word_1_27' title='bbox 1163 438 1262 477; x_wconf 88' lang='lat' dir='ltr'>adeo</span> <span class='ocrx_word' id='word_1_28' title='bbox 1292 442 1479 483; x_wconf 86' lang='lat' dir='ltr'>miracula</span> <span class='ocrx_word' id='word_1_29' title='bbox 1508 461 1583 486; x_wconf 87' lang='lat' dir='ltr'>na-</span> 
     </span>
     <span class='ocr_line' id='line_1_5' title="bbox 82 483 1584 543; baseline 0.013 -21"><span class='ocrx_word' id='word_1_30' title='bbox 82 483 303 534; x_wconf 85' lang='lat' dir='ltr'>vigantium</span> <span class='ocrx_word' id='word_1_31' title='bbox 334 488 583 526; x_wconf 86' lang='lat' dir='ltr'><strong>sermonibus</strong></span> <span class='ocrx_word' id='word_1_32' title='bbox 612 489 821 541; x_wconf 82' lang='lat' dir='ltr'>insigniter</span> <span class='ocrx_word' id='word_1_33' title='bbox 849 493 966 531; x_wconf 84' lang='lat' dir='ltr'>fuisse</span> <span class='ocrx_word' id='word_1_34' title='bbox 996 499 1125 532; x_wconf 83' lang='lat' dir='ltr'>aucta.</span> <span class='ocrx_word' id='word_1_35' title='bbox 1185 496 1285 543; x_wconf 84' lang='lat' dir='ltr'>Quis</span> <span class='ocrx_word' id='word_1_36' title='bbox 1324 499 1425 538; x_wconf 89' lang='lat' dir='ltr'>serat</span> <span class='ocrx_word' id='word_1_37' title='bbox 1454 502 1584 543; x_wconf 86' lang='lat' dir='ltr'>adhuc</span> 
     </span>
     <span class='ocr_line' id='line_1_6' title="bbox 81 541 1584 610; baseline 0.014 -33"><span class='ocrx_word' id='word_1_38' title='bbox 81 541 123 578; x_wconf 91' lang='lat' dir='ltr'>in</span> <span class='ocrx_word' id='word_1_39' title='bbox 163 541 427 594; x_wconf 88' lang='lat' dir='ltr'>Lycophrone</span> <span class='ocrx_word' id='word_1_40' title='bbox 468 545 494 583; x_wconf 93' lang='grc'>1.</span> <span class='ocrx_word' id='word_1_41' title='bbox 536 559 567 584; x_wconf 91' lang='lat' dir='ltr'>c.</span> <span class='ocrx_word' id='word_1_42' title='bbox 606 546 658 584; x_wconf 86' lang='lat' dir='ltr'>ad</span> <span class='ocrx_word' id='word_1_43' title='bbox 699 548 970 589; x_wconf 80' lang='lat' dir='ltr'><strong>Acherontem</strong></span> <span class='ocrx_word' id='word_1_44' title='bbox 1007 552 1153 590; x_wconf 87' lang='lat' dir='ltr'>montis</span> <span class='ocrx_word' id='word_1_45' title='bbox 1188 553 1324 605; x_wconf 86' lang='lat' dir='ltr'>iugum</span> <span class='ocrx_word' id='word_1_46' title='bbox 1362 562 1584 610; x_wconf 89' lang='lat' dir='ltr'>memorari,</span> 
     </span>
     <span class='ocr_line' id='line_1_7' title="bbox 82 598 1585 656; baseline 0.013 -22"><span class='ocrx_word' id='word_1_47' title='bbox 82 598 190 635; x_wconf 86' lang='lat' dir='ltr'>unde</span> <span class='ocrx_word' id='word_1_48' title='bbox 221 613 356 637; x_wconf 86' lang='lat' dir='ltr'>omnes</span> <span class='ocrx_word' id='word_1_49' title='bbox 388 601 524 639; x_wconf 88' lang='lat' dir='ltr'>Italiae</span> <span class='ocrx_word' id='word_1_50' title='bbox 557 603 672 642; x_wconf 87' lang='lat' dir='ltr'>fluvii</span> <span class='ocrx_word' id='word_1_51' title='bbox 705 607 936 656; x_wconf 72' lang='lat' dir='ltr'>prodeant?</span> <span class='ocrx_word' id='word_1_52' title='bbox 984 608 1078 647; x_wconf 88' lang='lat' dir='ltr'>Fuit</span> <span class='ocrx_word' id='word_1_53' title='bbox 1108 615 1238 648; x_wconf 88' lang='lat' dir='ltr'>autem</span> <span class='ocrx_word' id='word_1_54' title='bbox 1270 618 1379 651; x_wconf 87' lang='lat' dir='ltr'>totus</span> <span class='ocrx_word' id='word_1_55' title='bbox 1408 614 1473 653; x_wconf 91' lang='lat' dir='ltr'>hic</span> <span class='ocrx_word' id='word_1_56' title='bbox 1501 624 1585 654; x_wconf 84' lang='lat' dir='ltr'>tra-</span> 
     </span>
     <span class='ocr_line' id='line_1_8' title="bbox 82 657 1586 720; baseline 0.013 -28"><span class='ocrx_word' id='word_1_57' title='bbox 82 662 171 693; x_wconf 89' lang='lat' dir='ltr'>ctus</span> <span class='ocrx_word' id='word_1_58' title='bbox 200 657 355 708; x_wconf 77' lang='lat' dir='ltr'>ignibus</span> <span class='ocrx_word' id='word_1_59' title='bbox 385 659 666 710; x_wconf 83' lang='lat' dir='ltr'>subterraneis,</span> <span class='ocrx_word' id='word_1_60' title='bbox 691 665 833 714; x_wconf 89' lang='lat' dir='ltr'>passim</span> <span class='ocrx_word' id='word_1_61' title='bbox 863 666 1184 717; x_wconf 83' lang='lat' dir='ltr'>erumpentibus,</span> <span class='ocrx_word' id='word_1_62' title='bbox 1222 668 1437 720; x_wconf 83' lang='lat' dir='ltr'>aliquando</span> <span class='ocrx_word' id='word_1_63' title='bbox 1480 672 1586 712; x_wconf 85' lang='lat' dir='ltr'>infe-</span> 
     </span>
     <span class='ocr_line' id='line_1_9' title="bbox 80 715 1584 782; baseline 0.012 -32"><span class='ocrx_word' id='word_1_64' title='bbox 80 720 186 752; x_wconf 84' lang='lat' dir='ltr'>stus:</span> <span class='ocrx_word' id='word_1_65' title='bbox 218 715 331 753; x_wconf 87' lang='lat' dir='ltr'>cuius</span> <span class='ocrx_word' id='word_1_66' title='bbox 360 717 418 754; x_wconf 93' lang='lat' dir='ltr'>rei</span> <span class='ocrx_word' id='word_1_67' title='bbox 447 719 610 769; x_wconf 83' lang='lat' dir='ltr'>vestigia</span> <span class='ocrx_word' id='word_1_68' title='bbox 641 726 736 758; x_wconf 88' lang='lat' dir='ltr'>sunt</span> <span class='ocrx_word' id='word_1_69' title='bbox 766 723 971 761; x_wconf 87' lang='lat' dir='ltr'>manifesta</span> <span class='ocrx_word' id='word_1_70' title='bbox 989 724 1183 775; x_wconf 82' lang='lat' dir='ltr'>plurima:</span> <span class='ocrx_word' id='word_1_71' title='bbox 1215 739 1368 777; x_wconf 85' lang='lat' dir='ltr'>specus,</span> <span class='ocrx_word' id='word_1_72' title='bbox 1399 730 1584 782; x_wconf 88' lang='lat' dir='ltr'>colliculi,</span> 
     </span>
     <span class='ocr_line' id='line_1_10' title="bbox 81 773 1585 836; baseline 0.012 -29"><span class='ocrx_word' id='word_1_73' title='bbox 81 777 267 821; x_wconf 83' lang='lat' dir='ltr'>crateres,</span> <span class='ocrx_word' id='word_1_74' title='bbox 297 773 426 822; x_wconf 86' lang='lat' dir='ltr'>lacus,</span> <span class='ocrx_word' id='word_1_75' title='bbox 457 775 551 813; x_wconf 88' lang='lat' dir='ltr'>alia:</span> <span class='ocrx_word' id='word_1_76' title='bbox 593 790 632 815; x_wconf 88' lang='lat' dir='ltr'>v.</span> <span class='ocrx_word' id='word_1_77' title='bbox 662 777 879 818; x_wconf 84' lang='lat' dir='ltr'>Hamilton.</span> <span class='ocrx_word' id='word_1_78' title='bbox 919 781 961 818; x_wconf 91' lang='lat' dir='ltr'>in</span> <span class='ocrx_word' id='word_1_79' title='bbox 1002 782 1168 831; x_wconf 69' lang='lat' dir='ltr'>Campis</span> <span class='ocrx_word' id='word_1_80' title='bbox 1211 783 1454 836; x_wconf 73' lang='lat' dir='ltr'>Phlegraeis</span> <span class='ocrx_word' id='word_1_81' title='bbox 1493 801 1585 826; x_wconf 86' lang='lat' dir='ltr'>cum</span> 
     </span>
     <span class='ocr_line' id='line_1_11' title="bbox 79 829 1583 892; baseline 0.013 -27"><span class='ocrx_word' id='word_1_82' title='bbox 79 829 186 878; x_wconf 86' lang='lat' dir='ltr'>aliis,</span> <span class='ocrx_word' id='word_1_83' title='bbox 222 830 290 880; x_wconf 86' lang='lat' dir='ltr'>qui</span> <span class='ocrx_word' id='word_1_84' title='bbox 320 831 368 868; x_wconf 92' lang='lat' dir='ltr'>de</span> <span class='ocrx_word' id='word_1_85' title='bbox 397 832 495 869; x_wconf 82' lang='lat' dir='ltr'>focis</span> <span class='ocrx_word' id='word_1_86' title='bbox 525 833 726 873; x_wconf 90' lang='lat' dir='ltr'>Vulcaniis</span> <span class='ocrx_word' id='word_1_87' title='bbox 756 837 958 889; x_wconf 84' lang='lat' dir='ltr'>scripsere.</span> <span class='ocrx_word' id='word_1_88' title='bbox 1027 840 1160 876; x_wconf 89' lang='lat' dir='ltr'>Scatet</span> <span class='ocrx_word' id='word_1_89' title='bbox 1198 844 1307 878; x_wconf 89' lang='lat' dir='ltr'>totus</span> <span class='ocrx_word' id='word_1_90' title='bbox 1346 856 1435 892; x_wconf 83' lang='lat' dir='ltr'>ager</span> <span class='ocrx_word' id='word_1_91' title='bbox 1476 845 1583 884; x_wconf 89' lang='lat' dir='ltr'>inter</span> 
     </span>
     <span class='ocr_line' id='line_1_12' title="bbox 80 887 1581 950; baseline 0.011 -28"><span class='ocrx_word' id='word_1_92' title='bbox 80 887 224 924; x_wconf 89' lang='lat' dir='ltr'>Cumas</span> <span class='ocrx_word' id='word_1_93' title='bbox 255 894 295 925; x_wconf 88' lang='lat' dir='ltr'>et</span> <span class='ocrx_word' id='word_1_94' title='bbox 323 888 437 926; x_wconf 87' lang='lat' dir='ltr'>Baias</span> <span class='ocrx_word' id='word_1_95' title='bbox 465 889 674 940; x_wconf 85' lang='lat' dir='ltr'>bitumine,</span> <span class='ocrx_word' id='word_1_96' title='bbox 705 893 895 945; x_wconf 83' lang='lat' dir='ltr'>sulphure</span> <span class='ocrx_word' id='word_1_97' title='bbox 926 901 966 933; x_wconf 88' lang='lat' dir='ltr'>et</span> <span class='ocrx_word' id='word_1_98' title='bbox 996 895 1132 933; x_wconf 84' lang='lat' dir='ltr'>calidis</span> <span class='ocrx_word' id='word_1_99' title='bbox 1163 897 1273 946; x_wconf 86' lang='lat' dir='ltr'>aquis</span> <span class='ocrx_word' id='word_1_100' title='bbox 1306 896 1403 950; x_wconf 89' lang='lat' dir='ltr'>(vid.</span> <span class='ocrx_word' id='word_1_101' title='bbox 1435 902 1581 940; x_wconf 85' lang='lat' dir='ltr'>Strabo</span> 
     </span>
     <span class='ocr_line' id='line_1_13' title="bbox 77 944 1580 1006; baseline 0.012 -25"><span class='ocrx_word' id='word_1_102' title='bbox 77 944 103 981; x_wconf 93' lang='lat' dir='ltr'>l.</span> <span class='ocrx_word' id='word_1_103' title='bbox 135 958 167 982; x_wconf 89' lang='lat' dir='ltr'>c.</span> <span class='ocrx_word' id='word_1_104' title='bbox 197 959 236 996; x_wconf 90' lang='lat' dir='ltr'>p.</span> <span class='ocrx_word' id='word_1_105' title='bbox 267 946 349 987; x_wconf 77' lang='lat'>245</span> <span class='ocrx_word' id='word_1_106' title='bbox 376 947 417 984; x_wconf 92' lang='lat' dir='ltr'>C.</span> <span class='ocrx_word' id='word_1_107' title='bbox 448 948 557 997; x_wconf 89' lang='lat' dir='ltr'>quod</span> <span class='ocrx_word' id='word_1_108' title='bbox 585 949 685 987; x_wconf 92' lang='lat' dir='ltr'>bene</span> <span class='ocrx_word' id='word_1_109' title='bbox 715 951 831 989; x_wconf 90' lang='lat' dir='ltr'>Silius</span> <span class='ocrx_word' id='word_1_110' title='bbox 861 954 1054 1004; x_wconf 80' lang='lat' dir='ltr'>expressit</span> <span class='ocrx_word' id='word_1_111' title='bbox 1080 966 1200 992; x_wconf 80' lang='lat' dir='ltr'>vers3.</span> <span class='ocrx_word' id='word_1_112' title='bbox 1231 955 1309 993; x_wconf 87' lang='lat' dir='ltr'>suis</span> <span class='ocrx_word' id='word_1_113' title='bbox 1338 957 1405 995; x_wconf 89' lang='lat' dir='ltr'>lib.</span> <span class='ocrx_word' id='word_1_114' title='bbox 1425 959 1476 1006; x_wconf 92' lang='lat' dir='ltr'>X,</span> <span class='ocrx_word' id='word_1_115' title='bbox 1499 959 1580 1000; x_wconf 83' lang='lat'>134</span> 
     </span>
     <span class='ocr_line' id='line_1_14' title="bbox 77 1000 1579 1062; baseline 0.011 -25"><span class='ocrx_word' id='word_1_116' title='bbox 77 1000 194 1054; x_wconf 88' lang='lat' dir='ltr'>sqq.).</span> <span class='ocrx_word' id='word_1_117' title='bbox 251 1004 380 1054; x_wconf 88' lang='lat' dir='ltr'>Super</span> <span class='ocrx_word' id='word_1_118' title='bbox 410 1004 595 1044; x_wconf 87' lang='lat' dir='ltr'>Puteolos</span> <span class='ocrx_word' id='word_1_119' title='bbox 627 1021 788 1059; x_wconf 87' lang='lat' dir='ltr'>campus</span> <span class='ocrx_word' id='word_1_120' title='bbox 829 1017 888 1048; x_wconf 89' lang='lat' dir='ltr'>est</span> <span class='ocrx_word' id='word_1_121' title='bbox 916 1009 1108 1062; x_wconf 83' lang='lat' dir='ltr'>sulphure</span> <span class='ocrx_word' id='word_1_122' title='bbox 1144 1011 1371 1062; x_wconf 86' lang='lat' dir='ltr'>abundans,</span> <span class='ocrx_word' id='word_1_123' title='bbox 1413 1016 1579 1054; x_wconf 88' lang='lat' dir='ltr'>collibus</span> 
     </span>
     <span class='ocr_line' id='line_1_15' title="bbox 64 1058 1577 1123; baseline 0.01 -28"><span class='ocrx_word' id='word_1_124' title='bbox 64 1058 275 1106; x_wconf 86' lang='lat' dir='ltr'>·inclusus,</span> <span class='ocrx_word' id='word_1_125' title='bbox 315 1061 458 1111; x_wconf 87' lang='lat' dir='ltr'>quibus</span> <span class='ocrx_word' id='word_1_126' title='bbox 486 1064 630 1114; x_wconf 86' lang='lat' dir='ltr'>passim</span> <span class='ocrx_word' id='word_1_127' title='bbox 669 1067 741 1103; x_wconf 90' lang='lat' dir='ltr'>soli</span> <span class='ocrx_word' id='word_1_128' title='bbox 783 1067 989 1118; x_wconf 86' lang='lat' dir='ltr'>spiraculis</span> <span class='ocrx_word' id='word_1_129' title='bbox 1030 1069 1163 1106; x_wconf 89' lang='lat' dir='ltr'>fumus</span> <span class='ocrx_word' id='word_1_130' title='bbox 1204 1075 1243 1106; x_wconf 86' lang='lat' dir='ltr'>et</span> <span class='ocrx_word' id='word_1_131' title='bbox 1282 1070 1390 1108; x_wconf 77' lang='lat' dir='ltr'>calor</span> <span class='ocrx_word' id='word_1_132' title='bbox 1428 1072 1577 1123; x_wconf 86' lang='lat' dir='ltr'>prodit.</span> 
     </span>
     <span class='ocr_line' id='line_1_16' title="bbox 78 1116 1575 1176; baseline 0.009 -23"><span class='ocrx_word' id='word_1_133' title='bbox 78 1116 226 1154; x_wconf 88' lang='lat' dir='ltr'>Notum</span> <span class='ocrx_word' id='word_1_134' title='bbox 266 1124 323 1155; x_wconf 91' lang='lat' dir='ltr'>est</span> <span class='ocrx_word' id='word_1_135' title='bbox 361 1133 507 1157; x_wconf 86' lang='lat' dir='ltr'>nomen</span> <span class='ocrx_word' id='word_1_136' title='bbox 552 1121 657 1160; x_wconf 88' lang='lat' dir='ltr'>inter</span> <span class='ocrx_word' id='word_1_137' title='bbox 687 1130 840 1161; x_wconf 88' lang='lat' dir='ltr'>veteres</span> <span class='ocrx_word' id='word_1_138' title='bbox 867 1126 1011 1176; x_wconf 72' lang='lat' dir='ltr'>soram</span> <span class='ocrx_word' id='word_1_139' title='bbox 1045 1132 1084 1163; x_wconf 89' lang='lat' dir='ltr'>et</span> <span class='ocrx_word' id='word_1_140' title='bbox 1114 1126 1196 1162; x_wconf 83' lang='lat' dir='ltr'>olla</span> <span class='ocrx_word' id='word_1_141' title='bbox 1233 1128 1424 1176; x_wconf 77' lang='lat' dir='ltr'>Vulcani,</span> <span class='ocrx_word' id='word_1_142' title='bbox 1465 1143 1575 1167; x_wconf 87' lang='lat' dir='ltr'>nunc</span> 
     </span>
     <span class='ocr_line' id='line_1_17' title="bbox 77 1174 1578 1229; baseline 0.009 -17"><span class='ocrx_word' id='word_1_143' title='bbox 77 1174 286 1225; x_wconf 66' lang='lat' dir='ltr'>Soffatara</span> <span class='ocrx_word' id='word_1_144' title='bbox 324 1189 394 1214; x_wconf 90' lang='lat' dir='ltr'>seu</span> <span class='ocrx_word' id='word_1_145' title='bbox 432 1177 706 1229; x_wconf 87' lang='lat' dir='ltr'>Sulphuraria.</span> <span class='ocrx_word' id='word_1_146' title='bbox 776 1181 876 1220; x_wconf 84' lang='lat' dir='ltr'>Vide</span> <span class='ocrx_word' id='word_1_147' title='bbox 926 1183 990 1221; x_wconf 89' lang='lat' dir='ltr'>vel</span> <span class='ocrx_word' id='word_1_148' title='bbox 1026 1183 1252 1220; x_wconf 77' lang='lat' dir='ltr'>Mazzellam</span> <span class='ocrx_word' id='word_1_149' title='bbox 1281 1185 1489 1224; x_wconf 63' lang='grc' dir='ltr'>Ληιίοῖιίίιὶ</span> <span class='ocrx_word' id='word_1_150' title='bbox 1534 1190 1578 1224; x_wconf 73' lang='grc' dir='ltr'>αι’</span> 
     </span>
     <span class='ocr_line' id='line_1_18' title="bbox 75 1233 1575 1293; baseline 0.009 -25"><span class='ocrx_word' id='word_1_151' title='bbox 75 1233 281 1270; x_wconf 73' lang='lat' dir='ltr'>Pozzaolo</span> <span class='ocrx_word' id='word_1_152' title='bbox 313 1247 345 1272; x_wconf 91' lang='lat' dir='ltr'>c.</span> <span class='ocrx_word' id='word_1_153' title='bbox 376 1237 414 1276; x_wconf 88' lang='lat'>7.</span> <span class='ocrx_word' id='word_1_154' title='bbox 481 1236 616 1287; x_wconf 90' lang='lat' dir='ltr'>Itaque</span> <span class='ocrx_word' id='word_1_155' title='bbox 644 1239 789 1276; x_wconf 82' lang='lat' dir='ltr'>mirum</span> <span class='ocrx_word' id='word_1_156' title='bbox 830 1253 911 1277; x_wconf 92' lang='lat' dir='ltr'>non</span> <span class='ocrx_word' id='word_1_157' title='bbox 947 1246 1029 1289; x_wconf 86' lang='lat' dir='ltr'>est,</span> <span class='ocrx_word' id='word_1_158' title='bbox 1067 1240 1187 1278; x_wconf 86' lang='lat' dir='ltr'>modo</span> <span class='ocrx_word' id='word_1_159' title='bbox 1227 1241 1416 1293; x_wconf 84' lang='lat' dir='ltr'>Cyclopas</span> <span class='ocrx_word' id='word_1_160' title='bbox 1454 1243 1575 1282; x_wconf 87' lang='lat' dir='ltr'>modo</span> 
     </span>
     <span class='ocr_line' id='line_1_19' title="bbox 75 1289 1574 1349; baseline 0.008 -23"><span class='ocrx_word' id='word_1_161' title='bbox 75 1289 263 1340; x_wconf 84' lang='lat' dir='ltr'>Gigantas</span> <span class='ocrx_word' id='word_1_162' title='bbox 298 1291 532 1331; x_wconf 84' lang='lat' dir='ltr'>fulminibus</span> <span class='ocrx_word' id='word_1_163' title='bbox 562 1308 767 1346; x_wconf 89' lang='lat' dir='ltr'>percussos</span> <span class='ocrx_word' id='word_1_164' title='bbox 796 1297 942 1347; x_wconf 87' lang='lat' dir='ltr'>passim</span> <span class='ocrx_word' id='word_1_165' title='bbox 973 1297 1024 1335; x_wconf 89' lang='lat' dir='ltr'>ad</span> <span class='ocrx_word' id='word_1_166' title='bbox 1054 1297 1152 1335; x_wconf 87' lang='lat' dir='ltr'>haec</span> <span class='ocrx_word' id='word_1_167' title='bbox 1181 1298 1268 1335; x_wconf 88' lang='lat' dir='ltr'>loca</span> <span class='ocrx_word' id='word_1_168' title='bbox 1297 1301 1460 1349; x_wconf 81' lang='lat' dir='ltr'>referri,</span> <span class='ocrx_word' id='word_1_169' title='bbox 1508 1301 1574 1338; x_wconf 90' lang='lat' dir='ltr'>in-</span> 
     </span>
     <span class='ocr_line' id='line_1_20' title="bbox 72 1348 1573 1407; baseline 0.008 -23"><span class='ocrx_word' id='word_1_170' title='bbox 72 1348 289 1398; x_wconf 86' lang='lat' dir='ltr'>primisque</span> <span class='ocrx_word' id='word_1_171' title='bbox 319 1362 478 1402; x_wconf 89' lang='lat' dir='ltr'>campos</span> <span class='ocrx_word' id='word_1_172' title='bbox 506 1351 759 1403; x_wconf 83' lang='lat' dir='ltr'>Phlegraeos,</span> <span class='ocrx_word' id='word_1_173' title='bbox 801 1355 1092 1405; x_wconf 80' lang='lat' dir='ltr'>Gigantumque</span> <span class='ocrx_word' id='word_1_174' title='bbox 1129 1354 1170 1391; x_wconf 87' lang='lat' dir='ltr'>in</span> <span class='ocrx_word' id='word_1_175' title='bbox 1203 1355 1250 1392; x_wconf 87' lang='lat' dir='ltr'>iis</span> <span class='ocrx_word' id='word_1_176' title='bbox 1280 1369 1461 1407; x_wconf 81' lang='lat' dir='ltr'>pugnam.</span> <span class='ocrx_word' id='word_1_177' title='bbox 1503 1358 1573 1396; x_wconf 86' lang='lat' dir='ltr'>His</span> 
     </span>
     <span class='ocr_line' id='line_1_21' title="bbox 72 1404 1573 1463; baseline 0.007 -22"><span class='ocrx_word' id='word_1_178' title='bbox 72 1404 171 1456; x_wconf 85' lang='lat' dir='ltr'>ignis</span> <span class='ocrx_word' id='word_1_179' title='bbox 201 1406 449 1445; x_wconf 86' lang='lat' dir='ltr'>subterranei</span> <span class='ocrx_word' id='word_1_180' title='bbox 480 1410 654 1461; x_wconf 76' lang='lat' dir='ltr'>vestigiis</span> <span class='ocrx_word' id='word_1_181' title='bbox 684 1412 951 1449; x_wconf 86' lang='lat' dir='ltr'>accensendus</span> <span class='ocrx_word' id='word_1_182' title='bbox 980 1413 1063 1463; x_wconf 89' lang='lat' dir='ltr'>ipse</span> <span class='ocrx_word' id='word_1_183' title='bbox 1092 1413 1201 1450; x_wconf 89' lang='lat' dir='ltr'>lacus</span> <span class='ocrx_word' id='word_1_184' title='bbox 1234 1412 1439 1463; x_wconf 82' lang='lat' dir='ltr'>Avernus,</span> <span class='ocrx_word' id='word_1_185' title='bbox 1480 1415 1573 1453; x_wconf 84' lang='lat' dir='ltr'>olim</span> 
     </span>
     <span class='ocr_line' id='line_1_22' title="bbox 73 1463 1572 1523; baseline 0.007 -24"><span class='ocrx_word' id='word_1_186' title='bbox 73 1469 205 1501; x_wconf 85' lang='lat' dir='ltr'>crater</span> <span class='ocrx_word' id='word_1_187' title='bbox 235 1463 402 1503; x_wconf 88' lang='lat' dir='ltr'>Vulcani</span> <span class='ocrx_word' id='word_1_188' title='bbox 434 1464 617 1518; x_wconf 84' lang='lat' dir='ltr'>(Hamilt.</span> <span class='ocrx_word' id='word_1_189' title='bbox 644 1468 670 1506; x_wconf 89' lang='lat' dir='ltr'>l.</span> <span class='ocrx_word' id='word_1_190' title='bbox 703 1482 734 1506; x_wconf 92' lang='lat' dir='ltr'>c.</span> <span class='ocrx_word' id='word_1_191' title='bbox 766 1469 818 1519; x_wconf 92' lang='lat' dir='ltr'>pl.</span> <span class='ocrx_word' id='word_1_192' title='bbox 859 1469 1028 1523; x_wconf 83' lang='lat' dir='ltr'>XXIX).</span> <span class='ocrx_word' id='word_1_193' title='bbox 1097 1471 1186 1508; x_wconf 92' lang='lat' dir='ltr'>Non</span> <span class='ocrx_word' id='word_1_194' title='bbox 1221 1470 1336 1521; x_wconf 79' lang='lat' dir='ltr'>longe</span> <span class='ocrx_word' id='word_1_195' title='bbox 1376 1485 1397 1508; x_wconf 93' lang='lat' dir='ltr'>a</span> <span class='ocrx_word' id='word_1_196' title='bbox 1441 1472 1572 1510; x_wconf 85' lang='lat' dir='ltr'>Cumis</span> 
     </span>
     <span class='ocr_line' id='line_1_23' title="bbox 68 1521 1572 1577; baseline 0.006 -20"><span class='ocrx_word' id='word_1_197' title='bbox 68 1521 194 1570; x_wconf 71' lang='lat' dir='ltr'>palas</span> <span class='ocrx_word' id='word_1_198' title='bbox 223 1527 283 1559; x_wconf 86' lang='lat' dir='ltr'>est</span> <span class='ocrx_word' id='word_1_199' title='bbox 318 1522 542 1561; x_wconf 71' lang='lat' dir='ltr'>Acherusia</span> <span class='ocrx_word' id='word_1_200' title='bbox 577 1524 692 1577; x_wconf 84' lang='lat' dir='ltr'>(Plin.</span> <span class='ocrx_word' id='word_1_201' title='bbox 723 1525 789 1574; x_wconf 89' lang='lat' dir='ltr'>III,</span> <span class='ocrx_word' id='word_1_202' title='bbox 821 1530 845 1568; x_wconf 87' lang='grc'>6</span> <span class='ocrx_word' id='word_1_203' title='bbox 875 1527 1100 1565; x_wconf 72' lang='lat' dir='ltr'>Acherusia</span> <span class='ocrx_word' id='word_1_204' title='bbox 1134 1528 1260 1576; x_wconf 77' lang='lat' dir='ltr'>palus</span> <span class='ocrx_word' id='word_1_205' title='bbox 1295 1529 1431 1566; x_wconf 74' lang='lat' dir='ltr'>Cumis</span> <span class='ocrx_word' id='word_1_206' title='bbox 1468 1532 1572 1567; x_wconf 61' lang='lat' dir='ltr'>vici-</span> 
     </span>
     <span class='ocr_line' id='line_1_24' title="bbox 70 1578 1572 1634; baseline 0.007 -20"><span class='ocrx_word' id='word_1_207' title='bbox 70 1578 158 1627; x_wconf 84' lang='lat' dir='ltr'>na),</span> <span class='ocrx_word' id='word_1_208' title='bbox 192 1592 311 1628; x_wconf 84' lang='lat' dir='ltr'>quam</span> <span class='ocrx_word' id='word_1_209' title='bbox 341 1580 458 1618; x_wconf 87' lang='lat' dir='ltr'>Silius</span> <span class='ocrx_word' id='word_1_210' title='bbox 489 1582 540 1630; x_wconf 91' lang='lat' dir='ltr'>X,</span> <span class='ocrx_word' id='word_1_211' title='bbox 573 1586 812 1624; x_wconf 77' lang='lat'>126—129</span> <span class='ocrx_word' id='word_1_212' title='bbox 847 1590 887 1621; x_wconf 85' lang='lat' dir='ltr'>et</span> <span class='ocrx_word' id='word_1_213' title='bbox 913 1584 1017 1634; x_wconf 83' lang='lat' dir='ltr'>XIII,</span> <span class='ocrx_word' id='word_1_214' title='bbox 1047 1587 1129 1626; x_wconf 83' lang='lat'>397</span> <span class='ocrx_word' id='word_1_215' title='bbox 1160 1584 1314 1622; x_wconf 85' lang='lat' dir='ltr'>aditum</span> <span class='ocrx_word' id='word_1_216' title='bbox 1345 1586 1396 1623; x_wconf 88' lang='lat' dir='ltr'>ad</span> <span class='ocrx_word' id='word_1_217' title='bbox 1425 1586 1572 1624; x_wconf 83' lang='lat' dir='ltr'>inferos</span> 
     </span>
     <span class='ocr_line' id='line_1_25' title="bbox 70 1636 1572 1694; baseline 0.006 -22"><span class='ocrx_word' id='word_1_218' title='bbox 70 1647 152 1672; x_wconf 90' lang='lat' dir='ltr'>esse</span> <span class='ocrx_word' id='word_1_219' title='bbox 181 1636 376 1686; x_wconf 86' lang='lat' dir='ltr'>prodidit,</span> <span class='ocrx_word' id='word_1_220' title='bbox 406 1651 526 1689; x_wconf 87' lang='lat' dir='ltr'>aquas</span> <span class='ocrx_word' id='word_1_221' title='bbox 566 1638 717 1677; x_wconf 86' lang='lat' dir='ltr'>habens</span> <span class='ocrx_word' id='word_1_222' title='bbox 760 1641 1023 1692; x_wconf 80' lang='lat' dir='ltr'>ferrugineas,</span> <span class='ocrx_word' id='word_1_223' title='bbox 1062 1643 1103 1679; x_wconf 90' lang='lat' dir='ltr'>in</span> <span class='ocrx_word' id='word_1_224' title='bbox 1141 1642 1224 1679; x_wconf 92' lang='lat' dir='ltr'>solo</span> <span class='ocrx_word' id='word_1_225' title='bbox 1255 1643 1376 1680; x_wconf 84' lang='lat' dir='ltr'>sterili</span> <span class='ocrx_word' id='word_1_226' title='bbox 1414 1644 1572 1694; x_wconf 85' lang='lat' dir='ltr'>populis</span> 
     </span>
     <span class='ocr_line' id='line_1_26' title="bbox 68 1692 1572 1749; baseline 0.006 -20"><span class='ocrx_word' id='word_1_227' title='bbox 68 1692 215 1744; x_wconf 87' lang='lat' dir='ltr'>passim</span> <span class='ocrx_word' id='word_1_228' title='bbox 255 1695 421 1734; x_wconf 90' lang='lat' dir='ltr'>consito.</span> <span class='ocrx_word' id='word_1_229' title='bbox 491 1696 663 1735; x_wconf 87' lang='lat' dir='ltr'>Omnino</span> <span class='ocrx_word' id='word_1_230' title='bbox 701 1698 791 1735; x_wconf 78' lang='lat' dir='ltr'>loca</span> <span class='ocrx_word' id='word_1_231' title='bbox 825 1698 916 1748; x_wconf 81' lang='lat' dir='ltr'>feta</span> <span class='ocrx_word' id='word_1_232' title='bbox 949 1698 1199 1749; x_wconf 65' lang='lat' dir='ltr'>palas-tribas</span> <span class='ocrx_word' id='word_1_233' title='bbox 1240 1701 1368 1748; x_wconf 67' lang='lat' dir='ltr'>ulvis,</span> <span class='ocrx_word' id='word_1_234' title='bbox 1412 1702 1572 1738; x_wconf 80' lang='lat' dir='ltr'>Liltora</span> 
     </span>
     <span class='ocr_line' id='line_1_27' title="bbox 72 1749 1572 1808; baseline 0.005 -21"><span class='ocrx_word' id='word_1_235' title='bbox 72 1749 289 1788; x_wconf 73' lang='lat' dir='ltr'>Camarum</span> <span class='ocrx_word' id='word_1_236' title='bbox 328 1754 568 1804; x_wconf 88' lang='lat' dir='ltr'>pronuntiat</span> <span class='ocrx_word' id='word_1_237' title='bbox 598 1754 766 1793; x_wconf 89' lang='lat' dir='ltr'>Ovidius</span> <span class='ocrx_word' id='word_1_238' title='bbox 795 1755 888 1794; x_wconf 88' lang='lat' dir='ltr'>Met.</span> <span class='ocrx_word' id='word_1_239' title='bbox 919 1756 1024 1804; x_wconf 88' lang='lat' dir='ltr'>XIV,</span> <span class='ocrx_word' id='word_1_240' title='bbox 1059 1758 1150 1798; x_wconf 87' lang='lat'>103.</span> <span class='ocrx_word' id='word_1_241' title='bbox 1209 1755 1504 1808; x_wconf 83' lang='lat' dir='ltr'>Phlegethontis</span> <span class='ocrx_word' id='word_1_242' title='bbox 1532 1764 1572 1796; x_wconf 90' lang='lat' dir='ltr'>et</span> 
     </span>
     <span class='ocr_line' id='line_1_28' title="bbox 68 1807 1571 1865; baseline 0.005 -20"><span class='ocrx_word' id='word_1_243' title='bbox 68 1807 210 1859; x_wconf 82' lang='lat' dir='ltr'>Cocyti</span> <span class='ocrx_word' id='word_1_244' title='bbox 238 1809 445 1848; x_wconf 89' lang='lat' dir='ltr'>notionem</span> <span class='ocrx_word' id='word_1_245' title='bbox 477 1812 616 1849; x_wconf 87' lang='lat' dir='ltr'>animis</span> <span class='ocrx_word' id='word_1_246' title='bbox 646 1812 816 1850; x_wconf 84' lang='lat' dir='ltr'>attulere</span> <span class='ocrx_word' id='word_1_247' title='bbox 844 1813 963 1850; x_wconf 84' lang='lat' dir='ltr'>calidi</span> <span class='ocrx_word' id='word_1_248' title='bbox 992 1813 1136 1865; x_wconf 84' lang='lat' dir='ltr'>passim</span> <span class='ocrx_word' id='word_1_249' title='bbox 1166 1813 1308 1854; x_wconf 83' lang='lat' dir='ltr'>fontes,</span> <span class='ocrx_word' id='word_1_250' title='bbox 1348 1815 1398 1855; x_wconf 88' lang='lat' dir='ltr'>cf.</span> <span class='ocrx_word' id='word_1_251' title='bbox 1427 1815 1571 1853; x_wconf 89' lang='lat' dir='ltr'>Strabo</span> 
     </span>
     <span class='ocr_line' id='line_1_29' title="bbox 66 1864 1571 1921; baseline 0.005 -19"><span class='ocrx_word' id='word_1_252' title='bbox 66 1864 93 1903; x_wconf 88' lang='lat' dir='ltr'>l.</span> <span class='ocrx_word' id='word_1_253' title='bbox 125 1879 157 1903; x_wconf 91' lang='lat' dir='ltr'>c.</span> <span class='ocrx_word' id='word_1_254' title='bbox 190 1879 230 1917; x_wconf 90' lang='lat' dir='ltr'>p.</span> <span class='ocrx_word' id='word_1_255' title='bbox 259 1866 344 1907; x_wconf 80' lang='lat'>244</span> <span class='ocrx_word' id='word_1_256' title='bbox 367 1868 408 1916; x_wconf 91' lang='lat' dir='ltr'>C,</span> <span class='ocrx_word' id='word_1_257' title='bbox 444 1869 512 1918; x_wconf 87' lang='lat' dir='ltr'>qui</span> <span class='ocrx_word' id='word_1_258' title='bbox 543 1869 673 1921; x_wconf 83' lang='lat' dir='ltr'>Stygis</span> <span class='ocrx_word' id='word_1_259' title='bbox 712 1883 871 1921; x_wconf 86' lang='lat' dir='ltr'>quoque</span> <span class='ocrx_word' id='word_1_260' title='bbox 911 1884 1076 1921; x_wconf 86' lang='lat' dir='ltr'>aquam,</span> <span class='ocrx_word' id='word_1_261' title='bbox 1118 1870 1169 1908; x_wconf 90' lang='lat' dir='ltr'>ad</span> <span class='ocrx_word' id='word_1_262' title='bbox 1209 1884 1326 1921; x_wconf 84' lang='lat' dir='ltr'>quam</span> <span class='ocrx_word' id='word_1_263' title='bbox 1366 1872 1571 1910; x_wconf 84' lang='lat' dir='ltr'>oraculum</span> 
     </span>
     <span class='ocr_line' id='line_1_30' title="bbox 68 1924 1570 1980; baseline 0.005 -20"><span class='ocrx_word' id='word_1_264' title='bbox 68 1924 276 1961; x_wconf 83' lang='lat' dir='ltr'>conditum</span> <span class='ocrx_word' id='word_1_265' title='bbox 308 1931 395 1962; x_wconf 83' lang='lat' dir='ltr'>erat</span> <span class='ocrx_word' id='word_1_266' title='bbox 426 1924 511 1977; x_wconf 80' lang='grc' dir='ltr'>(καὶ</span> <span class='ocrx_word' id='word_1_267' title='bbox 539 1925 582 1967; x_wconf 87' lang='grc' dir='ltr'>τὸ</span> <span class='ocrx_word' id='word_1_268' title='bbox 617 1932 804 1977; x_wconf 84' lang='grc' dir='ltr'><em>μαντεῖον</em></span> <span class='ocrx_word' id='word_1_269' title='bbox 833 1925 1015 1968; x_wconf 72' lang='grc' dir='ltr'>ἐνταῦθα’</span> <span class='ocrx_word' id='word_1_270' title='bbox 1040 1944 1119 1968; x_wconf 84' lang='grc' dir='ltr'>που</span> <span class='ocrx_word' id='word_1_271' title='bbox 1152 1928 1339 1980; x_wconf 74' lang='grc' dir='ltr'><em>ἵδρυται),</em></span> <span class='ocrx_word' id='word_1_272' title='bbox 1369 1929 1422 1966; x_wconf 89' lang='lat' dir='ltr'>ibi</span> <span class='ocrx_word' id='word_1_273' title='bbox 1452 1930 1570 1967; x_wconf 86' lang='lat' dir='ltr'>fuisse</span> 
     </span>
     <span class='ocr_line' id='line_1_31' title="bbox 66 1980 1570 2037; baseline 0.007 -20"><span class='ocrx_word' id='word_1_274' title='bbox 66 1992 118 2017; x_wconf 83' lang='lat' dir='ltr'>ex</span> <span class='ocrx_word' id='word_1_275' title='bbox 140 1980 303 2031; x_wconf 86' lang='lat' dir='ltr'>Ephoro</span> <span class='ocrx_word' id='word_1_276' title='bbox 334 1983 474 2021; x_wconf 87' lang='lat' dir='ltr'>tradit.</span> <span class='ocrx_word' id='word_1_277' title='bbox 515 1984 565 2021; x_wconf 85' lang='lat' dir='ltr'>cf.</span> <span class='ocrx_word' id='word_1_278' title='bbox 586 1984 728 2035; x_wconf 87' lang='lat' dir='ltr'>Odyss.</span> <span class='ocrx_word' id='word_1_279' title='bbox 758 2000 793 2032; x_wconf 81' lang='grc' dir='ltr'>κ,</span> <span class='ocrx_word' id='word_1_280' title='bbox 828 1985 923 2026; x_wconf 84' lang='lat'>513.</span> <span class='ocrx_word' id='word_1_281' title='bbox 955 1986 1050 2026; x_wconf 86' lang='lat'>514.</span> <span class='ocrx_word' id='word_1_282' title='bbox 1083 1985 1176 2026; x_wconf 87' lang='lat'>515.</span> <span class='ocrx_word' id='word_1_283' title='bbox 1238 1984 1458 2023; x_wconf 75' lang='lat' dir='ltr'>Accedebat</span> <span class='ocrx_word' id='word_1_284' title='bbox 1479 2000 1570 2037; x_wconf 83' lang='lat' dir='ltr'>Spe-</span> 
     </span>
     <span class='ocr_line' id='line_1_32' title="bbox 66 2038 1569 2091; baseline 0.004 -16"><span class='ocrx_word' id='word_1_285' title='bbox 66 2051 135 2075; x_wconf 89' lang='lat' dir='ltr'>cus</span> <span class='ocrx_word' id='word_1_286' title='bbox 165 2038 212 2074; x_wconf 85' lang='lat' dir='ltr'>ab</span> <span class='ocrx_word' id='word_1_287' title='bbox 243 2038 405 2077; x_wconf 87' lang='lat' dir='ltr'>Averno</span> <span class='ocrx_word' id='word_1_288' title='bbox 436 2053 507 2091; x_wconf 85' lang='lat' dir='ltr'>per</span> <span class='ocrx_word' id='word_1_289' title='bbox 535 2041 675 2078; x_wconf 85' lang='lat' dir='ltr'>collem</span> <span class='ocrx_word' id='word_1_290' title='bbox 706 2041 916 2090; x_wconf 81' lang='lat' dir='ltr'>demissus,</span> <span class='ocrx_word' id='word_1_291' title='bbox 947 2054 1063 2091; x_wconf 84' lang='lat' dir='ltr'>quem</span> <span class='ocrx_word' id='word_1_292' title='bbox 1094 2042 1161 2091; x_wconf 89' lang='lat' dir='ltr'>qui</span> <span class='ocrx_word' id='word_1_293' title='bbox 1191 2054 1369 2079; x_wconf 88' lang='lat' dir='ltr'>emensus</span> <span class='ocrx_word' id='word_1_294' title='bbox 1399 2050 1496 2091; x_wconf 87' lang='lat' dir='ltr'>erat,</span> <span class='ocrx_word' id='word_1_295' title='bbox 1525 2044 1569 2081; x_wconf 90' lang='lat' dir='ltr'>in</span> 
     </span>
     <span class='ocr_line' id='line_1_33' title="bbox 65 2095 1568 2151; baseline 0.003 -18"><span class='ocrx_word' id='word_1_296' title='bbox 65 2095 210 2133; x_wconf 85' lang='lat' dir='ltr'>vallem</span> <span class='ocrx_word' id='word_1_297' title='bbox 240 2096 444 2147; x_wconf 85' lang='lat' dir='ltr'>prodibat,</span> <span class='ocrx_word' id='word_1_298' title='bbox 488 2097 531 2135; x_wconf 88' lang='lat' dir='ltr'>in</span> <span class='ocrx_word' id='word_1_299' title='bbox 562 2112 639 2149; x_wconf 92' lang='lat' dir='ltr'>qua</span> <span class='ocrx_word' id='word_1_300' title='bbox 668 2099 777 2136; x_wconf 90' lang='lat' dir='ltr'>lacus</span> <span class='ocrx_word' id='word_1_301' title='bbox 808 2105 912 2147; x_wconf 85' lang='lat' dir='ltr'>erat,</span> <span class='ocrx_word' id='word_1_302' title='bbox 950 2098 1135 2136; x_wconf 85' lang='lat' dir='ltr'>Acheron</span> <span class='ocrx_word' id='word_1_303' title='bbox 1165 2099 1295 2136; x_wconf 86' lang='lat' dir='ltr'>dictus</span> <span class='ocrx_word' id='word_1_304' title='bbox 1309 2099 1364 2151; x_wconf 81' lang='lat'>*);</span> <span class='ocrx_word' id='word_1_305' title='bbox 1412 2113 1462 2137; x_wconf 78' lang='lat' dir='ltr'>ex</span> <span class='ocrx_word' id='word_1_306' title='bbox 1491 2100 1568 2138; x_wconf 88' lang='lat' dir='ltr'>hoc</span> 
     </span>
     <span class='ocr_line' id='line_1_34' title="bbox 64 2152 1565 2208; baseline 0.003 -19"><span class='ocrx_word' id='word_1_307' title='bbox 64 2152 139 2190; x_wconf 88' lang='lat' dir='ltr'>iter</span> <span class='ocrx_word' id='word_1_308' title='bbox 171 2152 339 2191; x_wconf 88' lang='lat' dir='ltr'>ducebat</span> <span class='ocrx_word' id='word_1_309' title='bbox 369 2154 420 2192; x_wconf 88' lang='lat' dir='ltr'>ad</span> <span class='ocrx_word' id='word_1_310' title='bbox 454 2155 627 2206; x_wconf 71' lang='lat' dir='ltr'>Campos·</span> <span class='ocrx_word' id='word_1_311' title='bbox 657 2157 836 2208; x_wconf 72' lang='lat' dir='ltr'>Elysios,</span> <span class='ocrx_word' id='word_1_312' title='bbox 885 2157 1201 2194; x_wconf 79' lang='lat' dir='ltr'>amoenissimum</span> <span class='ocrx_word' id='word_1_313' title='bbox 1234 2157 1388 2206; x_wconf 86' lang='lat' dir='ltr'>locum,</span> <span class='ocrx_word' id='word_1_314' title='bbox 1429 2158 1565 2208; x_wconf 88' lang='lat' dir='ltr'>sepul-</span> 
     </span>
     <span class='ocr_line' id='line_1_35' title="bbox 64 2210 554 2262; baseline 0.004 -15"><span class='ocrx_word' id='word_1_315' title='bbox 64 2210 141 2248; x_wconf 88' lang='lat' dir='ltr'>cris</span> <span class='ocrx_word' id='word_1_316' title='bbox 169 2211 313 2262; x_wconf 86' lang='lat' dir='ltr'>passim</span> <span class='ocrx_word' id='word_1_317' title='bbox 343 2212 554 2254; x_wconf 78' lang='lat' dir='ltr'>consitum.</span> 
     </span>
    </p>

    <p class='ocr_par' dir='ltr' id='par_1_3' title="bbox 56 2268 1566 2724">
     <span class='ocr_line' id='line_1_36' title="bbox 179 2268 1566 2320; baseline 0.002 -15"><span class='ocrx_word' id='word_1_318' title='bbox 179 2268 281 2306; x_wconf 84' lang='lat' dir='ltr'>Tota</span> <span class='ocrx_word' id='word_1_319' title='bbox 321 2269 398 2306; x_wconf 91' lang='lat' dir='ltr'>loci</span> <span class='ocrx_word' id='word_1_320' title='bbox 438 2270 556 2307; x_wconf 83' lang='lat' dir='ltr'>facies</span> <span class='ocrx_word' id='word_1_321' title='bbox 597 2284 706 2308; x_wconf 88' lang='lat' dir='ltr'>nunc</span> <span class='ocrx_word' id='word_1_322' title='bbox 752 2270 914 2320; x_wconf 87' lang='lat' dir='ltr'>quidem</span> <span class='ocrx_word' id='word_1_323' title='bbox 953 2283 1069 2320; x_wconf 90' lang='lat' dir='ltr'>quam</span> <span class='ocrx_word' id='word_1_324' title='bbox 1110 2270 1280 2307; x_wconf 77' lang='lat' dir='ltr'>maxime</span> <span class='ocrx_word' id='word_1_325' title='bbox 1322 2277 1379 2308; x_wconf 85' lang='lat' dir='ltr'>est</span> <span class='ocrx_word' id='word_1_326' title='bbox 1410 2277 1566 2308; x_wconf 82' lang='lat' dir='ltr'>mutata</span> 
     </span>
     <span class='ocr_line' id='line_1_37' title="bbox 63 2322 1565 2380; baseline 0.003 -19"><span class='ocrx_word' id='word_1_327' title='bbox 63 2322 130 2375; x_wconf 81' lang='lat' dir='ltr'>(cs,</span> <span class='ocrx_word' id='word_1_328' title='bbox 161 2326 381 2363; x_wconf 68' lang='lat' dir='ltr'>Adclison’s</span> <span class='ocrx_word' id='word_1_329' title='bbox 421 2328 618 2365; x_wconf 55' lang='lat' dir='ltr'>[remarks</span> <span class='ocrx_word' id='word_1_330' title='bbox 657 2342 692 2379; x_wconf 89' lang='lat' dir='ltr'>p.</span> <span class='ocrx_word' id='word_1_331' title='bbox 728 2327 838 2380; x_wconf 85' lang='lat'>167).</span> <span class='ocrx_word' id='word_1_332' title='bbox 905 2327 1005 2365; x_wconf 84' lang='lat' dir='ltr'>Nam</span> <span class='ocrx_word' id='word_1_333' title='bbox 1043 2330 1216 2378; x_wconf 77' lang='lat' dir='ltr'>prinlum</span> <span class='ocrx_word' id='word_1_334' title='bbox 1262 2341 1351 2365; x_wconf 87' lang='lat' dir='ltr'>cum</span> <span class='ocrx_word' id='word_1_335' title='bbox 1392 2328 1565 2379; x_wconf 73' lang='lat' dir='ltr'>Agrippa</span> 
     </span>
     <span class='ocr_line' id='line_1_38' title="bbox 59 2383 1565 2435; baseline 0.003 -17"><span class='ocrx_word' id='word_1_336' title='bbox 59 2387 223 2432; x_wconf 81' lang='lat' dir='ltr'>portum</span> <span class='ocrx_word' id='word_1_337' title='bbox 254 2383 397 2421; x_wconf 90' lang='lat' dir='ltr'>Iulium</span> <span class='ocrx_word' id='word_1_338' title='bbox 428 2384 581 2422; x_wconf 82' lang='lat' dir='ltr'>efficere</span> <span class='ocrx_word' id='word_1_339' title='bbox 612 2385 743 2434; x_wconf 88' lang='lat' dir='ltr'>vellet,</span> <span class='ocrx_word' id='word_1_340' title='bbox 773 2391 821 2422; x_wconf 89' lang='lat' dir='ltr'>ut</span> <span class='ocrx_word' id='word_1_341' title='bbox 851 2384 1057 2422; x_wconf 87' lang='lat' dir='ltr'>Avernum</span> <span class='ocrx_word' id='word_1_342' title='bbox 1087 2385 1258 2422; x_wconf 89' lang='lat' dir='ltr'>Lucrino</span> <span class='ocrx_word' id='word_1_343' title='bbox 1292 2385 1394 2422; x_wconf 91' lang='lat' dir='ltr'>lacui</span> <span class='ocrx_word' id='word_1_344' title='bbox 1424 2385 1565 2435; x_wconf 80' lang='lat' dir='ltr'>iunge-</span> 
     </span>
     <span class='ocr_line' id='line_1_39' title="bbox 59 2440 1564 2493; baseline 0.004 -19"><span class='ocrx_word' id='word_1_345' title='bbox 59 2444 143 2487; x_wconf 89' lang='lat' dir='ltr'>ret,</span> <span class='ocrx_word' id='word_1_346' title='bbox 174 2440 314 2477; x_wconf 89' lang='lat' dir='ltr'>silvam</span> <span class='ocrx_word' id='word_1_347' title='bbox 345 2441 526 2479; x_wconf 74' lang='lat' dir='ltr'>excidere</span> <span class='ocrx_word' id='word_1_348' title='bbox 556 2442 681 2480; x_wconf 89' lang='lat' dir='ltr'>iussit.</span> <span class='ocrx_word' id='word_1_349' title='bbox 724 2442 772 2480; x_wconf 85' lang='lat' dir='ltr'>cf.</span> <span class='ocrx_word' id='word_1_350' title='bbox 803 2442 934 2480; x_wconf 86' lang='lat' dir='ltr'>Strab.</span> <span class='ocrx_word' id='word_1_351' title='bbox 966 2442 1011 2480; x_wconf 90' lang='lat' dir='ltr'>V.</span> <span class='ocrx_word' id='word_1_352' title='bbox 1041 2455 1079 2493; x_wconf 91' lang='lat' dir='ltr'>p.</span> <span class='ocrx_word' id='word_1_353' title='bbox 1110 2441 1193 2483; x_wconf 79' lang='lat'>245</span> <span class='ocrx_word' id='word_1_354' title='bbox 1223 2440 1269 2479; x_wconf 90' lang='lat' dir='ltr'>A.</span> <span class='ocrx_word' id='word_1_355' title='bbox 1327 2443 1429 2480; x_wconf 83' lang='lat' dir='ltr'>Tum</span> <span class='ocrx_word' id='word_1_356' title='bbox 1460 2456 1564 2480; x_wconf 88' lang='lat' dir='ltr'>anno</span> 
     </span>
     <span class='ocr_line' id='line_1_40' title="bbox 60 2496 1565 2548; baseline 0.003 -15"><span class='ocrx_word' id='word_1_357' title='bbox 60 2509 82 2532; x_wconf 90' lang='lat' dir='ltr'>a</span> <span class='ocrx_word' id='word_1_358' title='bbox 114 2496 156 2534; x_wconf 93' lang='lat' dir='ltr'>C.</span> <span class='ocrx_word' id='word_1_359' title='bbox 187 2497 232 2534; x_wconf 91' lang='lat' dir='ltr'>N.</span> <span class='ocrx_word' id='word_1_360' title='bbox 261 2497 551 2537; x_wconf 85' lang='lat' dir='ltr'>MDXXXVIII</span> <span class='ocrx_word' id='word_1_361' title='bbox 580 2506 696 2538; x_wconf 88' lang='lat' dir='ltr'>motu</span> <span class='ocrx_word' id='word_1_362' title='bbox 722 2506 873 2548; x_wconf 88' lang='lat' dir='ltr'>terrae,</span> <span class='ocrx_word' id='word_1_363' title='bbox 925 2499 1056 2537; x_wconf 88' lang='lat' dir='ltr'>medio</span> <span class='ocrx_word' id='word_1_364' title='bbox 1094 2500 1174 2537; x_wconf 86' lang='lat' dir='ltr'>sere</span> <span class='ocrx_word' id='word_1_365' title='bbox 1213 2499 1319 2536; x_wconf 89' lang='lat' dir='ltr'>inter</span> <span class='ocrx_word' id='word_1_366' title='bbox 1350 2500 1565 2537; x_wconf 89' lang='lat' dir='ltr'>Lucrinum</span> 
     </span>
     <span class='ocr_line' id='line_1_41' title="bbox 59 2553 1562 2608; baseline 0.003 -18"><span class='ocrx_word' id='word_1_367' title='bbox 59 2559 101 2591; x_wconf 87' lang='lat' dir='ltr'>ct</span> <span class='ocrx_word' id='word_1_368' title='bbox 130 2553 336 2592; x_wconf 84' lang='lat' dir='ltr'>Avernum</span> <span class='ocrx_word' id='word_1_369' title='bbox 368 2557 518 2608; x_wconf 89' lang='lat' dir='ltr'>spatio,</span> <span class='ocrx_word' id='word_1_370' title='bbox 560 2558 694 2594; x_wconf 72' lang='lat' dir='ltr'>extitit</span> <span class='ocrx_word' id='word_1_371' title='bbox 723 2572 848 2594; x_wconf 70' lang='lat' dir='ltr'>novus</span> <span class='ocrx_word' id='word_1_372' title='bbox 885 2571 996 2594; x_wconf 79' lang='lat' dir='ltr'>mons</span> <span class='ocrx_word' id='word_1_373' title='bbox 1024 2558 1246 2605; x_wconf 75' lang='lat' dir='ltr'>cinerllias,</span> <span class='ocrx_word' id='word_1_374' title='bbox 1293 2556 1342 2594; x_wconf 89' lang='lat' dir='ltr'>de</span> <span class='ocrx_word' id='word_1_375' title='bbox 1372 2570 1451 2607; x_wconf 84' lang='lat' dir='ltr'>quo</span> <span class='ocrx_word' id='word_1_376' title='bbox 1481 2557 1562 2595; x_wconf 86' lang='lat' dir='ltr'>vid.</span> 
     </span>
     <span class='ocr_line' id='line_1_42' title="bbox 59 2611 1561 2663; baseline 0.002 -15"><span class='ocrx_word' id='word_1_377' title='bbox 59 2611 224 2663; x_wconf 81' lang='lat' dir='ltr'>Capacc.</span> <span class='ocrx_word' id='word_1_378' title='bbox 257 2613 421 2651; x_wconf 78' lang='lat' dir='ltr'>Anticlz.</span> <span class='ocrx_word' id='word_1_379' title='bbox 456 2615 501 2651; x_wconf 61' lang='lat' dir='ltr'>da·</span> <span class='ocrx_word' id='word_1_380' title='bbox 529 2615 734 2653; x_wconf 71' lang='lat' dir='ltr'>Pozzzcolo</span> <span class='ocrx_word' id='word_1_381' title='bbox 766 2628 798 2653; x_wconf 90' lang='lat' dir='ltr'>c.</span> <span class='ocrx_word' id='word_1_382' title='bbox 829 2617 897 2656; x_wconf 79' lang='lat'>20.</span> <span class='ocrx_word' id='word_1_383' title='bbox 957 2614 1075 2662; x_wconf 88' lang='lat' dir='ltr'>Olim,</span> <span class='ocrx_word' id='word_1_384' title='bbox 1115 2619 1159 2651; x_wconf 89' lang='lat' dir='ltr'>ut</span> <span class='ocrx_word' id='word_1_385' title='bbox 1189 2626 1239 2650; x_wconf 78' lang='lat' dir='ltr'>ex</span> <span class='ocrx_word' id='word_1_386' title='bbox 1269 2614 1462 2651; x_wconf 85' lang='lat' dir='ltr'>Strabone</span> <span class='ocrx_word' id='word_1_387' title='bbox 1493 2628 1561 2651; x_wconf 88' lang='lat' dir='ltr'>co-</span> 
     </span>
     <span class='ocr_line' id='line_1_43' title="bbox 56 2669 1562 2724; baseline 0.002 -19"><span class='ocrx_word' id='word_1_388' title='bbox 56 2669 262 2719; x_wconf 82' lang='lat' dir='ltr'>gnoscitur</span> <span class='ocrx_word' id='word_1_389' title='bbox 290 2670 358 2710; x_wconf 90' lang='lat' dir='ltr'>lib.</span> <span class='ocrx_word' id='word_1_390' title='bbox 388 2671 435 2721; x_wconf 89' lang='lat' dir='ltr'>V,</span> <span class='ocrx_word' id='word_1_391' title='bbox 477 2685 515 2724; x_wconf 87' lang='lat' dir='ltr'>p.</span> <span class='ocrx_word' id='word_1_392' title='bbox 555 2672 639 2715; x_wconf 81' lang='lat'>244</span> <span class='ocrx_word' id='word_1_393' title='bbox 671 2672 716 2721; x_wconf 90' lang='lat' dir='ltr'>A,</span> <span class='ocrx_word' id='word_1_394' title='bbox 759 2686 829 2710; x_wconf 85' lang='lat' dir='ltr'>ora</span> <span class='ocrx_word' id='word_1_395' title='bbox 865 2672 1064 2710; x_wconf 76' lang='lat' dir='ltr'>maritima</span> <span class='ocrx_word' id='word_1_396' title='bbox 1100 2671 1155 2708; x_wconf 87' lang='lat' dir='ltr'>ita</span> <span class='ocrx_word' id='word_1_397' title='bbox 1191 2670 1252 2708; x_wconf 90' lang='lat' dir='ltr'>his</span> <span class='ocrx_word' id='word_1_398' title='bbox 1283 2672 1448 2709; x_wconf 84' lang='lat' dir='ltr'>lacubus</span> <span class='ocrx_word' id='word_1_399' title='bbox 1477 2677 1562 2708; x_wconf 81' lang='lat' dir='ltr'>erat</span> 
     </span>
    </p>
   </div>
   <div class='ocr_carea' id='block_1_3' title="bbox 105 2788 337 2796">
    <p class='ocr_par' dir='ltr' id='par_1_4' title="bbox 105 2788 337 2796">
     <span class='ocr_line' id='line_1_44' title="bbox 105 2788 337 2796; baseline 0 0"><span class='ocrx_word' id='word_1_400' title='bbox 105 2788 337 2796; x_wconf 95' lang='lat' dir='ltr'> </span> 
     </span>
    </p>
   </div>
   <div class='ocr_carea' id='block_1_4' title="bbox 55 2862 1556 2944">
    <p class='ocr_par' dir='ltr' id='par_1_5' title="bbox 55 2862 1556 2944">
     <span class='ocr_line' id='line_1_45' title="bbox 149 2862 1556 2907; baseline -0.003 -12"><span class='ocrx_word' id='word_1_401' title='bbox 149 2862 177 2904; x_wconf 76' lang='lat'>⁸)</span> <span class='ocrx_word' id='word_1_402' title='bbox 202 2863 445 2896; x_wconf 80' lang='lat' dir='ltr'>Acherontem</span> <span class='ocrx_word' id='word_1_403' title='bbox 469 2862 528 2895; x_wconf 80' lang='lat' dir='ltr'>alii</span> <span class='ocrx_word' id='word_1_404' title='bbox 555 2874 631 2896; x_wconf 89' lang='lat' dir='ltr'>eum</span> <span class='ocrx_word' id='word_1_405' title='bbox 657 2875 733 2896; x_wconf 89' lang='lat' dir='ltr'>esse</span> <span class='ocrx_word' id='word_1_406' title='bbox 756 2863 900 2903; x_wconf 89' lang='lat' dir='ltr'>volunt,</span> <span class='ocrx_word' id='word_1_407' title='bbox 937 2862 995 2907; x_wconf 90' lang='lat' dir='ltr'>qui</span> <span class='ocrx_word' id='word_1_408' title='bbox 1029 2875 1119 2896; x_wconf 88' lang='lat' dir='ltr'>nunc</span> <span class='ocrx_word' id='word_1_409' title='bbox 1143 2864 1240 2894; x_wconf 79' lang='lat' dir='ltr'>Laco</span> <span class='ocrx_word' id='word_1_410' title='bbox 1265 2862 1303 2894; x_wconf 78' lang='lat' dir='ltr'>di</span> <span class='ocrx_word' id='word_1_411' title='bbox 1325 2863 1467 2894; x_wconf 76' lang='lat' dir='ltr'>Fusaro</span> <span class='ocrx_word' id='word_1_412' title='bbox 1494 2865 1556 2891; x_wconf 87' lang='lat' dir='ltr'>est.</span> 
     </span>
     <span class='ocr_line' id='line_1_46' title="bbox 55 2907 928 2944; baseline 0.001 -3"><span class='ocrx_word' id='word_1_413' title='bbox 55 2907 124 2942; x_wconf 71' lang='lat' dir='ltr'>Alii</span> <span class='ocrx_word' id='word_1_414' title='bbox 148 2908 194 2942; x_wconf 85' lang='lat' dir='ltr'>ad</span> <span class='ocrx_word' id='word_1_415' title='bbox 217 2910 326 2942; x_wconf 81' lang='lat' dir='ltr'>Mare</span> <span class='ocrx_word' id='word_1_416' title='bbox 349 2919 530 2942; x_wconf 76' lang='lat' dir='ltr'>mortuum</span> <span class='ocrx_word' id='word_1_417' title='bbox 553 2921 680 2943; x_wconf 86' lang='lat' dir='ltr'>nomen</span> <span class='ocrx_word' id='word_1_418' title='bbox 701 2910 928 2944; x_wconf 86' lang='lat' dir='ltr'>transferunt.</span> 
     </span>
    </p>
   </div>
  </div>
 </body>
</html>
