1779 3420
165 218 264 264 888
484 214 537 262 Ρ.
583 213 942 261 VIRGILII
986 211 1360 261 MARONIS

168 341 411 402 Quatuor
431 339 518 389 hic
544 340 781 406 primum
801 338 1052 402 nigrantis
1073 346 1219 401 terga
1244 337 1497 386 iuvencos

169 409 478 473 Constituit,
515 408 791 475 frontique
811 408 1035 471 invergit
1053 407 1172 456 vina
1193 406 1466 467 sacerdos3

165 480 234 529 Et
252 495 486 528 summas
510 494 730 544 carpens
754 476 935 525 media
956 477 1096 525 inter
1117 493 1315 525 cornua
1337 484 1517 538 saetas,
1583 478 1684 527 245

166 548 384 612 Ignibus
405 549 616 615 inponit
637 547 793 596 sacris
807 586 820 607 ,
857 545 1109 594 libamina
1129 546 1316 611 prima,

167 621 315 669 Voce
362 634 557 668 vocans
596 620 834 666 Hecaten
850 656 862 679 ,
918 614 1198 680 Coeloque
1250 615 1540 681 Ereboque
1585 630 1685 679 po-

957 693 1179 735 tentem.

170 757 494 823 Supponunt
514 754 595 804 alii
626 753 846 815 cultros,
883 753 1239 820 tepidumque
1266 769 1515 802 cruorem

170 827 475 892 Suscipiunt
494 825 701 891 pateris.
775 826 895 889 Ipse
923 824 1019 872 atri
1047 823 1255 873 velleris
1280 838 1469 886 agnam

166 900 373 946 Aeneas
394 895 549 943 matri
567 893 934 944 Eumenidum
955 909 1290 960 magnaeque
1314 892 1487 941 sorori
1584 894 1686 943 250

166 967 307 1015 Ense
339 964 487 1027 serit,
528 963 877 1030 sterilemque
907 963 1029 1027 tibi,
1067 963 1412 1028 Proserpina,
1460 977 1684 1011 vaccam.

170 1038 312 1084 Tum
336 1035 514 1100 Stygio
534 1034 647 1098 regi
669 1042 956 1082 nocturnas
977 1033 1193 1083 inchoat
1218 1048 1344 1096 araS,

168 1151 253 1197 gilio
273 1151 498 1198 relinquitur3
524 1163 631 1197 quare
650 1151 754 1184 etiam
773 1151 832 1192 111,
849 1150 930 1186 614.
955 1157 990 1183 et
1007 1151 1087 1192 XII,
1107 1150 1186 1185 515.
1219 1156 1316 1183 recte
1342 1148 1515 1182 retinetur
1544 1159 1686 1181 nomen.

167 1202 238 1232 Iam
265 1199 349 1244 quid
376 1200 514 1244 gravius
543 1204 666 1243 potest
702 1210 778 1231 esse
807 1198 853 1231 ad
878 1197 1136 1242 coarguendam
1167 1196 1338 1230 eiusmodi
1366 1196 1543 1236 fraudem,
1586 1205 1688 1239 quam

168 1246 256 1280 haec
275 1247 362 1279 tria:
389 1247 559 1279 librorum
579 1246 959 1290 praestantissimorum
978 1244 1188 1285 auctoritas,
1212 1250 1250 1276 ut
1271 1243 1425 1277 Servium
1447 1249 1581 1275 taceam
1605 1242 1687 1274 No-

168 1292 349 1337 uiumque,
374 1300 470 1326 certa
489 1293 626 1326 alienae
656 1291 803 1336 originis
828 1291 979 1334 indicia,
1014 1290 1123 1336 ipsius
1150 1291 1320 1323 orationis
1348 1288 1516 1323 habitus?
1565 1289 1688 1331 Itaque

167 1340 243 1373 iure
264 1340 352 1373 mihi
373 1341 496 1373 videor
514 1340 659 1372 eiecisse
686 1339 779 1372 hunc
805 1350 953 1373 versum.
985 1338 1080 1382 lVr.)
1129 1338 1248 1370 lacum
1277 1338 1346 1370 duo
1377 1335 1571 1369 Heinsiani.
1619 1336 1687 1368 Pro

167 1390 322 1420 Aornon
343 1387 403 1420 alii
422 1390 590 1421 Aornum
615 1392 651 1419 et
668 1389 875 1425 Avernum,
900 1392 936 1418 et
965 1387 1068 1420 VOSS.
1089 1386 1252 1418 Averna.
1345 1384 1416 1418 243
1436 1384 1578 1429 primus
1607 1382 1687 1414 Me—

169 1433 237 1466 dic.
257 1445 276 1466 a
293 1446 345 1479 pr.
368 1446 414 1466 m.
508 1432 578 1468 244
601 1433 781 1479 immergit
809 1432 865 1466 ed.
883 1433 974 1466 Ven.
1067 1431 1137 1466 245
1163 1443 1302 1464 samma
1319 1431 1421 1464 Rom.
1515 1429 1582 1464 248
1609 1437 1688 1461 tre—

163 1480 293 1527 pidam
311 1493 364 1526 pr.
387 1480 511 1513 Hamb.
605 1480 676 1515 249
701 1480 915 1525 Succipiunc
931 1478 1070 1512 Servius
1091 1478 1250 1522 legerat,
1286 1490 1361 1511 cum
1381 1477 1471 1510 Gud.
1500 1482 1535 1509 et
1563 1475 1687 1518 fragm.

168 1527 281 1560 vatic.
374 1529 442 1563 251
469 1526 701 1572 sterilemque
711 1525 807 1571 fierit
826 1525 958 1558 Zulich.
986 1538 1006 1559 a
1024 1538 1068 1558 m.
1093 1537 1146 1570 pr.
1242 1525 1312 1560 252
1346 1525 1452 1570 regni
1477 1525 1578 1556 Rom.
1626 1524 1687 1554 in-

169 1582 253 1608 coat
281 1574 424 1619 Virgilii
453 1580 569 1608 aetate
597 1573 765 1620 scriptum
797 1584 874 1606 esse
893 1572 1028 1606 debuit.
1051 1573 1135 1617 (non
1155 1573 1296 1614 ιἠεοαε,
1321 1572 1383 1604 sed
1400 1570 1560 1604 incohat.
1590 1569 1687 1612 Wr.)

227 1668 310 1711 243
340 1684 423 1722 sqq.
466 1670 592 1708 Totus
620 1669 689 1708 hic
716 1667 899 1707 sacrificii

170 1726 247 1764 diis
269 1727 405 1765 inseris
422 1729 516 1766 sacti
543 1733 760 1779 apparatus
789 1726 899 1777 apud

169 1785 305 1836 plures
331 1792 470 1836 poetas
504 1785 702 1832 occurrit,
754 1783 900 1822 ductus

170 1856 221 1880 ex
242 1842 406 1881 Homeri
427 1843 608 1895 pluribus
627 1842 743 1880 locis:
767 1841 899 1892 inpri-

170 1900 243 1937 mis
265 1899 408 1952 odyss.
429 1917 468 1950 κ,
489 1902 584 1942 517.
611 1903 645 1947 λ,
667 1901 734 1941 25.
765 1901 900 1936 inver-

167 1966 256 2007 git,
300 1959 538 2009 elegantius,
577 1971 718 2008 quam,
759 1955 902 1994 infun-

173 2015 251 2063 dit,
284 2015 583 2067 nihilampliuS.
646 2017 699 2052 Et
719 2028 900 2051 summas

170 2088 362 2123 carpeti&
406 2074 581 2125 pertinet
618 2072 669 2110 ad
711 2071 902 2110 Homeri-

172 2145 283 2169 cum:
312 2126 420 2171 ’Ait'
442 2127 511 2185 ὅγ’
536 2127 818 2183 ἀπαρχόμενος
839 2144 903 2168 κε-

172 2192 309 2241 φαλῆς
347 2191 483 2242 τρίχας
521 2188 564 2229 ἐν
611 2187 712 2240 πυρὶ
741 2185 902 2240 βάλλεν.

171 2247 254 2284 Iam
281 2248 385 2284 inter
415 2247 602 2285 victimae
633 2245 902 2284 consecratio-

172 2317 286 2354 nem,
319 2305 487 2355 quaesit
509 2305 604 2343 vino
628 2305 670 2341 in
701 2308 823 2355 caput
852 2303 903 2339 11-

171 2362 267 2399 bato
289 2392 298 2410 ,
350 2368 390 2400 et
427 2363 535 2414 pilo,
587 2368 793 2411 tamquam
828 2374 902 2411 pro

174 2415 403 2471 ἀπαρχαῖς,
455 2420 592 2458 evulso
632 2427 671 2458 et
714 2423 903 2466 cremato,

174 2477 458 2527 concipiuntur
476 2491 625 2529 preces,
646 2492 684 2515 v.
707 2491 739 2514 e.
760 2476 903 2527 Odyss.

174 2551 210 2585 y,
229 2533 325 2574 445.
347 2534 441 2577 446.
505 2536 640 2585 [taque
673 2534 712 2572 11.
741 2534 766 2572 1.
803 2533 902 2571 sub-

175 2592 329 2629 iicitur:
379 2594 488 2629 Voce
526 2608 674 2629 rorans
699 2594 897 2629 lla-alen.

177 2649 272 2687 inde
296 2652 532 2699 Supponunt
551 2652 696 2686 cultros·
723 2662 774 2685 ex·
807 2649 903 2685 reli-

175 2708 288 2757 gione
310 2707 349 2743 111
369 2707 489 2743 sacris
517 2707 652 2743 inseris
686 2706 900 2752 notissima,

176 2772 222 2802 ut
252 2778 376 2815 prona
409 2771 448 2801 et
478 2778 623 2801 cernua
658 2769 901 2800 mactaretur

176 2823 336 2860 victima
369 2822 445 2859 diis
479 2822 626 2858 inseris.
687 2820 782 2857 Mox
810 2834 900 2856 slm-

175 2883 329 2928 ‹·1.'s›1'11t1t
345 2881 535 2930 l‘ompon.
553 2879 642 2915 sab.
664 2878 901 2926 „antiquum

178 2938 341 2974 xtrbuiu
379 2940 492 2985 est;“
543 2936 691 2973 scilicet
725 2949 797 2986 pro
831 2949 901 2969 m·—

957 1670 1113 1719 cipizmt
1133 1666 1302 1718 vulgari.
1351 1665 1416 1703 Sic
1430 1665 1460 1714 I,
1486 1665 1566 1706 175
1588 1665 1687 1702 Sas-

957 1729 1139 1778 cepitque
1180 1727 1316 1776 ignem
1344 1725 1468 1774 juliis
1503 1736 1578 1774 pro
1614 1735 1688 1759 ex-

957 1784 1074 1835 cepit.

1015 1838 1274 1881 249—251.
1315 1840 1456 1876 Marer
1491 1839 1688 1874 Eumeni-

957 1898 1079 1945 dum,
1115 1897 1206 1935 Nox
1237 1894 1325 1948 (inf.
1359 1897 1445 1945 XII,
1478 1894 1576 1937 846.
1607 1894 1688 1931 Ae-

959 1955 1086 2007 schyl.
1117 1956 1282 1993 Eumen.
1317 1952 1438 2006 322),
1482 1958 1522 1989 et
1551 1952 1689 1990 Noctis

959 2027 1089 2060 soror,
1125 2013 1270 2061 Terra,
1302 2018 1350 2049 ut
1380 2012 1542 2048 Servius
1568 2016 1688 2047 nota-

961 2071 1048 2120 vit,
1079 2071 1258 2120 adeoque
1283 2082 1332 2107 ex
1362 2069 1489 2117 Chao,
1519 2067 1690 2119 theogo-

960 2129 1025 2166 nia
1054 2129 1103 2166 ab
1133 2128 1324 2166 Hesiodea
1354 2133 1392 2165 et
1421 2126 1688 2178 Apollodorea

960 2187 1108 2238 partini
1137 2186 1295 2225 diversa
1324 2185 1471 2237 partim
1501 2197 1689 2234 congrua.

961 2244 1048 2282 Alio
1081 2243 1202 2282 modo
1229 2243 1391 2282 variant
1432 2242 1509 2279 alii.
1569 2241 1689 2292 Apud

962 2302 1091 2340 Valer.
1116 2302 1175 2340 Fl.
1210 2302 1236 2350 1,
1274 2304 1357 2343 796
1385 2306 1476 2352 post
1505 2299 1626 2337 Diceu
1658 2314 1687 2336 s.

961 2360 1178 2409 Iustitiam,
1216 2360 1460 2397 invocantur
1499 2358 1690 2394 Ullrz'oes-

963 2433 1038 2469 ‹sm›
1058 2419 1156 2454 (leae
1172 2447 1182 2466 ,
1220 2419 1379 2468 Fasque
1399 2425 1433 2452 el
1448 2417 1689 2464 grandaeva

963 2477 1161 2513 fimorum
1197 2478 1339 2513 Poena
1364 2488 1539 2524 parens:
1598 2478 1690 2510 sunt

962 2533 1061 2570 adeo
1085 2533 1297 2570 Furiarum
1325 2538 1508 2582 parentes
1535 2532 1620 2567 Fas
1652 2536 1691 2566 et

964 2594 1122 2628 vl’oenan.
1189 2591 1285 2642 Ipsis
1313 2588 1596 2626 liunionidibus
1623 2601 1689 2623 sa-

963 2662 1074 2685 crum
1102 2648 1196 2684 sarit
1225 2648 1355 2697 Scipio
1384 2647 1470 2682 loco
1500 2645 1593 2682 hinc
1617 2658 1690 2681 ex-

962 2719 1094 2756 presso
1118 2706 1235 2742 Silius
1260 2706 1310 2750 X,
1339 2704 1421 2743 429
1445 2716 1528 2752 sqq.
1577 2704 1690 2739 sieri-

959 2765 1035 2799 sem
1060 2777 1227 2799 vac-cam
1244 2792 1252 2808 ‚
1283 2776 1327 2798 cx
1353 2761 1552 2809 religionis
1575 2773 1690 2811 prac—

960 2821 1109 2870 srripto
1165 2824 1322 2871 στεῖραν
1376 2820 1494 2871 βοῦν.
1547 2818 1690 2869 odyss.

960 2881 995 2924 λ,
1028 2880 1094 2917 30.

1020 2937 1100 2974 :252
1126 2956 1180 2961 —
1203 2934 1297 2974 254.
1346 2941 1558 2970 nocuimus
1599 2946 1698 2971 araas
