1779 3420
114 189 220 239 234
477 176 1284 230 EXCURsUsvn

116 315 367 365 tandemque
391 312 579 351 cuniculo
613 311 877 349 subterraneo
901 315 1033 347 totum
1064 307 1268 345 conditur.
1330 305 1490 341 liet-am
1512 303 1555 340 id
1575 302 1656 339 {lu-

117 388 210 414 men
235 386 341 422 esse,
382 371 580 411 Valvasor
613 369 752 418 docet,
794 368 863 419 qui
886 367 1037 406 rectius
1065 365 1168 404 haec
1189 363 1378 415 exponit,
1409 375 1529 413 quam
1559 361 1658 398 Clu—

117 433 269 474 verius,
329 430 548 469 Enimvero
575 429 654 466 iam
688 426 797 480 apud
819 426 1058 464 Strabonem
1081 424 1149 463 lib.
1173 424 1220 462 V.
1240 436 1278 474 p.
1304 424 1387 463 329
1407 420 1454 459 A.
1486 418 1658 457 Posido-

119 492 233 532 nium
262 489 343 529 hoc
365 489 475 528 idem
502 486 719 526 tradidisse
751 485 908 533 videas,
946 497 966 520 e
992 483 1200 522 montibus
1232 480 1413 518 delatum
1445 478 1657 516 Timavum

118 549 313 602 voragine
341 554 475 587 terrae
508 545 737 593 absorberi,
780 539 867 583 εἶθ’
906 539 991 582 ’ὑπό
1032 544 1108 594 γῆς
1134 538 1351 592 ἐνεχθέντα
1388 537 1480 590 περὶ
1512 533 1658 577 ἑκατόν

119 609 188 651 καὶ
209 613 231 650 λ
251 608 442 655 σταδίους
472 603 604 659 (XVII
624 603 748 641 millia
767 598 976 654 passuum)
1005 598 1071 640 ἐπὶ
1092 601 1146 655 τῇ
1172 592 1355 652 θαλάττῃ
1385 593 1462 648 τήν
1483 591 1658 648 ἐκβολήν

119 671 336 710 ποιεῖσθαι
353 665 457 704 male
475 663 694 715 accipitur:
735 663 778 697 in
803 674 914 696 mare
943 658 1123 709 (jsssuere.
1184 656 1297 694 Vert.
1318 655 1376 692 acl
1397 668 1507 691 mare
1523 683 1533 702 ‚
1580 667 1660 690 non

120 727 241 778 longe
269 739 296 762 α
323 725 451 773 mari,
484 723 613 759 emilii
641 722 798 757 ilerum.
862 717 953 755 Hoc
981 715 1133 754 Plinius
1159 713 1289 752 tradit
1313 713 1381 750 lib.
1411 712 1460 761 ΙΙ,
1493 726 1523 750 s.
1554 713 1658 752 106:

123 787 178 823 Ec
199 787 241 822 in
261 783 430 822 Λίίηαίε
447 794 595 830 campo
604 780 768 829 slavia-s·
791 791 943 814 mersus
960 782 1058 826 post
1089 774 1185 811 XX
1210 773 1314 809 mill.
1335 784 1536 822 passuum,
1559 770 1655 816 exit,

123 852 160 881 et
188 845 231 881 in
263 840 520 894 Aquileiensi
552 839 762 874 ffl'c'nmvus.
828 835 970 872 Restat
1004 838 1053 870 ut
1089 832 1168 870 hoc
1205 843 1463 877 moneamus,
1497 828 1661 879 soulem

130 902 297 939 Τιἠιιινί
324 899 363 939 h.
393 899 418 936 l.
447 911 521 950 pro
541 896 627 948 ipso
647 895 816 932 Timavo
847 892 947 942 dici3
977 905 1069 930 eum
1098 896 1231 929 auten]
1260 889 1314 926 ita
1337 901 1548 939 superasse
1571 885 1660 923 An-

124 967 243 998 tenor
269 956 574 1007 intelligendus,
616 960 663 992 ut
695 967 818 991 cursu
842 951 1009 989 naviuin
1037 950 1154 987 iuxta
1184 949 1323 986 littora
1351 951 1534 992 servato,
1567 958 1661 981 nain

125 1032 216 1057 cum
246 1017 369 1055 classe
393 1014 494 1053 haec
526 1014 612 1052 loca
638 1012 759 1060 adiit,
805 1011 906 1048 ostia
935 1008 1049 1047 fluvii
1079 1012 1379 1061 praetervectus
1408 1004 1460 1042 ad
1489 1002 1662 1042 ulterio—

124 1091 188 1116 res
219 1076 354 1128 plagas
378 1080 417 1111 ct
448 1073 686 1111 interiorem
718 1070 850 1108 sinum
874 1073 1072 1121 pergeret.
1134 1068 1205 1105 Est
1233 1065 1338 1103 enim
1366 1064 1398 1101 is
1434 1068 1660 1115 poetarum,

124 1150 166 1175 v.
200 1149 234 1172 e.
279 1147 444 1180 corum,
496 1131 564 1183 qui
605 1128 880 1181 Argonautica
918 1131 1154 1179 exponunt,
1196 1138 1302 1172 mos,
1343 1129 1389 1161 ut
1419 1122 1461 1159 in
1494 1119 1663 1171 naviga—

125 1194 236 1232 tione
274 1193 380 1231 facta
409 1190 560 1229 littoris
586 1188 709 1227 vicini
741 1187 935 1240 populos,
975 1185 1110 1232 urbes,
1156 1189 1196 1221 et
1235 1194 1374 1219 amnes
1411 1183 1662 1217 enumerent.

124 1252 257 1291 Aliam
297 1251 524 1298 rationem,
567 1259 735 1298 eamque
776 1244 1050 1292 subtiliorem,
1083 1239 1360 1294 suppeditavit
1388 1237 1531 1278 IsVoosl
1559 1237 1584 1274 l.
1617 1250 1664 1284 e,

126 1312 245 1350 docet
284 1310 415 1357 enim,
468 1307 769 1358 navigationem
811 1317 862 1341 ex
893 1302 1008 1341 Ionio
1049 1301 1151 1339 mari
1195 1300 1237 1338 in
1279 1297 1475 1337 interiora
1516 1294 1665 1333 Adriae

127 1370 243 1408 aliter
273 1375 366 1407 tuto
400 1366 486 1405 fieri
530 1379 613 1404 non
654 1377 789 1417 posse,
823 1375 946 1413 quam
973 1366 1021 1399 ut
1049 1360 1168 1399 littus
1199 1357 1407 1410 Illyricum
1437 1355 1594 1406 legatur
1608 1351 1664 1406 *):

126 1428 198 1467 ubi
233 1428 285 1465 ad
324 1426 467 1465 intima
497 1425 637 1463 Istriae
677 1428 923 1475 perventum
964 1426 1046 1468 est,
1097 1418 1321 1456 etiamnum
1358 1420 1470 1454 recta
1507 1412 1666 1451 traiici—

127 1495 198 1526 tur
236 1500 348 1524 mare
389 1485 585 1523 adversus
623 1481 824 1522 venetias.
880 1480 930 1517 cf.
960 1478 1048 1516 Liv.
1079 1478 1132 1527 X,
1167 1481 1208 1520 2.
1273 1476 1389 1523 Quae
1421 1471 1665 1519 observatio,

127 1546 203 1584 etsi
230 1545 327 1584 huic
357 1544 447 1582 loco
489 1540 745 1595 expediendo
778 1552 944 1587 prorsus
977 1535 1201 1574 necessaria
1234 1548 1315 1571 non
1357 1538 1436 1581 est,
1490 1530 1665 1568 alterum

127 1612 267 1643 tamen
306 1604 442 1641 locum
482 1601 660 1639 illustrat
699 1600 740 1637 in
783 1597 865 1635 Ecl.
907 1596 1020 1644 VIII,
1063 1598 1101 1637 6.
1129 1597 1168 1642 7,
1206 1593 1275 1630 ubi
1317 1592 1366 1629 de
1409 1588 1667 1640 navigatione

129 1662 258 1702 Asinii
288 1660 479 1700 Pollionis
510 1673 652 1698 versus
672 1656 890 1696 Parthinos
921 1653 1092 1706 lllyrici:
1122 1667 1192 1689 sea
1217 1652 1365 1702 magni
1393 1662 1561 1699 superas
1582 1648 1667 1683 iam

129 1736 236 1760 saxa
272 1722 461 1767 Τιίηανί,
506 1721 590 1756 sive
621 1732 735 1755 oram
763 1716 920 1766 lllyrici
957 1713 1061 1763 legis
1097 1712 1299 1761 aequoris.
1363 1708 1529 1744 Factam
1560 1704 1667 1741 enim

131 1779 355 1819 secundum
396 1778 514 1816 littus
555 1775 853 1827 navigationem
903 1771 1051 1810 innuit.
1133 1770 1321 1806 Ceterum
1372 1765 1485 1803 hunc
1533 1763 1667 1801 locum

132 1839 318 1878 certatim
350 1849 581 1889 expressere
602 1835 811 1880 LucanuS,
844 1830 962 1868 Silius
995 1835 1034 1866 et
1055 1827 1221 1874 Statius,
1251 1825 1319 1877 qui
1346 1825 1515 1863 Timavo
1547 1821 1669 1859 etiam

132 1912 184 1936 ex
213 1897 294 1936 hoc
326 1896 415 1935 loco
448 1894 501 1933 ad
540 1895 647 1947 ipsos
678 1891 894 1930 Patavinos
924 1889 1024 1926 fines
1057 1885 1325 1937 designandos
1356 1883 1515 1935 poetico
1548 1893 1660 1918 more

131 1956 194 1996 usi
225 1961 334 1995 sunt.
394 1954 511 1992 Unde
542 1954 651 1991 inter
681 1949 926 1989 recentiores
968 1945 1099 1985 inanis
1131 1950 1170 1981 et
1199 1958 1304 1983 vana
1336 1942 1386 1980 de
1417 1941 1497 1980 hoc
1527 1939 1668 1987 fluvio,

133 2016 237 2054 sitne
273 2013 470 2053 Patavino
509 2026 604 2064 agro
640 2025 690 2048 an
735 2008 872 2047 Istriae
910 2002 1267 2051 adnumerandus,
1325 2007 1415 2039 orta
1471 2004 1530 2037 est
1566 2010 1669 2035 con—

132 2074 354 2122 troversia5
395 2071 445 2110 de
479 2085 558 2122 qua
597 2069 679 2108 vid.
719 2068 941 2105 Burmann.
972 2063 1096 2117 praef.
1134 2062 1178 2100 T.
1209 2061 1261 2099 VI
1301 2058 1497 2098 Thesauri
1533 2055 1670 2094 Italiae

132 2147 172 2186 p.
208 2135 274 2174 13.
335 2130 415 2169 Sed
450 2135 632 2183 praestat
666 2126 771 2165 illud
813 2124 1008 2172 adiicere,
1048 2127 1188 2160 nostro
1229 2119 1401 2165 iudicio,
1455 2117 1486 2154 si
1526 2127 1669 2154 verum

133 2191 298 2243 quidem
328 2189 450 2228 huius
480 2188 602 2227 moris
632 2198 794 2224 sensum
822 2184 978 2221 animus
1013 2179 1192 2228 imbibit,
1235 2192 1286 2216 ex
1317 2176 1518 2215 anteriore
1538 2179 1670 2226 poeta,

134 2256 175 2288 et
208 2249 372 2301 quidem
405 2248 585 2296 Graeco,
625 2245 693 2296 qui
725 2256 836 2281 nunc
861 2240 1040 2288 interiit,
1071 2239 1173 2278 forte
1206 2235 1575 2289 Argonauticoruin
1601 2236 1672 2269 aut

136 2307 399 2347 Antenoridis
425 2307 647 2359 scriptore,
687 2301 901 2353 Virgilium
934 2313 1004 2338 sua
1034 2297 1288 2336 transtulisse
1320 2293 1472 2342 videri;
1502 2290 1613 2332 unde
1634 2295 1672 2326 et

136 2367 279 2405 eodem
314 2379 430 2404 amne
471 2379 569 2404 usus
601 2369 661 2401 est
703 2361 753 2399 ad
796 2359 921 2397 Asinii
962 2356 1150 2395 Pollionis
1189 2353 1487 2405 navigationem
1536 2348 1672 2387 decla-

134 2426 309 2464 randam
336 2425 363 2463 l.
391 2438 424 2462 c.
484 2424 554 2462 Est
583 2422 690 2460 enim
720 2426 760 2457 et
787 2419 830 2456 in
861 2416 1047 2455 ornando
1079 2413 1247 2463 nimius,
1280 2411 1391 2463 quod
1424 2411 1506 2449 sere
1535 2409 1574 2446 in
1606 2413 1673 2445 ta-

135 2484 243 2522 libus
272 2482 370 2522 locis
397 2482 520 2531 solet,
559 2488 601 2519 et
631 2483 868 2518 ornamenta
904 2474 1040 2528 paullo
1069 2471 1333 2523 exquisitiora
1363 2468 1557 2508 cumulat.

233 2660 259 2700 Ἰ
291 2657 444 2692 lVood's
464 2659 584 2698 Essay
605 2667 652 2687 on
674 2653 735 2685 tlte
759 2650 924 2696 original
943 2649 1086 2681 Genius
1110 2646 1303 2693 ofHomer
1326 2657 1359 2690 p.
1381 2642 1425 2680 54
1445 2653 1520 2687 sqq.
