1827 3436
359 220 778 270 AENEIDos
818 223 957 274 ΜΒ.
1003 226 1067 288 11,
1105 233 1326 281 30—39

1502 242 1597 288 271

94 349 229 400 Duci
250 349 385 397 intra
406 363 593 395 muros
615 346 887 413 hortatur,
927 358 979 398 et
1002 368 1120 401 arce
1145 352 1329 415 locari3

98 422 218 469 Sive
243 417 397 479 dolo,
435 433 531 465 seu
553 417 657 465 iam
685 419 877 468 Troiae
901 420 973 468 sic
998 419 1102 470 sata
1124 420 1383 476 serebant.

94 496 161 540 At
183 491 375 553 Capys,
414 495 466 535 et
486 503 721 552 quorum
742 489 940 538 melior
960 493 1220 541 sententia
1239 496 1424 557 menti,¹

1539 501 1604 549 35

92 563 198 609 Aut
218 557 408 623 pelago
427 559 670 606 Danaum
696 559 906 608 insidias
929 571 1280 629 suspectaque
1308 563 1448 613 dona

92 628 447 693 Praecipitare
468 627 682 692 iubent,
720 629 1077 696 subiectisque
1100 649 1258 681 urere
1280 631 1529 686 flammis:

92 703 197 749 Aut
227 696 501 747 terebrare
529 715 675 747 cavas
707 700 845 748 uteri
878 709 930 749 et
957 710 1163 751 tentare
1190 702 1427 755 latebras,

92 768 364 818 Scinditur
382 768 648 818 incertum
670 769 843 819 studia
868 770 921 819 iu
947 772 1204 822 contraria
1228 773 1428 838 volgus,

159 868 240 916 37.
281 877 618 912 sUBIEcrrst

183 1004 228 1039 33
252 1003 351 1036 inter
374 1003 465 1036 Ven.
512 1001 616 1049 infra
640 1015 708 1037 sec.
734 1004 860 1037 Moret.
911 1006 948 1037 in
975 1016 1060 1037 arce
1093 1015 1149 1049 qu.
1174 1003 1302 1038 Moret.

1406 1005 1451 1040 34
1476 1018 1603 1039 mane-

90 1050 178 1084 bant
203 1063 256 1095 pr.
283 1050 407 1082 Hamb.
453 1049 640 1096 parabant
666 1051 763 1084 alter.
799 1051 906 1094 (idem
933 1062 970 1082 se
995 1050 1029 1083 in
1057 1051 1191 1083 duobus
1218 1052 1301 1084 Mss.
1336 1051 1510 1085 invenisse
1544 1059 1602 1084 te-

90 1104 202 1131 statur
236 1097 373 1130 Cortius
410 1097 455 1129 ad
488 1097 615 1130 Lucan.
650 1099 717 1138 VI,
751 1099 831 1132 783.

872 1098 966 1140 Wr.)
1023 1097 1196 1130 volebant
1219 1098 1392 1132 Montalb.
1428 1100 1490 1132 sed
1522 1099 1602 1132 vide

88 1147 203 1178 Burm.
231 1143 427 1188 Trappius,
453 1155 523 1176 nou
548 1144 636 1177 adeo
661 1145 871 1188 inelegantis
897 1145 949 1176 vir
973 1143 1112 1186 iudicii,
1138 1156 1257 1177 versus
1283 1146 1436 1178 malebat
1460 1146 1509 1178 sie
1527 1145 1603 1178 dis-

88 1192 193 1238 poni:
219 1195 268 1225 Ec
293 1191 420 1224 molem
442 1211 486 1215 —
507 1193 594 1224 Sive
617 1192 702 1225 dolo
725 1212 768 1215 —
788 1193 884 1224 Daci
906 1193 1026 1232 intra,
1070 1192 1164 1236 quod
1188 1191 1326 1224 mollius
1362 1192 1445 1237 quid
1470 1193 1602 1225 habere

88 1239 158 1284 ipsi
193 1239 389 1272 videbatur.
447 1239 554 1271 Recte
581 1238 731 1282 quidem.
787 1239 876 1279 Sed,
915 1245 952 1270 ut
976 1249 1066 1271 nunc
1100 1244 1171 1279 est,
1216 1238 1354 1282 gravior
1389 1247 1442 1271 est
1476 1239 1600 1272 oratio.

87 1287 133 1323 35
164 1300 208 1320 m.
245 1299 273 1319 S.
307 1286 429 1330 surgit
462 1297 532 1318 see.
567 1286 690 1318 Hamb.
730 1298 770 1318 ex
804 1287 838 1326 I,
869 1286 948 1320 582.
983 1296 1048 1329 pro
1084 1286 1214 1325 menti,
1247 1286 1348 1318 cordi
1377 1286 1484 1318 Goth.
1517 1292 1599 1318 tert.

87 1335 133 1369 37
158 1333 285 1367 iubent
307 1332 417 1364 habet
443 1332 545 1364 codd.
573 1338 609 1364 et
632 1332 935 1377 grammaticorum
961 1332 1221 1371 auctoritaten13
1256 1344 1326 1364 non
1350 1333 1458 1365 minus
1484 1339 1601 1365 tamen

88 1380 204 1426 gravis
232 1386 286 1413 est
311 1379 397 1411 fides
422 1378 474 1424 τῷ
499 1378 609 1412 iubet.
643 1392 674 1412 v.
702 1379 821 1412 Heins.
865 1377 1005 1423 (iubent
1037 1391 1117 1411 vera
1151 1385 1204 1410 est
1228 1378 1353 1419 lectio,
1391 1380 1460 1412 vid.
1486 1381 1529 1420 Q.
1555 1381 1598 1412 V.

86 1430 180 1469 VIII,
206 1428 239 1462 5.
269 1427 365 1470 lVr.)
415 1427 499 1458 Mox
523 1426 725 1469 legebatur:
751 1425 991 1470 subiectisque
1018 1438 1052 1458 ιι.
1070 1424 1105 1470 f
1154 1426 1262 1458 Recte
1297 1425 1389 1458 inter
1414 1426 1598 1459 Serviana:

87 1496 132 1502 -
158 1475 394 1514 disiunctiva,
428 1485 521 1518 quae
555 1474 614 1506 llic
645 1485 725 1506 esse
758 1472 902 1513 debuit,
937 1483 1017 1504 mox
1051 1479 1186 1504 tamen:
1212 1492 1256 1496 —
1281 1475 1446 1518 Antiqua
1478 1481 1599 1505 tamen

86 1522 314 1568 exemplaria
348 1532 390 1552 ve
425 1519 559 1553 habere
583 1521 836 1553 inveniuntur.
885 1521 960 1552 Nec
993 1519 1138 1560 dubito,
1173 1531 1218 1551 ve
1251 1531 1326 1551 esse
1361 1519 1598 1552 scribendum:

88 1568 152 1604 etsi
176 1567 306 1614 passim
331 1566 396 1599 viri
422 1566 518 1599 docti
545 1573 741 1612 repugnant
766 1573 801 1599 et
836 1579 904 1612 que
929 1565 1137 1598 disiunctive
1162 1565 1247 1610 poni
1273 1565 1378 1598 aiunt.
1426 1567 1515 1599 Nam
1541 1565 1599 1598 di-

85 1629 188 1651 versa
214 1614 309 1647 haud
335 1613 439 1646 dubie
464 1614 557 1645 inter
582 1626 619 1646 se
645 1619 881 1658 apponuntur.
931 1613 982 1645 Ita
1008 1619 1042 1645 et
1067 1608 1216 1656 ἥὲ-ἠὲ
1244 1612 1366 1656 OdySS.
1392 1612 1416 1645 l.
1442 1625 1470 1645 c.
1512 1614 1600 1656 <Re-

85 1663 207 1697 vocavi
239 1662 408 1694 librorum
443 1672 523 1693 mss.
560 1661 749 1694 lectionem
782 1659 1040 1704 subiectisque,
1075 1659 1230 1692 rationes
1265 1658 1439 1703 expositas
1464 1658 1599 1691 videbis

87 1713 130 1752 Q.
155 1712 200 1743 V.
234 1709 433 1748 XXXIIII,
460 1709 491 1742 1.
526 1714 559 1741 et
582 1709 767 1748 XXXVI,
804 1709 858 1741 10.
907 1705 1087 1739 Consentit
1120 1705 1428 1748 VVundcrlichius,
1452 1705 1598 1739 laudans

86 1757 217 1792 Tibull.
244 1758 268 1795 Ι,
294 1757 328 1795 9,
352 1754 430 1791 49.;
477 1754 564 1797 „Illa
596 1755 700 1787 velim
733 1754 856 1798 rapida
880 1753 1057 1787 Vulcanus
1091 1752 1240 1785 carmina
1272 1752 1408 1786 flamma
1433 1753 1598 1793 Torreat,

87 1813 130 1839 et
153 1803 286 1850 liquida
310 1801 429 1835 deleat
454 1802 562 1835 amnis
589 1804 713 1847 aqua.“
762 1802 846 1834 Item
870 1799 1029 1840 Iahnius,
1060 1799 1227 1832 lectorem
1262 1799 1306 1832 ad
1334 1812 1373 1832 ea
1408 1799 1596 1840 remittens,

86 1864 175 1897 quae
211 1852 287 1896 ipse
322 1849 466 1894 scripsit
495 1849 540 1882 ad
566 1850 629 1882 Ge.
654 1852 679 1890 I,
704 1847 785 1884 441.
821 1854 856 1880 et
888 1848 932 1880 ad
958 1849 1080 1880 Horat.
1118 1849 1189 1879 Sat.
1215 1847 1258 1887 Π,
1282 1846 1316 1887 3,
1343 1848 1420 1882 157.
1455 1866 1498 1872 --
1538 1847 1596 1881 39.

85 1901 221 1946 volgus
242 1897 366 1939 Palat„
392 1897 493 1930 etiam
518 1896 645 1930 Medic.
671 1909 690 1930 a
713 1908 765 1942 pr.
791 1907 848 1937 m.,
872 1895 1010 1940 vulgus
1033 1906 1053 1926 a
1081 1905 1150 1926 sec.
1181 1893 1276 1936 lVr.)

87 2023 306 2068 utrumque
330 2015 457 2064 idem,
492 2020 530 2052 et
550 2015 723 2067 iungunt
743 2020 811 2052 ta-

87 2074 157 2124 lia,
188 2073 310 2111 modo
332 2072 383 2110 ad
399 2073 635 2111 varietatem
658 2073 812 2111 oratio-

86 2133 146 2170 nis
170 2139 210 2170 et
239 2131 413 2183 copiam,
455 2131 577 2169 modo
608 2131 659 2169 ad
690 2144 813 2168 orna—

90 2197 174 2229 tum
197 2191 263 2228 vel
286 2189 368 2227 vim
390 2188 640 2238 addendam,
676 2188 814 2226 eadem

85 2249 250 2287 notione
270 2248 386 2285 aliter
411 2253 531 2297 atque
552 2247 668 2285 aliter
686 2260 814 2298 expo-

86 2307 173 2346 sita.
215 2305 277 2360 (re
313 2318 409 2344 vera
441 2306 552 2355 prius
584 2310 813 2356 stupent,

85 2366 155 2416 qui
197 2366 276 2403 fuit
314 2363 477 2415 primus
519 2376 667 2414 equum
705 2362 816 2400 huuc

85 2422 414 2476 conspicientium
447 2421 632 2470 affectus3
671 2427 815 2472 stupo-

83 2495 168 2521 rem
188 2487 322 2520 secuta
338 2479 511 2518 miratio.
563 2479 645 2527 Qui
668 2483 815 2530 stupet,

82 2539 141 2577 ita
166 2546 356 2578 movetur
394 2538 527 2575 subita
565 2544 636 2576 aut
668 2549 813 2588 magna

84 2598 215 2649 aliqua
233 2611 277 2636 re
302 2596 480 2634 sensibus
497 2595 562 2633 vel
582 2595 713 2633 animo
738 2595 812 2632 ob-

86 2654 196 2705 iecta,
228 2662 275 2694 ut
288 2654 488 2693 rationem
512 2653 563 2690 ad
581 2654 690 2692 illam
713 2666 813 2690 con-

82 2713 341 2752 siderandam
379 2711 569 2749 adhibere
605 2725 689 2749 non
727 2717 812 2748 sta-

82 2771 156 2810 tim
181 2771 325 2824 possit3
376 2784 497 2821 quam
529 2769 711 2818 adhibet,
745 2768 813 2819 qui

82 2829 265 2868 miratur.
303 2827 422 2880 Wr.)
484 2829 694 2878 innuptae,
727 2826 814 2878 epi-

81 2885 224 2925 theton
255 2886 464 2924 manifeste
500 2898 735 2937 expressum
764 2896 814 2921 ex

79 2944 216 2997 Eua-ip.
239 2943 388 2982 Troad.
416 2943 499 2985 536
521 2938 642 2996 χάριν
670 2940 815 2996 ἄζυγος

873 2011 929 2065 (h.
951 2025 984 2050 e.
1006 2007 1190 2065 ἀγάμου,
1235 2010 1476 2064 παρθένου),
1507 2009 1546 2048 h.
1570 2010 1595 2047 l.

869 2076 1031 2108 tantum
1052 2076 1188 2119 ornat3
1229 2070 1280 2106 ad
1308 2083 1392 2107 rem
1413 2067 1512 2105 nihil
1532 2068 1596 2104 sa-

872 2128 938 2166 cit.
977 2129 1126 2165 donum
1139 2130 1363 2174 Minervae,
1388 2126 1426 2164 h.
1446 2126 1471 2163 l.
1486 2125 1595 2175 quod

873 2186 1051 2224 oblatum
1069 2185 1287 2222 Minervae:
1312 2185 1419 2221 Serv.
1442 2184 1513 2220 etsi
1531 2196 1594 2219 se-

872 2244 955 2282 rius
978 2242 1055 2280 hoc
1075 2243 1326 2294 comperiunt
1346 2241 1505 2279 Troiani
1523 2240 1592 2277 ins.

877 2304 970 2343 183.
1003 2300 1102 2354 (vid.
1127 2300 1175 2337 de
1197 2299 1275 2337 hoo
1292 2313 1368 2337 usu
1388 2312 1499 2336 voce.
1519 2298 1594 2334 clo-

873 2374 968 2396 mem
999 2364 1038 2396 et
1065 2373 1208 2395 munus
1237 2358 1339 2406 Eleg.
1373 2356 1422 2393 ad
1442 2355 1593 2393 Messal.

872 2431 910 2469 p.
930 2415 996 2457 44.
1034 2414 1152 2468 VVr.)
1213 2414 1437 2467 Sapientius
1460 2419 1593 2451 autem

871 2474 1057 2525 Virgilius
1096 2473 1145 2510 de
1171 2485 1271 2523 equo
1301 2472 1461 2510 consilia
1496 2471 1594 2508 inire

872 2532 1065 2570 Troianos
1086 2531 1192 2580 facit,
1225 2537 1437 2581 antequam
1462 2529 1502 2566 in
1527 2542 1593 2565 ar-

872 2605 955 2629 cem
982 2590 1179 2628 deductus
1207 2595 1313 2637 crat,
1345 2601 1462 2637 quam
1486 2585 1593 2636 apud

869 2648 1092 2687 Homerum
1132 2647 1307 2684 deducto
1340 2646 1419 2682 iam
1452 2646 1492 2681 in
1526 2658 1593 2680 ar-

870 2720 955 2745 cem
987 2719 1110 2756 equo:
1141 2705 1282 2756 Odyss.
1311 2708 1354 2751 θ’,
1387 2702 1469 2744 504
1497 2713 1591 2751 sqq„

871 2779 891 2802 e
915 2778 994 2815 quo
1023 2764 1112 2801 loco
1136 2762 1322 2814 pleraque
1342 2760 1406 2797 hic
1431 2771 1591 2809 expres-

871 2837 926 2861 sa.
983 2821 1221 2872 Thymoeten
1243 2819 1422 2856 nominat
1445 2830 1492 2853 ex
1519 2828 1591 2852 au-

873 2879 1059 2918 ctoritate
1077 2876 1345 2929 Euphorionis
1360 2906 1369 2923 ,
1399 2879 1589 2925 quantum

873 2937 1036 2989 quidem
1069 2949 1118 2973 ex
1138 2935 1276 2973 Servio
1306 2933 1357 2971 ad
1376 2933 1414 2970 h.
1439 2932 1464 2969 l.
1494 2943 1589 2967 con-
