<?xml version="1.0" encoding="UTF-8"?>
<!DOCTYPE html PUBLIC "-//W3C//DTD XHTML 1.0 Transitional//EN"
    "http://www.w3.org/TR/xhtml1/DTD/xhtml1-transitional.dtd">
<html xmlns="http://www.w3.org/1999/xhtml" xml:lang="en" lang="en">
 <head>
  <title>
</title>
<meta http-equiv="Content-Type" content="text/html;charset=utf-8" />
  <meta name='ocr-system' content='tesseract 3.04.00' />
  <meta name='ocr-capabilities' content='ocr_page ocr_carea ocr_par ocr_line ocrx_word'/>
</head>
<body>
  <div class='ocr_page' id='page_1' title='image "./publiusvirgilius02virguoft/publiusvirgilius02virguoft_0910.png"; bbox 0 0 1779 3420; ppageno 0'>
   <div class='ocr_carea' id='block_1_1' title="bbox 59 233 1260 295">
    <p class='ocr_par' dir='ltr' id='par_1_1' title="bbox 59 233 1260 295">
     <span class='ocr_line' id='line_1_1' title="bbox 59 233 1260 295; baseline -0.011 0"><span class='ocrx_word' id='word_1_1' title='bbox 59 248 164 295; x_wconf 75' lang='lat'>902</span> <span class='ocrx_word' id='word_1_2' title='bbox 388 241 443 290; x_wconf 91' lang='lat' dir='ltr'>P.</span> <span class='ocrx_word' id='word_1_3' title='bbox 482 236 845 289; x_wconf 88' lang='lat' dir='ltr'>VIRGILII</span> <span class='ocrx_word' id='word_1_4' title='bbox 881 233 1260 285; x_wconf 86' lang='lat' dir='ltr'><strong>MARONIS</strong></span> 
     </span>
    </p>
   </div>
   <div class='ocr_carea' id='block_1_2' title="bbox 61 357 1595 1134">
    <p class='ocr_par' dir='ltr' id='par_1_2' title="bbox 61 357 1403 432">
     <span class='ocr_line' id='line_1_2' title="bbox 61 357 1403 432; baseline -0.01 -13"><span class='ocrx_word' id='word_1_5' title='bbox 61 369 161 420; x_wconf 93' lang='lat' dir='ltr'>Ille</span> <span class='ocrx_word' id='word_1_6' title='bbox 185 377 390 419; x_wconf 85' lang='lat' dir='ltr'>autem:</span> <span class='ocrx_word' id='word_1_7' title='bbox 434 369 628 432; x_wconf 82' lang='lat' dir='ltr'>Neque</span> <span class='ocrx_word' id='word_1_8' title='bbox 651 372 704 413; x_wconf 90' lang='lat' dir='ltr'>te</span> <span class='ocrx_word' id='word_1_9' title='bbox 725 361 937 413; x_wconf 84' lang='lat' dir='ltr'>Phoebi</span> <span class='ocrx_word' id='word_1_10' title='bbox 964 360 1167 410; x_wconf 84' lang='lat' dir='ltr'>cortina</span> <span class='ocrx_word' id='word_1_11' title='bbox 1196 357 1403 420; x_wconf 85' lang='lat' dir='ltr'>fefellit,</span> 
     </span>
    </p>

    <p class='ocr_par' dir='ltr' id='par_1_3' title="bbox 62 429 1431 498">
     <span class='ocr_line' id='line_1_3' title="bbox 62 429 1431 498; baseline -0.008 -8"><span class='ocrx_word' id='word_1_12' title='bbox 62 444 179 490; x_wconf 86' lang='lat' dir='ltr'>Dux</span> <span class='ocrx_word' id='word_1_13' title='bbox 201 436 541 496; x_wconf 85' lang='lat' dir='ltr'>Anchisiada,</span> <span class='ocrx_word' id='word_1_14' title='bbox 580 451 682 483; x_wconf 92' lang='lat' dir='ltr'>nec</span> <span class='ocrx_word' id='word_1_15' title='bbox 699 450 791 482; x_wconf 88' lang='lat' dir='ltr'>me</span> <span class='ocrx_word' id='word_1_16' title='bbox 818 433 951 481; x_wconf 88' lang='lat' dir='ltr'>deus</span> <span class='ocrx_word' id='word_1_17' title='bbox 975 447 1211 498; x_wconf 85' lang='lat' dir='ltr'>aequore</span> <span class='ocrx_word' id='word_1_18' title='bbox 1231 429 1431 479; x_wconf 80' lang='lat' dir='ltr'>mersit.</span> 
     </span>
    </p>

    <p class='ocr_par' dir='ltr' id='par_1_4' title="bbox 62 500 1478 577">
     <span class='ocr_line' id='line_1_4' title="bbox 62 500 1478 577; baseline -0.01 -16"><span class='ocrx_word' id='word_1_19' title='bbox 62 514 311 577; x_wconf 79' lang='lat' dir='ltr'>Namque</span> <span class='ocrx_word' id='word_1_20' title='bbox 332 504 719 573; x_wconf 83' lang='lat' dir='ltr'>gubernaclum</span> <span class='ocrx_word' id='word_1_21' title='bbox 742 502 911 552; x_wconf 87' lang='lat' dir='ltr'>multa</span> <span class='ocrx_word' id='word_1_22' title='bbox 936 502 986 550; x_wconf 82' lang='lat' dir='ltr'>vi</span> <span class='ocrx_word' id='word_1_23' title='bbox 1018 500 1162 550; x_wconf 85' lang='lat' dir='ltr'>sorte</span> <span class='ocrx_word' id='word_1_24' title='bbox 1185 500 1478 561; x_wconf 83' lang='lat' dir='ltr'>revolsum,</span> 
     </span>
    </p>

    <p class='ocr_par' dir='ltr' id='par_1_5' title="bbox 66 575 1593 705">
     <span class='ocr_line' id='line_1_5' title="bbox 66 575 1593 638; baseline -0.009 -7"><span class='ocrx_word' id='word_1_25' title='bbox 66 581 166 632; x_wconf 88' lang='lat' dir='ltr'>Cui</span> <span class='ocrx_word' id='word_1_26' title='bbox 229 579 380 629; x_wconf 87' lang='lat' dir='ltr'>datus</span> <span class='ocrx_word' id='word_1_27' title='bbox 445 575 738 628; x_wconf 78' lang='lat' dir='ltr'>haerebam</span> <span class='ocrx_word' id='word_1_28' title='bbox 805 581 1007 635; x_wconf 82' lang='lat' dir='ltr'>custOS‚</span> <span class='ocrx_word' id='word_1_29' title='bbox 1077 587 1370 638; x_wconf 89' lang='lat' dir='ltr'>cursusque</span> <span class='ocrx_word' id='word_1_30' title='bbox 1438 583 1593 632; x_wconf 85' lang='lat' dir='ltr'>rege-</span> 
     </span>
     <span class='ocr_line' id='line_1_6' title="bbox 854 642 1593 705; baseline -0.003 -14"><span class='ocrx_word' id='word_1_31' title='bbox 854 642 996 705; x_wconf 84' lang='lat' dir='ltr'>bam,</span> <span class='ocrx_word' id='word_1_32' title='bbox 1489 644 1593 692; x_wconf 82' lang='lat'>350</span> 
     </span>
    </p>

    <p class='ocr_par' dir='ltr' id='par_1_6' title="bbox 64 709 1435 786">
     <span class='ocr_line' id='line_1_7' title="bbox 64 709 1435 786; baseline -0.012 -14"><span class='ocrx_word' id='word_1_33' title='bbox 64 720 423 786; x_wconf 86' lang='lat' dir='ltr'>Praecipitans</span> <span class='ocrx_word' id='word_1_34' title='bbox 446 715 574 766; x_wconf 81' lang='lat' dir='ltr'>traxi</span> <span class='ocrx_word' id='word_1_35' title='bbox 596 730 829 764; x_wconf 90' lang='lat' dir='ltr'>mecum.</span> <span class='ocrx_word' id='word_1_36' title='bbox 902 711 1067 762; x_wconf 87' lang='lat' dir='ltr'>Maria</span> <span class='ocrx_word' id='word_1_37' title='bbox 1095 727 1279 776; x_wconf 83' lang='lat' dir='ltr'>aspera</span> <span class='ocrx_word' id='word_1_38' title='bbox 1300 709 1435 772; x_wconf 82' lang='lat' dir='ltr'>iuro,</span> 
     </span>
    </p>

    <p class='ocr_par' dir='ltr' id='par_1_7' title="bbox 64 782 1386 854">
     <span class='ocr_line' id='line_1_8' title="bbox 64 782 1386 854; baseline -0.011 -12"><span class='ocrx_word' id='word_1_39' title='bbox 64 796 187 843; x_wconf 82' lang='lat' dir='ltr'>Non</span> <span class='ocrx_word' id='word_1_40' title='bbox 222 789 391 840; x_wconf 88' lang='lat' dir='ltr'>ullum</span> <span class='ocrx_word' id='word_1_41' title='bbox 417 803 515 854; x_wconf 89' lang='lat' dir='ltr'>pro</span> <span class='ocrx_word' id='word_1_42' title='bbox 540 802 631 835; x_wconf 91' lang='lat' dir='ltr'>me</span> <span class='ocrx_word' id='word_1_43' title='bbox 659 793 868 833; x_wconf 89' lang='lat' dir='ltr'>tantum</span> <span class='ocrx_word' id='word_1_44' title='bbox 892 782 1094 848; x_wconf 84' lang='lat' dir='ltr'>cepisse</span> <span class='ocrx_word' id='word_1_45' title='bbox 1115 782 1386 840; x_wconf 84' lang='lat' dir='ltr'>timorem,</span> 
     </span>
    </p>

    <p class='ocr_par' dir='ltr' id='par_1_8' title="bbox 67 850 1523 924">
     <span class='ocr_line' id='line_1_9' title="bbox 67 850 1523 924; baseline -0.01 -13"><span class='ocrx_word' id='word_1_46' title='bbox 67 865 242 924; x_wconf 84' lang='lat' dir='ltr'>Quam</span> <span class='ocrx_word' id='word_1_47' title='bbox 267 868 355 908; x_wconf 86' lang='lat' dir='ltr'>tua</span> <span class='ocrx_word' id='word_1_48' title='bbox 385 875 478 920; x_wconf 89' lang='lat' dir='ltr'>ne,</span> <span class='ocrx_word' id='word_1_49' title='bbox 530 855 751 922; x_wconf 88' lang='lat' dir='ltr'>spoliata</span> <span class='ocrx_word' id='word_1_50' title='bbox 781 854 964 913; x_wconf 80' lang='lat' dir='ltr'>armiS,</span> <span class='ocrx_word' id='word_1_51' title='bbox 1014 868 1226 902; x_wconf 86' lang='lat' dir='ltr'>excussa</span> <span class='ocrx_word' id='word_1_52' title='bbox 1251 850 1523 914; x_wconf 77' lang='lat' dir='ltr'>magistre,</span> 
     </span>
    </p>

    <p class='ocr_par' dir='ltr' id='par_1_9' title="bbox 64 922 1244 989">
     <span class='ocr_line' id='line_1_10' title="bbox 64 922 1244 989; baseline -0.008 -8"><span class='ocrx_word' id='word_1_53' title='bbox 64 930 336 982; x_wconf 89' lang='lat' dir='ltr'>Deficeret</span> <span class='ocrx_word' id='word_1_54' title='bbox 355 928 512 977; x_wconf 88' lang='lat' dir='ltr'>tantis</span> <span class='ocrx_word' id='word_1_55' title='bbox 538 927 683 976; x_wconf 86' lang='lat' dir='ltr'>navis</span> <span class='ocrx_word' id='word_1_56' title='bbox 707 923 1046 989; x_wconf 78' lang='lat' dir='ltr'>surgentibus</span> <span class='ocrx_word' id='word_1_57' title='bbox 1070 922 1244 972; x_wconf 89' lang='lat' dir='ltr'>undis.</span> 
     </span>
    </p>

    <p class='ocr_par' dir='ltr' id='par_1_10' title="bbox 66 989 1595 1060">
     <span class='ocr_line' id='line_1_11' title="bbox 66 989 1595 1060; baseline -0.008 -9"><span class='ocrx_word' id='word_1_58' title='bbox 66 1002 185 1051; x_wconf 90' lang='lat' dir='ltr'>Tris</span> <span class='ocrx_word' id='word_1_59' title='bbox 208 1009 369 1050; x_wconf 88' lang='lat' dir='ltr'>notus</span> <span class='ocrx_word' id='word_1_60' title='bbox 392 998 644 1047; x_wconf 88' lang='lat' dir='ltr'>hibernas</span> <span class='ocrx_word' id='word_1_61' title='bbox 660 997 905 1045; x_wconf 87' lang='lat' dir='ltr'>inmensa</span> <span class='ocrx_word' id='word_1_62' title='bbox 926 1011 1027 1060; x_wconf 89' lang='lat' dir='ltr'>per</span> <span class='ocrx_word' id='word_1_63' title='bbox 1046 1009 1280 1060; x_wconf 86' lang='lat' dir='ltr'>aequora</span> <span class='ocrx_word' id='word_1_64' title='bbox 1302 989 1474 1040; x_wconf 90' lang='lat' dir='ltr'>noctis</span> <span class='ocrx_word' id='word_1_65' title='bbox 1494 990 1595 1040; x_wconf 80' lang='lat'>355</span> 
     </span>
    </p>

    <p class='ocr_par' dir='ltr' id='par_1_11' title="bbox 66 1064 1358 1134">
     <span class='ocr_line' id='line_1_12' title="bbox 66 1064 1358 1134; baseline -0.009 -12"><span class='ocrx_word' id='word_1_66' title='bbox 66 1072 219 1124; x_wconf 83' lang='lat' dir='ltr'>Vexit</span> <span class='ocrx_word' id='word_1_67' title='bbox 242 1087 334 1120; x_wconf 91' lang='lat' dir='ltr'>me</span> <span class='ocrx_word' id='word_1_68' title='bbox 356 1069 625 1119; x_wconf 86' lang='lat' dir='ltr'>violentus</span> <span class='ocrx_word' id='word_1_69' title='bbox 646 1084 804 1134; x_wconf 87' lang='lat' dir='ltr'>aqua:</span> <span class='ocrx_word' id='word_1_70' title='bbox 835 1066 917 1115; x_wconf 82' lang='lat' dir='ltr'>vix</span> <span class='ocrx_word' id='word_1_71' title='bbox 938 1064 1143 1114; x_wconf 90' lang='lat' dir='ltr'>lumine</span> <span class='ocrx_word' id='word_1_72' title='bbox 1169 1071 1358 1130; x_wconf 88' lang='lat' dir='ltr'>quarto</span> 
     </span>
    </p>
   </div>
   <div class='ocr_carea' id='block_1_3' title="bbox 159 1189 1659 1243">
    <p class='ocr_par' dir='ltr' id='par_1_12' title="bbox 159 1189 1659 1243">
     <span class='ocr_line' id='line_1_13' title="bbox 159 1189 1659 1243; baseline -0.009 -8"><span class='ocrx_word' id='word_1_73' title='bbox 159 1199 227 1236; x_wconf 76' lang='lat'>348</span> <span class='ocrx_word' id='word_1_74' title='bbox 247 1198 477 1233; x_wconf 75' lang='lat' dir='ltr'>Anchisiada</span> <span class='ocrx_word' id='word_1_75' title='bbox 501 1195 645 1243; x_wconf 82' lang='lat' dir='ltr'>reposui</span> <span class='ocrx_word' id='word_1_76' title='bbox 670 1209 746 1230; x_wconf 89' lang='lat' dir='ltr'>cum</span> <span class='ocrx_word' id='word_1_77' title='bbox 766 1195 939 1229; x_wconf 84' lang='lat' dir='ltr'>Brunckio</span> <span class='ocrx_word' id='word_1_78' title='bbox 954 1221 963 1237; x_wconf 94' lang='lat'>,</span> <span class='ocrx_word' id='word_1_79' title='bbox 988 1200 1027 1227; x_wconf 91' lang='lat' dir='ltr'>ut</span> <span class='ocrx_word' id='word_1_80' title='bbox 1046 1193 1133 1227; x_wconf 84' lang='lat' dir='ltr'>mihi</span> <span class='ocrx_word' id='word_1_81' title='bbox 1153 1198 1372 1230; x_wconf 83' lang='lat' dir='ltr'>constarein3</span> <span class='ocrx_word' id='word_1_82' title='bbox 1407 1203 1438 1224; x_wconf 93' lang='lat' dir='ltr'>v.</span> <span class='ocrx_word' id='word_1_83' title='bbox 1459 1202 1535 1235; x_wconf 89' lang='lat' dir='ltr'>sup.</span> <span class='ocrx_word' id='word_1_84' title='bbox 1552 1189 1599 1223; x_wconf 83' lang='lat' dir='ltr'>ad</span> <span class='ocrx_word' id='word_1_85' title='bbox 1654 1212 1659 1217; x_wconf 86' lang='lat'>-</span> 
     </span>
    </p>
   </div>
   <div class='ocr_carea' id='block_1_4' title="bbox 66 1238 1605 2378">
    <p class='ocr_par' dir='ltr' id='par_1_13' title="bbox 66 1238 1605 2378">
     <span class='ocr_line' id='line_1_14' title="bbox 66 1238 1594 1291; baseline -0.01 -8"><span class='ocrx_word' id='word_1_86' title='bbox 66 1260 97 1282; x_wconf 82' lang='lat' dir='ltr'>v.</span> <span class='ocrx_word' id='word_1_87' title='bbox 131 1249 209 1283; x_wconf 72' lang='grc'><strong>126.</strong></span> <span class='ocrx_word' id='word_1_88' title='bbox 260 1247 377 1291; x_wconf 83' lang='lat' dir='ltr'>Vulgo</span> <span class='ocrx_word' id='word_1_89' title='bbox 407 1246 642 1285; x_wconf 76' lang='lat' dir='ltr'>Anchisiade,</span> <span class='ocrx_word' id='word_1_90' title='bbox 694 1251 731 1277; x_wconf 88' lang='lat' dir='ltr'>et</span> <span class='ocrx_word' id='word_1_91' title='bbox 768 1244 883 1289; x_wconf 88' lang='lat' dir='ltr'>ipsum</span> <span class='ocrx_word' id='word_1_92' title='bbox 916 1243 1016 1276; x_wconf 87' lang='lat' dir='ltr'>bene.</span> <span class='ocrx_word' id='word_1_93' title='bbox 1066 1254 1133 1274; x_wconf 81' lang='lat' dir='ltr'>nec</span> <span class='ocrx_word' id='word_1_94' title='bbox 1160 1253 1226 1272; x_wconf 86' lang='lat' dir='ltr'>me.</span> <span class='ocrx_word' id='word_1_95' title='bbox 1276 1239 1341 1271; x_wconf 85' lang='lat' dir='ltr'>Hic</span> <span class='ocrx_word' id='word_1_96' title='bbox 1374 1238 1594 1282; x_wconf 83' lang='lat' dir='ltr'>distinguen-</span> 
     </span>
     <span class='ocr_line' id='line_1_15' title="bbox 66 1285 1598 1337; baseline -0.008 -8"><span class='ocrx_word' id='word_1_97' title='bbox 66 1296 171 1337; x_wconf 85' lang='lat' dir='ltr'>dum,</span> <span class='ocrx_word' id='word_1_98' title='bbox 211 1294 260 1328; x_wconf 86' lang='lat' dir='ltr'>ait</span> <span class='ocrx_word' id='word_1_99' title='bbox 291 1294 452 1334; x_wconf 87' lang='lat' dir='ltr'>Servius,</span> <span class='ocrx_word' id='word_1_100' title='bbox 491 1305 535 1326; x_wconf 89' lang='lat' dir='ltr'>ne</span> <span class='ocrx_word' id='word_1_101' title='bbox 570 1293 616 1325; x_wconf 88' lang='lat' dir='ltr'>sit</span> <span class='ocrx_word' id='word_1_102' title='bbox 646 1292 878 1333; x_wconf 77' lang='lat' dir='ltr'>contrarium,</span> <span class='ocrx_word' id='word_1_103' title='bbox 912 1303 991 1323; x_wconf 82' lang='lat' dir='ltr'>nam</span> <span class='ocrx_word' id='word_1_104' title='bbox 1030 1301 1107 1321; x_wconf 86' lang='lat' dir='ltr'>eum</span> <span class='ocrx_word' id='word_1_105' title='bbox 1139 1291 1287 1321; x_wconf 84' lang='lat' dir='ltr'>Somnus</span> <span class='ocrx_word' id='word_1_106' title='bbox 1318 1286 1449 1319; x_wconf 88' lang='lat' dir='ltr'>deiecit</span> <span class='ocrx_word' id='word_1_107' title='bbox 1486 1288 1529 1329; x_wconf 72' lang='lat' dir='ltr'>(v.</span> <span class='ocrx_word' id='word_1_108' title='bbox 1553 1285 1598 1325; x_wconf 85' lang='lat' dir='ltr'>V,</span> 
     </span>
     <span class='ocr_line' id='line_1_16' title="bbox 67 1334 1598 1385; baseline -0.008 -9"><span class='ocrx_word' id='word_1_109' title='bbox 67 1344 163 1385; x_wconf 65' lang='lat'>853).</span> <span class='ocrx_word' id='word_1_110' title='bbox 210 1342 396 1374; x_wconf 82' lang='lat' dir='ltr'>Enimvero</span> <span class='ocrx_word' id='word_1_111' title='bbox 417 1340 536 1375; x_wconf 88' lang='lat' dir='ltr'>Somni</span> <span class='ocrx_word' id='word_1_112' title='bbox 557 1339 789 1372; x_wconf 82' lang='lat' dir='ltr'>ministerium</span> <span class='ocrx_word' id='word_1_113' title='bbox 811 1339 854 1372; x_wconf 82' lang='lat' dir='ltr'>ad</span> <span class='ocrx_word' id='word_1_114' title='bbox 873 1344 1025 1383; x_wconf 84' lang='lat' dir='ltr'>poetam,</span> <span class='ocrx_word' id='word_1_115' title='bbox 1052 1348 1122 1368; x_wconf 90' lang='lat' dir='ltr'>non</span> <span class='ocrx_word' id='word_1_116' title='bbox 1144 1335 1188 1368; x_wconf 82' lang='lat' dir='ltr'>ad</span> <span class='ocrx_word' id='word_1_117' title='bbox 1210 1334 1419 1373; x_wconf 79' lang='lat' dir='ltr'>Palinurum,</span> <span class='ocrx_word' id='word_1_118' title='bbox 1440 1338 1598 1377; x_wconf 81' lang='lat' dir='ltr'>spectat3</span> 
     </span>
     <span class='ocr_line' id='line_1_17' title="bbox 68 1378 1598 1434; baseline -0.007 -11"><span class='ocrx_word' id='word_1_119' title='bbox 68 1397 104 1423; x_wconf 88' lang='lat' dir='ltr'>et</span> <span class='ocrx_word' id='word_1_120' title='bbox 124 1390 290 1434; x_wconf 83' lang='lat' dir='ltr'>ignorare</span> <span class='ocrx_word' id='word_1_121' title='bbox 311 1389 430 1434; x_wconf 88' lang='lat' dir='ltr'>potuit</span> <span class='ocrx_word' id='word_1_122' title='bbox 453 1388 521 1421; x_wconf 91' lang='lat' dir='ltr'>hoc</span> <span class='ocrx_word' id='word_1_123' title='bbox 543 1387 738 1420; x_wconf 80' lang='lat' dir='ltr'>Palinurus.</span> <span class='ocrx_word' id='word_1_124' title='bbox 788 1387 900 1427; x_wconf 78' lang='lat' dir='ltr'>deus,</span> <span class='ocrx_word' id='word_1_125' title='bbox 926 1385 969 1417; x_wconf 88' lang='lat' dir='ltr'>de</span> <span class='ocrx_word' id='word_1_126' title='bbox 994 1395 1062 1428; x_wconf 88' lang='lat' dir='ltr'>quo</span> <span class='ocrx_word' id='word_1_127' title='bbox 1080 1382 1216 1427; x_wconf 83' lang='lat' dir='ltr'>agitur,</span> <span class='ocrx_word' id='word_1_128' title='bbox 1244 1388 1297 1414; x_wconf 83' lang='lat' dir='ltr'>est</span> <span class='ocrx_word' id='word_1_129' title='bbox 1314 1380 1442 1425; x_wconf 80' lang='lat' dir='ltr'>Apollo</span> <span class='ocrx_word' id='word_1_130' title='bbox 1463 1392 1494 1412; x_wconf 93' lang='lat' dir='ltr'>v.</span> <span class='ocrx_word' id='word_1_131' title='bbox 1517 1378 1598 1414; x_wconf 74' lang='lat'>344.</span> 
     </span>
     <span class='ocr_line' id='line_1_18' title="bbox 66 1426 1600 1481; baseline -0.008 -11"><span class='ocrx_word' id='word_1_132' title='bbox 66 1437 136 1471; x_wconf 88' lang='lat' dir='ltr'>Sed</span> <span class='ocrx_word' id='word_1_133' title='bbox 157 1437 229 1470; x_wconf 86' lang='lat' dir='ltr'>sive</span> <span class='ocrx_word' id='word_1_134' title='bbox 248 1436 398 1481; x_wconf 85' lang='lat' dir='ltr'>Apollo,</span> <span class='ocrx_word' id='word_1_135' title='bbox 424 1435 517 1476; x_wconf 87' lang='lat' dir='ltr'>sive,</span> <span class='ocrx_word' id='word_1_136' title='bbox 544 1434 640 1479; x_wconf 91' lang='lat' dir='ltr'>quod</span> <span class='ocrx_word' id='word_1_137' title='bbox 663 1433 792 1474; x_wconf 84' lang='lat' dir='ltr'>malim,</span> <span class='ocrx_word' id='word_1_138' title='bbox 819 1434 904 1465; x_wconf 88' lang='lat' dir='ltr'>deus</span> <span class='ocrx_word' id='word_1_139' title='bbox 926 1431 1053 1475; x_wconf 84' lang='lat' dir='ltr'>aliquis</span> <span class='ocrx_word' id='word_1_140' title='bbox 1077 1429 1218 1463; x_wconf 88' lang='lat' dir='ltr'>omnino</span> <span class='ocrx_word' id='word_1_141' title='bbox 1245 1430 1303 1472; x_wconf 80' lang='lat' dir='ltr'>(ex</span> <span class='ocrx_word' id='word_1_142' title='bbox 1325 1429 1405 1464; x_wconf 77' lang='lat'>341.</span> <span class='ocrx_word' id='word_1_143' title='bbox 1427 1427 1509 1471; x_wconf 69' lang='lat'>342)</span> <span class='ocrx_word' id='word_1_144' title='bbox 1541 1426 1600 1458; x_wconf 90' lang='lat' dir='ltr'>in-</span> 
     </span>
     <span class='ocr_line' id='line_1_19' title="bbox 66 1477 1601 1528; baseline -0.007 -11"><span class='ocrx_word' id='word_1_145' title='bbox 66 1484 268 1528; x_wconf 83' lang='lat' dir='ltr'>telligatur,</span> <span class='ocrx_word' id='word_1_146' title='bbox 293 1490 456 1527; x_wconf 84' lang='lat' dir='ltr'>respectu</span> <span class='ocrx_word' id='word_1_147' title='bbox 478 1489 597 1515; x_wconf 81' lang='lat' dir='ltr'>tamen</span> <span class='ocrx_word' id='word_1_148' title='bbox 624 1493 784 1514; x_wconf 89' lang='lat' dir='ltr'>versuum</span> <span class='ocrx_word' id='word_1_149' title='bbox 818 1480 900 1515; x_wconf 73' lang='lat'>341.</span> <span class='ocrx_word' id='word_1_150' title='bbox 929 1479 999 1515; x_wconf 72' lang='lat'>342</span> <span class='ocrx_word' id='word_1_151' title='bbox 1029 1477 1235 1522; x_wconf 81' lang='lat' dir='ltr'>explicanda</span> <span class='ocrx_word' id='word_1_152' title='bbox 1263 1477 1371 1508; x_wconf 81' lang='lat' dir='ltr'>verba</span> <span class='ocrx_word' id='word_1_153' title='bbox 1400 1481 1496 1508; x_wconf 88' lang='lat' dir='ltr'>sunt:</span> <span class='ocrx_word' id='word_1_154' title='bbox 1534 1486 1601 1507; x_wconf 83' lang='lat' dir='ltr'>nec</span> 
     </span>
     <span class='ocr_line' id='line_1_20' title="bbox 68 1521 1601 1576; baseline -0.008 -11"><span class='ocrx_word' id='word_1_155' title='bbox 68 1545 123 1565; x_wconf 82' lang='lat' dir='ltr'>me</span> <span class='ocrx_word' id='word_1_156' title='bbox 154 1532 245 1564; x_wconf 77' lang='lat' dir='ltr'>deus</span> <span class='ocrx_word' id='word_1_157' title='bbox 270 1544 430 1576; x_wconf 77' lang='lat' dir='ltr'>aequore</span> <span class='ocrx_word' id='word_1_158' title='bbox 457 1530 604 1569; x_wconf 78' lang='lat' dir='ltr'>mersit,</span> <span class='ocrx_word' id='word_1_159' title='bbox 631 1535 669 1561; x_wconf 88' lang='lat' dir='ltr'>ut</span> <span class='ocrx_word' id='word_1_160' title='bbox 688 1535 795 1572; x_wconf 83' lang='lat' dir='ltr'>neget</span> <span class='ocrx_word' id='word_1_161' title='bbox 815 1540 851 1560; x_wconf 89' lang='lat' dir='ltr'>se</span> <span class='ocrx_word' id='word_1_162' title='bbox 872 1527 970 1571; x_wconf 80' lang='lat' dir='ltr'>aquis</span> <span class='ocrx_word' id='word_1_163' title='bbox 992 1538 1142 1558; x_wconf 86' lang='lat' dir='ltr'>mersum</span> <span class='ocrx_word' id='word_1_164' title='bbox 1167 1536 1264 1564; x_wconf 87' lang='lat' dir='ltr'>esse3</span> <span class='ocrx_word' id='word_1_165' title='bbox 1302 1524 1384 1567; x_wconf 83' lang='lat' dir='ltr'>quin</span> <span class='ocrx_word' id='word_1_166' title='bbox 1409 1522 1525 1566; x_wconf 87' lang='lat' dir='ltr'>potius</span> <span class='ocrx_word' id='word_1_167' title='bbox 1555 1521 1601 1553; x_wconf 85' lang='lat' dir='ltr'>ad</span> 
     </span>
     <span class='ocr_line' id='line_1_21' title="bbox 68 1569 1601 1620; baseline -0.008 -8"><span class='ocrx_word' id='word_1_168' title='bbox 68 1578 192 1612; x_wconf 80' lang='lat' dir='ltr'>Italiae</span> <span class='ocrx_word' id='word_1_169' title='bbox 231 1578 326 1610; x_wconf 79' lang='lat' dir='ltr'>littus</span> <span class='ocrx_word' id='word_1_170' title='bbox 369 1584 531 1610; x_wconf 78' lang='lat' dir='ltr'>enatasse</span> <span class='ocrx_word' id='word_1_171' title='bbox 557 1576 719 1620; x_wconf 79' lang='lat' dir='ltr'>adeoque</span> <span class='ocrx_word' id='word_1_172' title='bbox 749 1574 892 1608; x_wconf 84' lang='lat' dir='ltr'>oraculo</span> <span class='ocrx_word' id='word_1_173' title='bbox 924 1573 1060 1607; x_wconf 86' lang='lat' dir='ltr'>Phoebi</span> <span class='ocrx_word' id='word_1_174' title='bbox 1092 1572 1195 1604; x_wconf 75' lang='lat' dir='ltr'>tidem</span> <span class='ocrx_word' id='word_1_175' title='bbox 1222 1572 1360 1604; x_wconf 83' lang='lat' dir='ltr'>fecisse.</span> <span class='ocrx_word' id='word_1_176' title='bbox 1408 1569 1515 1602; x_wconf 83' lang='lat' dir='ltr'>Redit</span> <span class='ocrx_word' id='word_1_177' title='bbox 1544 1580 1601 1601; x_wconf 89' lang='lat' dir='ltr'>res</span> 
     </span>
     <span class='ocr_line' id='line_1_22' title="bbox 68 1616 1600 1668; baseline -0.008 -8"><span class='ocrx_word' id='word_1_178' title='bbox 68 1627 115 1660; x_wconf 80' lang='lat' dir='ltr'>ad</span> <span class='ocrx_word' id='word_1_179' title='bbox 138 1624 343 1658; x_wconf 78' lang='lat' dir='ltr'>calumniam</span> <span class='ocrx_word' id='word_1_180' title='bbox 363 1625 399 1657; x_wconf 89' lang='lat' dir='ltr'>in</span> <span class='ocrx_word' id='word_1_181' title='bbox 420 1624 570 1657; x_wconf 57' lang='lat' dir='ltr'>oraculis</span> <span class='ocrx_word' id='word_1_182' title='bbox 597 1635 703 1668; x_wconf 81' lang='lat' dir='ltr'>saepe</span> <span class='ocrx_word' id='word_1_183' title='bbox 722 1628 961 1655; x_wconf 81' lang='lat' dir='ltr'>memoratam.</span> <span class='ocrx_word' id='word_1_184' title='bbox 1059 1621 1127 1655; x_wconf 68' lang='lat'>349</span> <span class='ocrx_word' id='word_1_185' title='bbox 1153 1619 1341 1665; x_wconf 77' lang='lat' dir='ltr'>repulsum</span> <span class='ocrx_word' id='word_1_186' title='bbox 1363 1617 1453 1650; x_wconf 82' lang='lat' dir='ltr'>alter</span> <span class='ocrx_word' id='word_1_187' title='bbox 1473 1616 1600 1649; x_wconf 86' lang='lat' dir='ltr'>Hamb.</span> 
     </span>
     <span class='ocr_line' id='line_1_23' title="bbox 69 1665 1599 1717; baseline -0.007 -9"><span class='ocrx_word' id='word_1_188' title='bbox 69 1674 141 1709; x_wconf 85' lang='lat'>350</span> <span class='ocrx_word' id='word_1_189' title='bbox 163 1685 381 1717; x_wconf 73' lang='lat' dir='ltr'>cursumque</span> <span class='ocrx_word' id='word_1_190' title='bbox 402 1673 524 1704; x_wconf 81' lang='lat' dir='ltr'>Frane.</span> <span class='ocrx_word' id='word_1_191' title='bbox 551 1677 585 1703; x_wconf 89' lang='lat' dir='ltr'>et</span> <span class='ocrx_word' id='word_1_192' title='bbox 609 1669 755 1703; x_wconf 89' lang='lat' dir='ltr'>Dorvill.</span> <span class='ocrx_word' id='word_1_193' title='bbox 788 1682 864 1702; x_wconf 85' lang='lat' dir='ltr'>cnm</span> <span class='ocrx_word' id='word_1_194' title='bbox 887 1669 996 1702; x_wconf 89' lang='lat' dir='ltr'>Goth.</span> <span class='ocrx_word' id='word_1_195' title='bbox 1021 1680 1090 1700; x_wconf 90' lang='lat' dir='ltr'>sec.</span> <span class='ocrx_word' id='word_1_196' title='bbox 1139 1665 1311 1712; x_wconf 75' lang='lat' dir='ltr'>gerebam</span> <span class='ocrx_word' id='word_1_197' title='bbox 1334 1665 1422 1698; x_wconf 89' lang='lat' dir='ltr'>Gud.</span> <span class='ocrx_word' id='word_1_198' title='bbox 1443 1676 1463 1696; x_wconf 83' lang='lat' dir='ltr'>a</span> <span class='ocrx_word' id='word_1_199' title='bbox 1481 1677 1526 1696; x_wconf 86' lang='lat' dir='ltr'>m.</span> <span class='ocrx_word' id='word_1_200' title='bbox 1546 1675 1599 1708; x_wconf 88' lang='lat' dir='ltr'>pr.</span> 
     </span>
     <span class='ocr_line' id='line_1_24' title="bbox 70 1712 1601 1762; baseline -0.006 -10"><span class='ocrx_word' id='word_1_201' title='bbox 70 1732 146 1753; x_wconf 88' lang='lat' dir='ltr'>cum</span> <span class='ocrx_word' id='word_1_202' title='bbox 167 1720 272 1752; x_wconf 87' lang='lat' dir='ltr'>Goth.</span> <span class='ocrx_word' id='word_1_203' title='bbox 298 1726 395 1760; x_wconf 65' lang='lat' dir='ltr'>tert„</span> <span class='ocrx_word' id='word_1_204' title='bbox 418 1718 554 1762; x_wconf 81' lang='lat' dir='ltr'>vulgari</span> <span class='ocrx_word' id='word_1_205' title='bbox 574 1718 671 1750; x_wconf 88' lang='lat' dir='ltr'>vitio.</span> <span class='ocrx_word' id='word_1_206' title='bbox 767 1718 834 1752; x_wconf 87' lang='grc'>351</span> <span class='ocrx_word' id='word_1_207' title='bbox 864 1716 981 1748; x_wconf 74' lang='lat' dir='ltr'>marla</span> <span class='ocrx_word' id='word_1_208' title='bbox 1014 1716 1134 1748; x_wconf 81' lang='lat' dir='ltr'>omnia</span> <span class='ocrx_word' id='word_1_209' title='bbox 1158 1725 1227 1746; x_wconf 85' lang='lat' dir='ltr'>sec.</span> <span class='ocrx_word' id='word_1_210' title='bbox 1256 1714 1383 1746; x_wconf 78' lang='lat' dir='ltr'>Moret.</span> <span class='ocrx_word' id='word_1_211' title='bbox 1413 1718 1448 1744; x_wconf 90' lang='lat' dir='ltr'>et</span> <span class='ocrx_word' id='word_1_212' title='bbox 1472 1712 1601 1744; x_wconf 84' lang='lat' dir='ltr'>Donat.</span> 
     </span>
     <span class='ocr_line' id='line_1_25' title="bbox 71 1759 1602 1810; baseline -0.007 -10"><span class='ocrx_word' id='word_1_213' title='bbox 71 1767 116 1800; x_wconf 83' lang='lat' dir='ltr'>ad</span> <span class='ocrx_word' id='word_1_214' title='bbox 137 1768 283 1799; x_wconf 83' lang='lat' dir='ltr'>Terent.</span> <span class='ocrx_word' id='word_1_215' title='bbox 307 1767 434 1810; x_wconf 83' lang='lat' dir='ltr'>Hecyr.</span> <span class='ocrx_word' id='word_1_216' title='bbox 457 1767 502 1807; x_wconf 90' lang='lat' dir='ltr'>V,</span> <span class='ocrx_word' id='word_1_217' title='bbox 530 1765 609 1799; x_wconf 84' lang='grc'><strong>115.</strong></span> <span class='ocrx_word' id='word_1_218' title='bbox 690 1764 759 1798; x_wconf 77' lang='grc'>352</span> <span class='ocrx_word' id='word_1_219' title='bbox 781 1764 884 1796; x_wconf 76' lang='lat' dir='ltr'>illum</span> <span class='ocrx_word' id='word_1_220' title='bbox 904 1762 1030 1795; x_wconf 81' lang='lat' dir='ltr'>Medic.</span> <span class='ocrx_word' id='word_1_221' title='bbox 1051 1775 1070 1794; x_wconf 86' lang='lat' dir='ltr'>a</span> <span class='ocrx_word' id='word_1_222' title='bbox 1089 1774 1132 1793; x_wconf 86' lang='lat' dir='ltr'>m.</span> <span class='ocrx_word' id='word_1_223' title='bbox 1156 1773 1208 1805; x_wconf 87' lang='lat' dir='ltr'>pr.</span> <span class='ocrx_word' id='word_1_224' title='bbox 1258 1759 1490 1793; x_wconf 70' lang='lat' dir='ltr'>Nonnullam</span> <span class='ocrx_word' id='word_1_225' title='bbox 1513 1767 1602 1791; x_wconf 79' lang='lat' dir='ltr'>tan-</span> 
     </span>
     <span class='ocr_line' id='line_1_26' title="bbox 72 1807 1601 1860; baseline -0.007 -13"><span class='ocrx_word' id='word_1_226' title='bbox 72 1823 147 1847; x_wconf 78' lang='lat' dir='ltr'>tum</span> <span class='ocrx_word' id='word_1_227' title='bbox 164 1826 234 1860; x_wconf 81' lang='lat' dir='ltr'>pro</span> <span class='ocrx_word' id='word_1_228' title='bbox 253 1826 307 1845; x_wconf 80' lang='lat' dir='ltr'>me</span> <span class='ocrx_word' id='word_1_229' title='bbox 326 1816 445 1856; x_wconf 87' lang='lat' dir='ltr'>Sprot.</span> <span class='ocrx_word' id='word_1_230' title='bbox 493 1825 563 1858; x_wconf 75' lang='lat' dir='ltr'>pro</span> <span class='ocrx_word' id='word_1_231' title='bbox 587 1811 621 1844; x_wconf 93' lang='lat' dir='ltr'>h.</span> <span class='ocrx_word' id='word_1_232' title='bbox 644 1808 668 1843; x_wconf 90' lang='lat' dir='ltr'>l.</span> <span class='ocrx_word' id='word_1_233' title='bbox 688 1818 740 1843; x_wconf 88' lang='lat' dir='ltr'>est</span> <span class='ocrx_word' id='word_1_234' title='bbox 763 1807 858 1853; x_wconf 61' lang='grc' dir='ltr'><em>’ὑπὲρ</em></span> <span class='ocrx_word' id='word_1_235' title='bbox 889 1807 992 1852; x_wconf 75' lang='grc' dir='ltr'><strong>ἐμοῦ.</strong></span> <span class='ocrx_word' id='word_1_236' title='bbox 1027 1821 1091 1853; x_wconf 82' lang='lat' dir='ltr'>pro</span> <span class='ocrx_word' id='word_1_237' title='bbox 1112 1807 1259 1851; x_wconf 81' lang='lat' dir='ltr'>vulgari,</span> <span class='ocrx_word' id='word_1_238' title='bbox 1285 1809 1448 1839; x_wconf 81' lang='lat' dir='ltr'>timorem</span> <span class='ocrx_word' id='word_1_239' title='bbox 1472 1807 1516 1837; x_wconf 77' lang='lat' dir='ltr'>(Ie</span> <span class='ocrx_word' id='word_1_240' title='bbox 1536 1818 1601 1838; x_wconf 83' lang='lat' dir='ltr'>me.</span> 
     </span>
     <span class='ocr_line' id='line_1_27' title="bbox 73 1853 1603 1905; baseline -0.006 -12"><span class='ocrx_word' id='word_1_241' title='bbox 73 1861 179 1905; x_wconf 84' lang='lat' dir='ltr'>(infra</span> <span class='ocrx_word' id='word_1_242' title='bbox 199 1861 278 1900; x_wconf 84' lang='lat' dir='ltr'>XII,</span> <span class='ocrx_word' id='word_1_243' title='bbox 304 1861 381 1893; x_wconf 78' lang='lat' dir='ltr'>4S.:</span> <span class='ocrx_word' id='word_1_244' title='bbox 408 1861 541 1901; x_wconf 78' lang='lat' dir='ltr'>„Quam</span> <span class='ocrx_word' id='word_1_245' title='bbox 578 1870 669 1901; x_wconf 85' lang='lat' dir='ltr'>pro</span> <span class='ocrx_word' id='word_1_246' title='bbox 695 1869 750 1890; x_wconf 88' lang='lat' dir='ltr'>me</span> <span class='ocrx_word' id='word_1_247' title='bbox 777 1869 891 1890; x_wconf 74' lang='lat' dir='ltr'>curam</span> <span class='ocrx_word' id='word_1_248' title='bbox 924 1856 1053 1901; x_wconf 81' lang='lat' dir='ltr'>geris.“</span> <span class='ocrx_word' id='word_1_249' title='bbox 1087 1857 1184 1897; x_wconf 77' lang='lat' dir='ltr'>Wr.)</span> <span class='ocrx_word' id='word_1_250' title='bbox 1281 1855 1351 1888; x_wconf 83' lang='lat'>353</span> <span class='ocrx_word' id='word_1_251' title='bbox 1374 1862 1440 1886; x_wconf 74' lang='lat' dir='ltr'>tua</span> <span class='ocrx_word' id='word_1_252' title='bbox 1461 1855 1501 1885; x_wconf 84' lang='lat' dir='ltr'>ni</span> <span class='ocrx_word' id='word_1_253' title='bbox 1527 1853 1603 1884; x_wconf 81' lang='lat' dir='ltr'>Ru-</span> 
     </span>
     <span class='ocr_line' id='line_1_28' title="bbox 71 1899 1602 1951; baseline -0.007 -11"><span class='ocrx_word' id='word_1_254' title='bbox 71 1908 189 1941; x_wconf 86' lang='lat' dir='ltr'>finian.</span> <span class='ocrx_word' id='word_1_255' title='bbox 204 1907 247 1939; x_wconf 88' lang='lat' dir='ltr'>de</span> <span class='ocrx_word' id='word_1_256' title='bbox 267 1907 397 1939; x_wconf 83' lang='lat' dir='ltr'>schem.</span> <span class='ocrx_word' id='word_1_257' title='bbox 420 1907 502 1939; x_wconf 84' lang='lat' dir='ltr'>Lex.</span> <span class='ocrx_word' id='word_1_258' title='bbox 519 1919 553 1951; x_wconf 89' lang='lat' dir='ltr'>p.</span> <span class='ocrx_word' id='word_1_259' title='bbox 573 1906 651 1945; x_wconf 71' lang='lat'>251,</span> <span class='ocrx_word' id='word_1_260' title='bbox 679 1905 773 1949; x_wconf 89' lang='lat' dir='ltr'>quod</span> <span class='ocrx_word' id='word_1_261' title='bbox 792 1904 929 1948; x_wconf 83' lang='lat' dir='ltr'>recepit</span> <span class='ocrx_word' id='word_1_262' title='bbox 949 1904 1094 1936; x_wconf 84' lang='lat' dir='ltr'>Bruuck.</span> <span class='ocrx_word' id='word_1_263' title='bbox 1115 1912 1312 1947; x_wconf 83' lang='lat' dir='ltr'>provocans</span> <span class='ocrx_word' id='word_1_264' title='bbox 1335 1901 1379 1933; x_wconf 82' lang='lat' dir='ltr'>ad</span> <span class='ocrx_word' id='word_1_265' title='bbox 1401 1901 1516 1932; x_wconf 84' lang='lat' dir='ltr'>locum</span> <span class='ocrx_word' id='word_1_266' title='bbox 1546 1899 1602 1931; x_wconf 86' lang='lat' dir='ltr'>vi-</span> 
     </span>
     <span class='ocr_line' id='line_1_29' title="bbox 71 1947 1603 1994; baseline -0.006 -7"><span class='ocrx_word' id='word_1_267' title='bbox 71 1956 200 1988; x_wconf 85' lang='lat' dir='ltr'>tiosum</span> <span class='ocrx_word' id='word_1_268' title='bbox 221 1956 277 1994; x_wconf 84' lang='lat'>111,</span> <span class='ocrx_word' id='word_1_269' title='bbox 304 1954 372 1989; x_wconf 85' lang='lat'>686</span> <span class='ocrx_word' id='word_1_270' title='bbox 392 1954 444 1986; x_wconf 88' lang='lat' dir='ltr'>Ni</span> <span class='ocrx_word' id='word_1_271' title='bbox 465 1961 617 1986; x_wconf 71' lang='lat' dir='ltr'>teneant</span> <span class='ocrx_word' id='word_1_272' title='bbox 637 1964 796 1984; x_wconf 68' lang='lat' dir='ltr'>cursum.</span> <span class='ocrx_word' id='word_1_273' title='bbox 823 1960 913 1984; x_wconf 80' lang='lat' dir='ltr'>tune</span> <span class='ocrx_word' id='word_1_274' title='bbox 936 1953 1035 1984; x_wconf 86' lang='lat' dir='ltr'>Rom.</span> <span class='ocrx_word' id='word_1_275' title='bbox 1056 1963 1075 1983; x_wconf 85' lang='lat' dir='ltr'>a</span> <span class='ocrx_word' id='word_1_276' title='bbox 1098 1962 1143 1981; x_wconf 79' lang='lat' dir='ltr'>m.</span> <span class='ocrx_word' id='word_1_277' title='bbox 1157 1961 1223 1992; x_wconf 60' lang='lat' dir='ltr'>pr„</span> <span class='ocrx_word' id='word_1_278' title='bbox 1252 1956 1287 1980; x_wconf 82' lang='lat' dir='ltr'>et</span> <span class='ocrx_word' id='word_1_279' title='bbox 1311 1956 1345 1980; x_wconf 79' lang='lat' dir='ltr'>te</span> <span class='ocrx_word' id='word_1_280' title='bbox 1364 1961 1410 1980; x_wconf 78' lang='lat' dir='ltr'>ne</span> <span class='ocrx_word' id='word_1_281' title='bbox 1429 1947 1576 1979; x_wconf 86' lang='lat' dir='ltr'>ed.Iunt</span> <span class='ocrx_word' id='word_1_282' title='bbox 1593 1973 1603 1989; x_wconf 88' lang='lat'>‚</span> 
     </span>
     <span class='ocr_line' id='line_1_30' title="bbox 73 1994 1604 2045; baseline -0.007 -9"><span class='ocrx_word' id='word_1_283' title='bbox 73 2014 115 2036; x_wconf 79' lang='lat' dir='ltr'>ex</span> <span class='ocrx_word' id='word_1_284' title='bbox 151 2001 303 2034; x_wconf 83' lang='lat' dir='ltr'>sollenni</span> <span class='ocrx_word' id='word_1_285' title='bbox 340 2001 436 2033; x_wconf 79' lang='lat' dir='ltr'>vitio.</span> <span class='ocrx_word' id='word_1_286' title='bbox 487 2000 695 2045; x_wconf 74' lang='lat' dir='ltr'>exspoliata</span> <span class='ocrx_word' id='word_1_287' title='bbox 722 1998 823 2032; x_wconf 77' lang='lat' dir='ltr'>Leid.</span> <span class='ocrx_word' id='word_1_288' title='bbox 878 1999 1049 2043; x_wconf 76' lang='lat' dir='ltr'>magistri</span> <span class='ocrx_word' id='word_1_289' title='bbox 1073 1997 1160 2030; x_wconf 82' lang='lat' dir='ltr'>alius</span> <span class='ocrx_word' id='word_1_290' title='bbox 1194 1996 1294 2029; x_wconf 78' lang='lat' dir='ltr'>Leid.</span> <span class='ocrx_word' id='word_1_291' title='bbox 1393 1994 1463 2029; x_wconf 74' lang='grc'>354</span> <span class='ocrx_word' id='word_1_292' title='bbox 1496 1995 1604 2027; x_wconf 76' lang='lat' dir='ltr'>navis</span> 
     </span>
     <span class='ocr_line' id='line_1_31' title="bbox 73 2040 1603 2093; baseline -0.007 -11"><span class='ocrx_word' id='word_1_293' title='bbox 73 2051 192 2082; x_wconf 74' lang='lat' dir='ltr'>tantis</span> <span class='ocrx_word' id='word_1_294' title='bbox 218 2061 298 2093; x_wconf 83' lang='lat' dir='ltr'>pars</span> <span class='ocrx_word' id='word_1_295' title='bbox 320 2048 423 2081; x_wconf 92' lang='lat' dir='ltr'>codd.</span> <span class='ocrx_word' id='word_1_296' title='bbox 442 2054 478 2080; x_wconf 86' lang='lat' dir='ltr'>et</span> <span class='ocrx_word' id='word_1_297' title='bbox 499 2047 578 2080; x_wconf 88' lang='lat' dir='ltr'>edd.</span> <span class='ocrx_word' id='word_1_298' title='bbox 618 2044 838 2091; x_wconf 72' lang='lat' dir='ltr'>urgentibus</span> <span class='ocrx_word' id='word_1_299' title='bbox 857 2045 998 2085; x_wconf 61' lang='lat' dir='ltr'>Medic„</span> <span class='ocrx_word' id='word_1_300' title='bbox 1015 2057 1082 2077; x_wconf 81' lang='lat' dir='ltr'>sec.</span> <span class='ocrx_word' id='word_1_301' title='bbox 1096 2043 1288 2082; x_wconf 76' lang='lat' dir='ltr'>Heinsiuin,</span> <span class='ocrx_word' id='word_1_302' title='bbox 1315 2042 1387 2074; x_wconf 82' lang='lat' dir='ltr'>sive</span> <span class='ocrx_word' id='word_1_303' title='bbox 1410 2048 1447 2073; x_wconf 91' lang='lat' dir='ltr'>ut</span> <span class='ocrx_word' id='word_1_304' title='bbox 1468 2040 1603 2084; x_wconf 72' lang='lat' dir='ltr'>Foggi-</span> 
     </span>
     <span class='ocr_line' id='line_1_32' title="bbox 71 2090 1604 2139; baseline -0.006 -10"><span class='ocrx_word' id='word_1_305' title='bbox 71 2097 148 2129; x_wconf 87' lang='lat' dir='ltr'>nius</span> <span class='ocrx_word' id='word_1_306' title='bbox 179 2096 372 2139; x_wconf 81' lang='lat' dir='ltr'>expressit:</span> <span class='ocrx_word' id='word_1_307' title='bbox 407 2097 500 2128; x_wconf 79' lang='lat' dir='ltr'>navi</span> <span class='ocrx_word' id='word_1_308' title='bbox 529 2092 787 2139; x_wconf 71' lang='lat' dir='ltr'>surgenciba33</span> <span class='ocrx_word' id='word_1_309' title='bbox 834 2093 969 2135; x_wconf 83' lang='lat' dir='ltr'>vulgari</span> <span class='ocrx_word' id='word_1_310' title='bbox 1000 2091 1225 2124; x_wconf 75' lang='lat' dir='ltr'>librariorum</span> <span class='ocrx_word' id='word_1_311' title='bbox 1257 2090 1369 2134; x_wconf 79' lang='lat' dir='ltr'>lapsu,</span> <span class='ocrx_word' id='word_1_312' title='bbox 1420 2090 1604 2133; x_wconf 81' lang='lat' dir='ltr'>(nimirum</span> 
     </span>
     <span class='ocr_line' id='line_1_33' title="bbox 72 2136 1603 2183; baseline -0.005 -7"><span class='ocrx_word' id='word_1_313' title='bbox 72 2143 167 2177; x_wconf 81' lang='lat' dir='ltr'>nulla</span> <span class='ocrx_word' id='word_1_314' title='bbox 190 2149 269 2175; x_wconf 83' lang='lat' dir='ltr'>sunt</span> <span class='ocrx_word' id='word_1_315' title='bbox 287 2143 322 2175; x_wconf 89' lang='lat' dir='ltr'>in</span> <span class='ocrx_word' id='word_1_316' title='bbox 346 2142 507 2175; x_wconf 82' lang='lat' dir='ltr'>Mediceo</span> <span class='ocrx_word' id='word_1_317' title='bbox 526 2140 712 2174; x_wconf 77' lang='lat' dir='ltr'>intervalla</span> <span class='ocrx_word' id='word_1_318' title='bbox 735 2140 827 2173; x_wconf 75' lang='lat' dir='ltr'>inter</span> <span class='ocrx_word' id='word_1_319' title='bbox 849 2140 983 2183; x_wconf 76' lang='lat' dir='ltr'>singula</span> <span class='ocrx_word' id='word_1_320' title='bbox 1005 2139 1188 2176; x_wconf 76' lang='lat' dir='ltr'>vocabula,</span> <span class='ocrx_word' id='word_1_321' title='bbox 1208 2144 1246 2170; x_wconf 88' lang='lat' dir='ltr'>nt</span> <span class='ocrx_word' id='word_1_322' title='bbox 1265 2150 1333 2170; x_wconf 83' lang='lat' dir='ltr'>una</span> <span class='ocrx_word' id='word_1_323' title='bbox 1351 2148 1458 2179; x_wconf 83' lang='lat' dir='ltr'>saepe</span> <span class='ocrx_word' id='word_1_324' title='bbox 1477 2149 1494 2169; x_wconf 79' lang='lat' dir='ltr'>s</span> <span class='ocrx_word' id='word_1_325' title='bbox 1511 2136 1603 2168; x_wconf 87' lang='lat' dir='ltr'>duo—</span> 
     </span>
     <span class='ocr_line' id='line_1_34' title="bbox 73 2183 1594 2227; baseline -0.005 -4"><span class='ocrx_word' id='word_1_326' title='bbox 73 2191 137 2224; x_wconf 88' lang='lat' dir='ltr'>bus</span> <span class='ocrx_word' id='word_1_327' title='bbox 172 2190 282 2222; x_wconf 79' lang='lat' dir='ltr'>servit</span> <span class='ocrx_word' id='word_1_328' title='bbox 316 2190 516 2227; x_wconf 86' lang='lat' dir='ltr'>vocabulis;</span> <span class='ocrx_word' id='word_1_329' title='bbox 558 2188 629 2221; x_wconf 88' lang='lat' dir='ltr'>vid.</span> <span class='ocrx_word' id='word_1_330' title='bbox 660 2189 705 2220; x_wconf 88' lang='lat' dir='ltr'>V.</span> <span class='ocrx_word' id='word_1_331' title='bbox 734 2188 774 2220; x_wconf 91' lang='lat' dir='ltr'>L.</span> <span class='ocrx_word' id='word_1_332' title='bbox 804 2187 849 2220; x_wconf 82' lang='lat' dir='ltr'>ad</span> <span class='ocrx_word' id='word_1_333' title='bbox 879 2189 941 2220; x_wconf 87' lang='lat' dir='ltr'>Ge.</span> <span class='ocrx_word' id='word_1_334' title='bbox 979 2189 1021 2227; x_wconf 82' lang='grc' dir='ltr'>ΙΙ,</span> <span class='ocrx_word' id='word_1_335' title='bbox 1056 2187 1136 2221; x_wconf 70' lang='grc'>203.</span> <span class='ocrx_word' id='word_1_336' title='bbox 1172 2188 1258 2218; x_wconf 82' lang='lat' dir='ltr'>Aen.</span> <span class='ocrx_word' id='word_1_337' title='bbox 1289 2186 1344 2227; x_wconf 87' lang='lat' dir='ltr'>V,</span> <span class='ocrx_word' id='word_1_338' title='bbox 1377 2185 1458 2220; x_wconf 83' lang='lat'>531.</span> <span class='ocrx_word' id='word_1_339' title='bbox 1499 2183 1594 2221; x_wconf 58' lang='lat' dir='ltr'>lVr.)</span> 
     </span>
     <span class='ocr_line' id='line_1_35' title="bbox 73 2231 1605 2283; baseline -0.006 -12"><span class='ocrx_word' id='word_1_340' title='bbox 73 2238 143 2274; x_wconf 84' lang='lat'>355</span> <span class='ocrx_word' id='word_1_341' title='bbox 172 2240 212 2270; x_wconf 87' lang='grc' dir='ltr'>Τ.</span> <span class='ocrx_word' id='word_1_342' title='bbox 232 2250 267 2270; x_wconf 85' lang='lat' dir='ltr'>n.</span> <span class='ocrx_word' id='word_1_343' title='bbox 287 2246 459 2283; x_wconf 78' lang='lat' dir='ltr'>arreptas</span> <span class='ocrx_word' id='word_1_344' title='bbox 487 2236 597 2270; x_wconf 89' lang='lat' dir='ltr'>Goth.</span> <span class='ocrx_word' id='word_1_345' title='bbox 626 2241 723 2276; x_wconf 62' lang='lat' dir='ltr'>tert„</span> <span class='ocrx_word' id='word_1_346' title='bbox 748 2234 837 2267; x_wconf 87' lang='lat' dir='ltr'>miro</span> <span class='ocrx_word' id='word_1_347' title='bbox 865 2234 962 2267; x_wconf 84' lang='lat' dir='ltr'>vitio.</span> <span class='ocrx_word' id='word_1_348' title='bbox 997 2234 1105 2279; x_wconf 79' lang='lat' dir='ltr'>(haud</span> <span class='ocrx_word' id='word_1_349' title='bbox 1137 2233 1185 2265; x_wconf 84' lang='lat' dir='ltr'>ita</span> <span class='ocrx_word' id='word_1_350' title='bbox 1213 2232 1322 2268; x_wconf 81' lang='lat' dir='ltr'>miro;</span> <span class='ocrx_word' id='word_1_351' title='bbox 1361 2231 1431 2264; x_wconf 88' lang='lat' dir='ltr'>vid.</span> <span class='ocrx_word' id='word_1_352' title='bbox 1453 2243 1559 2275; x_wconf 86' lang='lat' dir='ltr'>supra</span> <span class='ocrx_word' id='word_1_353' title='bbox 1578 2232 1605 2270; x_wconf 90' lang='lat'>1,</span> 
     </span>
     <span class='ocr_line' id='line_1_36' title="bbox 75 2277 1605 2327; baseline -0.007 -7"><span class='ocrx_word' id='word_1_354' title='bbox 75 2286 153 2320; x_wconf 88' lang='grc'><strong>108.</strong></span> <span class='ocrx_word' id='word_1_355' title='bbox 177 2291 212 2317; x_wconf 86' lang='lat' dir='ltr'>et</span> <span class='ocrx_word' id='word_1_356' title='bbox 233 2286 277 2317; x_wconf 90' lang='lat' dir='ltr'>V.</span> <span class='ocrx_word' id='word_1_357' title='bbox 299 2285 339 2316; x_wconf 92' lang='lat' dir='ltr'>L.</span> <span class='ocrx_word' id='word_1_358' title='bbox 361 2285 404 2317; x_wconf 81' lang='lat' dir='ltr'>ad</span> <span class='ocrx_word' id='word_1_359' title='bbox 425 2285 486 2325; x_wconf 81' lang='lat' dir='ltr'>IV,</span> <span class='ocrx_word' id='word_1_360' title='bbox 512 2285 592 2318; x_wconf 82' lang='lat'>471-</span> <span class='ocrx_word' id='word_1_361' title='bbox 625 2282 720 2324; x_wconf 66' lang='grc' dir='ltr'>ῙΓΓ.)</span> <span class='ocrx_word' id='word_1_362' title='bbox 818 2283 888 2317; x_wconf 88' lang='grc'>356</span> <span class='ocrx_word' id='word_1_363' title='bbox 907 2295 1004 2327; x_wconf 74' lang='lat' dir='ltr'>aqua</span> <span class='ocrx_word' id='word_1_364' title='bbox 1026 2281 1182 2314; x_wconf 77' lang='lat' dir='ltr'>abundat</span> <span class='ocrx_word' id='word_1_365' title='bbox 1204 2287 1285 2324; x_wconf 88' lang='lat' dir='ltr'>post</span> <span class='ocrx_word' id='word_1_366' title='bbox 1307 2291 1487 2324; x_wconf 74' lang='lat' dir='ltr'>aequora:</span> <span class='ocrx_word' id='word_1_367' title='bbox 1513 2284 1549 2311; x_wconf 85' lang='lat' dir='ltr'>at</span> <span class='ocrx_word' id='word_1_368' title='bbox 1570 2277 1605 2310; x_wconf 87' lang='lat' dir='ltr'>in</span> 
     </span>
     <span class='ocr_line' id='line_1_37' title="bbox 76 2326 1358 2378; baseline -0.004 -14"><span class='ocrx_word' id='word_1_369' title='bbox 76 2332 176 2378; x_wconf 90' lang='lat' dir='ltr'>epico</span> <span class='ocrx_word' id='word_1_370' title='bbox 194 2338 302 2377; x_wconf 85' lang='lat' dir='ltr'>poeta</span> <span class='ocrx_word' id='word_1_371' title='bbox 327 2343 367 2364; x_wconf 78' lang='lat' dir='ltr'>ea</span> <span class='ocrx_word' id='word_1_372' title='bbox 383 2331 486 2376; x_wconf 87' lang='lat' dir='ltr'>copia</span> <span class='ocrx_word' id='word_1_373' title='bbox 510 2330 668 2364; x_wconf 86' lang='lat' dir='ltr'>ferenda.</span> <span class='ocrx_word' id='word_1_374' title='bbox 696 2329 781 2374; x_wconf 77' lang='lat' dir='ltr'>(vid.</span> <span class='ocrx_word' id='word_1_375' title='bbox 805 2330 849 2364; x_wconf 91' lang='lat' dir='ltr'>V.</span> <span class='ocrx_word' id='word_1_376' title='bbox 866 2330 905 2363; x_wconf 90' lang='lat' dir='ltr'>L.</span> <span class='ocrx_word' id='word_1_377' title='bbox 924 2330 969 2362; x_wconf 87' lang='lat' dir='ltr'>ad</span> <span class='ocrx_word' id='word_1_378' title='bbox 990 2330 1054 2362; x_wconf 87' lang='lat' dir='ltr'>Ge.</span> <span class='ocrx_word' id='word_1_379' title='bbox 1082 2330 1124 2369; x_wconf 87' lang='grc' dir='ltr'>ΙΙ,</span> <span class='ocrx_word' id='word_1_380' title='bbox 1149 2327 1231 2362; x_wconf 77' lang='grc'><strong>247.</strong></span> <span class='ocrx_word' id='word_1_381' title='bbox 1261 2326 1358 2371; x_wconf 78' lang='lat' dir='ltr'>Wr.)</span> 
     </span>
    </p>
   </div>
   <div class='ocr_carea' id='block_1_5' title="bbox 1756 918 1765 1590">
    <p class='ocr_par' dir='ltr' id='par_1_14' title="bbox 1756 918 1765 1590">
     <span class='ocr_line' id='line_1_38' title="bbox 1756 918 1765 1590; baseline 0 0"><span class='ocrx_word' id='word_1_382' title='bbox 1756 918 1765 1590; x_wconf 95' lang='lat' dir='ltr'> </span> 
     </span>
    </p>
   </div>
   <div class='ocr_carea' id='block_1_6' title="bbox 77 2451 817 3024">
    <p class='ocr_par' dir='ltr' id='par_1_15' title="bbox 77 2451 817 3024">
     <span class='ocr_line' id='line_1_39' title="bbox 77 2451 814 2501; baseline -0.004 -12"><span class='ocrx_word' id='word_1_383' title='bbox 77 2464 180 2501; x_wconf 78' lang='lat' dir='ltr'>men,</span> <span class='ocrx_word' id='word_1_384' title='bbox 214 2451 312 2490; x_wconf 86' lang='lat' dir='ltr'>deus</span> <span class='ocrx_word' id='word_1_385' title='bbox 330 2451 486 2501; x_wconf 87' lang='lat' dir='ltr'>aliquis,</span> <span class='ocrx_word' id='word_1_386' title='bbox 517 2465 580 2488; x_wconf 78' lang='lat' dir='ltr'>me</span> <span class='ocrx_word' id='word_1_387' title='bbox 601 2464 683 2488; x_wconf 89' lang='lat' dir='ltr'>non</span> <span class='ocrx_word' id='word_1_388' title='bbox 708 2464 814 2487; x_wconf 83' lang='lat' dir='ltr'>mer-</span> 
     </span>
     <span class='ocr_line' id='line_1_40' title="bbox 77 2508 814 2559; baseline 0 -15"><span class='ocrx_word' id='word_1_389' title='bbox 77 2512 149 2558; x_wconf 77' lang='lat' dir='ltr'>sit,</span> <span class='ocrx_word' id='word_1_390' title='bbox 185 2510 417 2547; x_wconf 84' lang='lat' dir='ltr'>submersit:</span> <span class='ocrx_word' id='word_1_391' title='bbox 459 2509 555 2559; x_wconf 88' lang='lat' dir='ltr'>quin</span> <span class='ocrx_word' id='word_1_392' title='bbox 588 2508 639 2546; x_wconf 89' lang='lat' dir='ltr'>ad</span> <span class='ocrx_word' id='word_1_393' title='bbox 675 2508 814 2546; x_wconf 82' lang='lat' dir='ltr'>Italiae</span> 
     </span>
     <span class='ocr_line' id='line_1_41' title="bbox 79 2566 813 2615; baseline -0.003 -11"><span class='ocrx_word' id='word_1_394' title='bbox 79 2567 198 2606; x_wconf 85' lang='lat' dir='ltr'>littus</span> <span class='ocrx_word' id='word_1_395' title='bbox 227 2574 451 2615; x_wconf 81' lang='lat' dir='ltr'>enatarem,</span> <span class='ocrx_word' id='word_1_396' title='bbox 493 2574 540 2605; x_wconf 89' lang='lat' dir='ltr'>ut</span> <span class='ocrx_word' id='word_1_397' title='bbox 563 2580 602 2604; x_wconf 87' lang='lat' dir='ltr'>v.</span> <span class='ocrx_word' id='word_1_398' title='bbox 634 2567 717 2608; x_wconf 81' lang='lat'>356</span> <span class='ocrx_word' id='word_1_399' title='bbox 739 2566 813 2603; x_wconf 85' lang='lat' dir='ltr'>ad-</span> 
     </span>
     <span class='ocr_line' id='line_1_42' title="bbox 80 2624 815 2674; baseline -0.004 -11"><span class='ocrx_word' id='word_1_400' title='bbox 80 2625 151 2663; x_wconf 87' lang='lat' dir='ltr'>dit.</span> <span class='ocrx_word' id='word_1_401' title='bbox 195 2639 233 2664; x_wconf 85' lang='lat' dir='ltr'>v.</span> <span class='ocrx_word' id='word_1_402' title='bbox 266 2625 360 2663; x_wconf 82' lang='lat' dir='ltr'>Var.</span> <span class='ocrx_word' id='word_1_403' title='bbox 391 2625 498 2663; x_wconf 88' lang='lat' dir='ltr'>Lect.</span> <span class='ocrx_word' id='word_1_404' title='bbox 568 2626 624 2661; x_wconf 87' lang='lat' dir='ltr'>De</span> <span class='ocrx_word' id='word_1_405' title='bbox 648 2624 815 2674; x_wconf 88' lang='lat' dir='ltr'>reliquis</span> 
     </span>
     <span class='ocr_line' id='line_1_43' title="bbox 80 2682 814 2733; baseline -0.004 -12"><span class='ocrx_word' id='word_1_406' title='bbox 80 2684 127 2722; x_wconf 84' lang='lat' dir='ltr'>cs.</span> <span class='ocrx_word' id='word_1_407' title='bbox 160 2683 216 2732; x_wconf 89' lang='lat' dir='ltr'>V,</span> <span class='ocrx_word' id='word_1_408' title='bbox 256 2684 337 2724; x_wconf 84' lang='lat'>857</span> <span class='ocrx_word' id='word_1_409' title='bbox 373 2696 429 2733; x_wconf 85' lang='lat' dir='ltr'>sq.</span> <span class='ocrx_word' id='word_1_410' title='bbox 490 2683 587 2724; x_wconf 80' lang='lat'>349.</span> <span class='ocrx_word' id='word_1_411' title='bbox 621 2682 814 2732; x_wconf 77' lang='lat' dir='ltr'>Cogitan—</span> 
     </span>
     <span class='ocr_line' id='line_1_44' title="bbox 81 2740 814 2791; baseline -0.003 -13"><span class='ocrx_word' id='word_1_412' title='bbox 81 2741 211 2790; x_wconf 79' lang='lat' dir='ltr'>dum,</span> <span class='ocrx_word' id='word_1_413' title='bbox 266 2740 500 2778; x_wconf 85' lang='lat' dir='ltr'>Palinurum</span> <span class='ocrx_word' id='word_1_414' title='bbox 542 2740 814 2791; x_wconf 80' lang='lat' dir='ltr'>gubernaculo</span> 
     </span>
     <span class='ocr_line' id='line_1_45' title="bbox 80 2798 816 2838; baseline -0.004 -2"><span class='ocrx_word' id='word_1_415' title='bbox 80 2813 214 2838; x_wconf 88' lang='lat' dir='ltr'>secum</span> <span class='ocrx_word' id='word_1_416' title='bbox 244 2798 405 2837; x_wconf 82' lang='lat' dir='ltr'>revulso</span> <span class='ocrx_word' id='word_1_417' title='bbox 436 2798 476 2835; x_wconf 86' lang='lat' dir='ltr'>in</span> <span class='ocrx_word' id='word_1_418' title='bbox 503 2799 603 2836; x_wconf 82' lang='lat' dir='ltr'>mari</span> <span class='ocrx_word' id='word_1_419' title='bbox 635 2798 816 2835; x_wconf 85' lang='lat' dir='ltr'>insiden-</span> 
     </span>
     <span class='ocr_line' id='line_1_46' title="bbox 83 2855 816 2897; baseline -0.005 -2"><span class='ocrx_word' id='word_1_420' title='bbox 83 2865 162 2896; x_wconf 85' lang='lat' dir='ltr'>tem</span> <span class='ocrx_word' id='word_1_421' title='bbox 186 2863 358 2897; x_wconf 83' lang='lat' dir='ltr'>natasse.</span> <span class='ocrx_word' id='word_1_422' title='bbox 399 2855 542 2894; x_wconf 79' lang='lat' dir='ltr'>Suavis</span> <span class='ocrx_word' id='word_1_423' title='bbox 565 2861 699 2893; x_wconf 78' lang='lat' dir='ltr'>autem</span> <span class='ocrx_word' id='word_1_424' title='bbox 722 2855 816 2893; x_wconf 83' lang='lat' dir='ltr'>fidei</span> 
     </span>
     <span class='ocr_line' id='line_1_47' title="bbox 81 2913 817 2965; baseline -0.003 -13"><span class='ocrx_word' id='word_1_425' title='bbox 81 2922 118 2954; x_wconf 89' lang='lat' dir='ltr'>et</span> <span class='ocrx_word' id='word_1_426' title='bbox 141 2915 287 2953; x_wconf 83' lang='lat' dir='ltr'>amoris</span> <span class='ocrx_word' id='word_1_427' title='bbox 308 2915 473 2952; x_wconf 79' lang='lat' dir='ltr'>affectus</span> <span class='ocrx_word' id='word_1_428' title='bbox 498 2913 538 2951; x_wconf 90' lang='lat' dir='ltr'>in</span> <span class='ocrx_word' id='word_1_429' title='bbox 561 2928 667 2965; x_wconf 86' lang='lat' dir='ltr'>seqq.</span> <span class='ocrx_word' id='word_1_430' title='bbox 710 2915 817 2950; x_wconf 78' lang='lat' dir='ltr'>Ma-</span> 
     </span>
     <span class='ocr_line' id='line_1_48' title="bbox 80 2972 817 3024; baseline -0.004 -14"><span class='ocrx_word' id='word_1_431' title='bbox 80 2977 142 3011; x_wconf 79' lang='lat' dir='ltr'>ria</span> <span class='ocrx_word' id='word_1_432' title='bbox 177 2988 324 3024; x_wconf 76' lang='lat' dir='ltr'>aspera</span> <span class='ocrx_word' id='word_1_433' title='bbox 356 2975 443 3010; x_wconf 76' lang='lat' dir='ltr'>iuro</span> <span class='ocrx_word' id='word_1_434' title='bbox 477 2978 551 3010; x_wconf 88' lang='lat' dir='ltr'>etc.</span> <span class='ocrx_word' id='word_1_435' title='bbox 614 2972 710 3014; x_wconf 81' lang='lat'>353.</span> <span class='ocrx_word' id='word_1_436' title='bbox 747 2985 817 3008; x_wconf 85' lang='grc' dir='ltr'>αν-</span> 
     </span>
    </p>
   </div>
   <div class='ocr_carea' id='block_1_7' title="bbox 873 2444 1611 3009">
    <p class='ocr_par' dir='ltr' id='par_1_16' title="bbox 873 2444 1611 3009">
     <span class='ocr_line' id='line_1_49' title="bbox 873 2444 1608 2500; baseline -0.005 -14"><span class='ocrx_word' id='word_1_437' title='bbox 873 2451 950 2486; x_wconf 77' lang='lat' dir='ltr'>mis</span> <span class='ocrx_word' id='word_1_438' title='bbox 983 2462 1057 2500; x_wconf 80' lang='lat' dir='ltr'>pro</span> <span class='ocrx_word' id='word_1_439' title='bbox 1096 2446 1368 2499; x_wconf 76' lang='lat' dir='ltr'>gubernaculo</span> <span class='ocrx_word' id='word_1_440' title='bbox 1398 2444 1439 2483; x_wconf 81' lang='lat' dir='ltr'>h.</span> <span class='ocrx_word' id='word_1_441' title='bbox 1470 2444 1495 2483; x_wconf 91' lang='lat' dir='ltr'>l.</span> <span class='ocrx_word' id='word_1_442' title='bbox 1538 2459 1608 2482; x_wconf 84' lang='lat' dir='ltr'>ex-</span> 
     </span>
     <span class='ocr_line' id='line_1_50' title="bbox 873 2503 1607 2556; baseline -0.005 -12"><span class='ocrx_word' id='word_1_443' title='bbox 873 2521 993 2544; x_wconf 72' lang='lat' dir='ltr'>cussa</span> <span class='ocrx_word' id='word_1_444' title='bbox 1017 2509 1211 2556; x_wconf 70' lang='lat' dir='ltr'>nmgislro</span> <span class='ocrx_word' id='word_1_445' title='bbox 1236 2504 1479 2555; x_wconf 71' lang='lat' dir='ltr'>exquisitior</span> <span class='ocrx_word' id='word_1_446' title='bbox 1504 2503 1607 2541; x_wconf 85' lang='lat' dir='ltr'>ratio</span> 
     </span>
     <span class='ocr_line' id='line_1_51' title="bbox 873 2564 1605 2616; baseline -0.004 -15"><span class='ocrx_word' id='word_1_447' title='bbox 873 2579 948 2616; x_wconf 87' lang='lat' dir='ltr'>pro</span> <span class='ocrx_word' id='word_1_448' title='bbox 981 2564 1157 2615; x_wconf 78' lang='lat' dir='ltr'>vulgari,</span> <span class='ocrx_word' id='word_1_449' title='bbox 1190 2566 1385 2612; x_wconf 64' lang='lat' dir='ltr'>magistro</span> <span class='ocrx_word' id='word_1_450' title='bbox 1415 2576 1605 2608; x_wconf 59' lang='lat' dir='ltr'>avc-asso,-</span> 
     </span>
     <span class='ocr_line' id='line_1_52' title="bbox 873 2619 1608 2668; baseline -0.005 -8"><span class='ocrx_word' id='word_1_451' title='bbox 873 2623 1071 2660; x_wconf 80' lang='lat' dir='ltr'>translato</span> <span class='ocrx_word' id='word_1_452' title='bbox 1092 2623 1218 2660; x_wconf 85' lang='lat' dir='ltr'>verbo</span> <span class='ocrx_word' id='word_1_453' title='bbox 1239 2622 1289 2658; x_wconf 82' lang='lat' dir='ltr'>ad</span> <span class='ocrx_word' id='word_1_454' title='bbox 1309 2621 1465 2668; x_wconf 86' lang='lat' dir='ltr'>locum,</span> <span class='ocrx_word' id='word_1_455' title='bbox 1498 2619 1608 2657; x_wconf 85' lang='lat' dir='ltr'>unde</span> 
     </span>
     <span class='ocr_line' id='line_1_53' title="bbox 874 2678 1609 2729; baseline -0.004 -11"><span class='ocrx_word' id='word_1_456' title='bbox 874 2681 999 2718; x_wconf 83' lang='lat' dir='ltr'>motio</span> <span class='ocrx_word' id='word_1_457' title='bbox 1032 2680 1090 2718; x_wconf 78' lang='lat' dir='ltr'>fit.</span> <span class='ocrx_word' id='word_1_458' title='bbox 1172 2680 1268 2721; x_wconf 80' lang='lat'>355.</span> <span class='ocrx_word' id='word_1_459' title='bbox 1314 2679 1509 2729; x_wconf 80' lang='lat' dir='ltr'>Compara</span> <span class='ocrx_word' id='word_1_460' title='bbox 1546 2678 1609 2715; x_wconf 90' lang='lat' dir='ltr'>lo—</span> 
     </span>
     <span class='ocr_line' id='line_1_54' title="bbox 875 2736 1608 2789; baseline -0.001 -13"><span class='ocrx_word' id='word_1_461' title='bbox 875 2752 966 2776; x_wconf 84' lang='lat' dir='ltr'>cum</span> <span class='ocrx_word' id='word_1_462' title='bbox 1010 2738 1058 2776; x_wconf 85' lang='lat' dir='ltr'>de</span> <span class='ocrx_word' id='word_1_463' title='bbox 1094 2738 1233 2789; x_wconf 78' lang='lat' dir='ltr'>Ulysse</span> <span class='ocrx_word' id='word_1_464' title='bbox 1271 2736 1415 2788; x_wconf 86' lang='lat' dir='ltr'>Odyss.</span> <span class='ocrx_word' id='word_1_465' title='bbox 1453 2752 1480 2785; x_wconf 79' lang='grc' dir='ltr'>ε,</span> <span class='ocrx_word' id='word_1_466' title='bbox 1524 2737 1608 2777; x_wconf 83' lang='grc'>388</span> 
     </span>
     <span class='ocr_line' id='line_1_55' title="bbox 876 2794 1608 2846; baseline -0.001 -14"><span class='ocrx_word' id='word_1_467' title='bbox 876 2810 959 2846; x_wconf 85' lang='lat' dir='ltr'>sqq.</span> <span class='ocrx_word' id='word_1_468' title='bbox 1020 2811 1179 2833; x_wconf 70' lang='lat' dir='ltr'>summa</span> <span class='ocrx_word' id='word_1_469' title='bbox 1202 2795 1383 2832; x_wconf 59' lang='lat' dir='ltr'>sublimis</span> <span class='ocrx_word' id='word_1_470' title='bbox 1411 2794 1463 2832; x_wconf 79' lang='lat' dir='ltr'>ab</span> <span class='ocrx_word' id='word_1_471' title='bbox 1485 2795 1608 2842; x_wconf 74' lang='lat' dir='ltr'>unda,</span> 
     </span>
     <span class='ocr_line' id='line_1_56' title="bbox 875 2848 1611 2906; baseline 0 -14"><span class='ocrx_word' id='word_1_472' title='bbox 875 2854 971 2892; x_wconf 87' lang='lat' dir='ltr'>ibid.</span> <span class='ocrx_word' id='word_1_473' title='bbox 994 2857 1077 2896; x_wconf 75' lang='lat'>393</span> <span class='ocrx_word' id='word_1_474' title='bbox 1111 2850 1286 2906; x_wconf 71' lang='grc' dir='ltr'><em>μεγάλου</em></span> <span class='ocrx_word' id='word_1_475' title='bbox 1312 2850 1393 2892; x_wconf 62' lang='lat' dir='ltr'>virro*</span> <span class='ocrx_word' id='word_1_476' title='bbox 1429 2848 1611 2906; x_wconf 79' lang='grc' dir='ltr'><em>κύματος</em></span> 
     </span>
     <span class='ocr_line' id='line_1_57' title="bbox 877 2908 1610 2964; baseline -0.007 -12"><span class='ocrx_word' id='word_1_477' title='bbox 877 2908 1034 2964; x_wconf 65' lang='grc' dir='ltr'>ἀρθείς.</span> <span class='ocrx_word' id='word_1_478' title='bbox 1087 2912 1168 2953; x_wconf 80' lang='grc'>359</span> <span class='ocrx_word' id='word_1_479' title='bbox 1193 2926 1277 2962; x_wconf 86' lang='lat' dir='ltr'>sqq.</span> <span class='ocrx_word' id='word_1_480' title='bbox 1302 2912 1511 2949; x_wconf 83' lang='lat' dir='ltr'>Palinurus</span> <span class='ocrx_word' id='word_1_481' title='bbox 1536 2923 1610 2948; x_wconf 82' lang='lat' dir='ltr'>na—</span> 
     </span>
     <span class='ocr_line' id='line_1_58' title="bbox 877 2969 1611 3009; baseline -0.005 0"><span class='ocrx_word' id='word_1_482' title='bbox 877 2971 919 3009; x_wconf 74' lang='lat' dir='ltr'>vi</span> <span class='ocrx_word' id='word_1_483' title='bbox 954 2983 1145 3009; x_wconf 79' lang='lat' dir='ltr'>excussus</span> <span class='ocrx_word' id='word_1_484' title='bbox 1181 2970 1233 3008; x_wconf 83' lang='lat' dir='ltr'>ad</span> <span class='ocrx_word' id='word_1_485' title='bbox 1269 2970 1384 3008; x_wconf 86' lang='lat' dir='ltr'>littus</span> <span class='ocrx_word' id='word_1_486' title='bbox 1413 2969 1611 3008; x_wconf 85' lang='lat' dir='ltr'>Lucaniae</span> 
     </span>
    </p>
   </div>
   <div class='ocr_carea' id='block_1_8' title="bbox 1773 2491 1779 3205">
    <p class='ocr_par' dir='ltr' id='par_1_17' title="bbox 1773 2491 1779 3205">
     <span class='ocr_line' id='line_1_59' title="bbox 1773 2491 1779 3205; baseline 0 0"><span class='ocrx_word' id='word_1_487' title='bbox 1773 2491 1779 3205; x_wconf 95' lang='lat' dir='ltr'> </span> 
     </span>
    </p>
   </div>
  </div>
 </body>
</html>
