1811 3388
381 225 796 275 AENEIDOS
834 227 976 277 LIB.
1014 229 1104 286 111,
1142 234 1441 283 301-318

143 353 352 400 Verane
374 359 426 399 te
450 348 635 413 facieS,
674 367 831 400 verus
853 351 986 400 mihi
1010 354 1228 402 nuntius
1249 353 1440 416 adfers,

1568 241 1663 285 487

1563 367 1665 411 310

141 423 272 469 Nate
293 419 426 469 dea?
461 419 699 471 vivisne?
738 430 850 485 aut,
889 423 930 470 si
952 420 1038 471 lux
1063 423 1199 473 alma
1224 427 1456 488 recessit,

140 492 339 538 Hector
384 489 476 538 ubi
533 496 644 540 est?
703 490 853 555 dixit,
920 491 1271 561 lacrimasque
1323 494 1543 557 effudit,
1613 508 1664 547 et

136 626 369 692 Inplevit
395 628 632 678 clamore
651 628 849 684 locum.

928 578 1154 613 omnem

924 632 1020 683 Vix
1040 651 1208 699 pauca
1227 634 1426 686 furenti

138 696 398 761 Subiicio,
439 707 492 746 et
508 700 637 748 raris
656 700 898 750 turbatus
919 703 1139 753 vocibus
1160 704 1333 757 hisco:

135 767 269 817 Vivo
330 767 586 835 equidem
611 810 623 833 ,
696 770 968 838 vitamque
1034 783 1267 825 extrema
1323 794 1423 843 per
1480 776 1660 825 omnia

926 841 1080 896 duc0.
1557 849 1660 897 315

133 909 212 956 Ne
241 905 450 958 dubita:
488 924 614 956 nam
636 926 760 958 vera
783 910 944 964 vides

131 978 275 1027 Heu!
315 977 432 1043 quis
453 985 506 1026 te
532 994 677 1028 casus
700 979 964 1031 deiectam
990 983 1217 1047 coniuge
1237 993 1385 1034 tanto

130 1047 366 1113 Excipit?
405 1056 494 1096 aut
516 1065 652 1115 quae
677 1049 834 1115 digna
853 1052 972 1102 satis
995 1050 1211 1103 fortuna
1234 1055 1414 1104 revisit
1429 1062 1451 1106 ?

201 1146 316 1193 318.
353 1143 615 1191 FORTUNA

222 1260 292 1294 310
318 1272 444 1292 veram
465 1260 553 1292 milii
574 1260 701 1294 Medic,
752 1261 878 1307 adfert
900 1263 1033 1297 Zulich.
1056 1271 1091 1297 et
1111 1266 1191 1298 Exc.
1215 1266 1329 1298 Burm.
1367 1264 1416 1298 ita
1435 1264 1551 1297 lenior
1570 1277 1653 1298 ora—

131 1305 181 1338 tio
202 1306 315 1346 foret,
341 1313 377 1339 at
400 1307 511 1339 minus
539 1306 655 1340 docta.

130 1361 200 1385 tres
224 1366 280 1398 ap.
299 1355 413 1386 Burm.

128 1399 244 1432 Vatic.

750 1309 818 1343 311
855 1322 903 1342 an
932 1312 965 1343 si
992 1311 1057 1344 lux
1084 1311 1192 1344 Goth.
1224 1325 1294 1345 sec.

507 1354 576 1389 313
605 1355 802 1401 Complevit
823 1357 989 1401 Excerpt.
1015 1359 1198 1392 Burmann.

339 1401 410 1435 316
436 1401 514 1434 Nec
543 1400 611 1433 duo
641 1403 756 1436 Burm.
806 1404 864 1436 Ne
893 1404 1038 1438 dubites
1068 1406 1160 1438 alter
1187 1406 1286 1439 Leid.
1338 1407 1395 1439 Ne
1425 1407 1460 1440 d.
1494 1419 1540 1439 ne
1563 1419 1653 1439 vera

1391 1313 1461 1347 312
1495 1312 1653 1357 effundit

1294 1359 1363 1394 315
1389 1361 1509 1392 omina
1528 1360 1651 1403 fragm.

128 1447 232 1479 vides
251 1447 341 1480 Gud.
361 1460 381 1480 a
400 1460 445 1481 m.
466 1460 519 1493 pr.
571 1449 770 1492 verast'des
790 1450 826 1482 in
847 1463 906 1483 sex
930 1451 1060 1485 lectum
1081 1453 1218 1486 videbis
1232 1479 1240 1495 ,
1265 1453 1327 1485 sed
1349 1453 1546 1486 recentibus
1560 1479 1569 1495 ,
1594 1466 1649 1498 ap.

127 1493 248 1527 Heins.
265 1501 300 1526 et
317 1496 431 1528 Burm.
443 1522 452 1536 ,

478 1495 573 1540 qnod
595 1495 741 1529 Heinsio
765 1497 1046 1543 Marklandoque
1076 1500 1221 1533 arridet.
1271 1499 1456 1533 Enimvero
1488 1501 1531 1532 de
1563 1513 1651 1533 ocu-

127 1542 239 1573 lorum
259 1541 347 1581 fide,
372 1542 517 1586 visuque
536 1542 626 1574 adeo
641 1569 649 1584 ,
676 1543 732 1576 hic
754 1544 888 1587 agitur,
915 1557 985 1578 non
1004 1547 1048 1579 de
1066 1547 1277 1580 narrationis
1298 1555 1331 1580 et
1351 1547 1538 1580 auditionis
1569 1548 1648 1581 fide.

126 1589 236 1620 Recte
258 1589 362 1620 vides
381 1589 485 1621 etiam
504 1590 628 1632 fragm.
654 1589 769 1623 vatic.
792 1599 918 1625 servat.

1013 1594 1083 1628 318
1109 1607 1181 1640 qua
1200 1594 1234 1627 d.
1262 1596 1348 1639 Reg.
1398 1595 1514 1641 digna
1534 1596 1646 1627 sacris

126 1634 259 1667 Zulich.
309 1637 485 1668 remansit
505 1638 553 1669 W
556 1636 614 1669 all.
663 1640 704 1670 F.
719 1636 861 1683 ficisset
878 1640 988 1673 Goth.
1006 1647 1091 1674 tert.
1114 1654 1134 1675 a
1150 1654 1195 1675 m.
1217 1654 1270 1687 pr.

124 1725 311 1782 ἀμφασίη
329 1729 458 1771 ἐπέων
488 1728 588 1784 λάβε
608 1756 665 1761 -
685 1728 787 1784 Ὀψὲ
809 1731 853 1773 δὲ

124 1784 176 1840 δή
240 1804 309 1840 μιν
378 1788 541 1830 ἔπεσσιν
604 1786 852 1844 ἀμειβομένη

122 1845 332 1899 προςέειπε
350 1847 493 1899 Odyss.
516 1848 552 1897 δ,
575 1850 672 1891 706.

180 1906 263 1946 310
287 1927 336 1932 -
358 1907 456 1947 313.
488 1906 602 1943 Tune
632 1920 726 1945 vere
758 1907 852 1944 ades

120 1961 231 2013 ipse'?
270 1962 444 2015 affer-sne
478 1972 514 2000 te
554 1962 621 2016 (cs.
648 1964 718 2003 inf.
749 1964 850 2018 346)

120 2020 224 2057 mihi
242 2026 446 2071 tamquam
480 2036 575 2059 vera
589 2022 731 2072 facies
759 2023 851 2071 viri,

120 2077 234 2115 cuius
254 2080 422 2130 speciem
455 2078 606 2117 habes'?
644 2087 851 2131 tamquam

119 2149 235 2172 verus
259 2138 422 2174 nuntius
447 2137 538 2175 tui‘?
579 2148 627 2175 ut
658 2152 753 2176 vere
786 2139 851 2176 ille

120 2192 191 2240 sis,
231 2206 348 2243 quem
378 2195 518 2232 vultus
547 2196 739 2234 nuntiat?
776 2205 850 2234 aut

119 2252 156 2287 si
174 2251 245 2288 lux
265 2252 379 2289 alma
395 2282 406 2300 ,
451 2252 556 2301 vita,
587 2256 746 2292 recessit
763 2284 773 2303 ,
809 2261 849 2292 et

118 2307 218 2345 haee
250 2309 390 2346 umbra
419 2309 573 2347 Aeneae
610 2318 694 2360 est,
747 2325 850 2363 quae

117 2365 216 2404 mihi
247 2373 437 2418 apparet,
487 2370 641 2405 Hector
675 2368 744 2406 ubi
775 2379 844 2418 esc,

116 2424 185 2475 qui
206 2430 244 2461 et
270 2425 353 2476 ipse
383 2426 488 2463 inter
517 2426 679 2464 umbras
708 2441 848 2465 versa-

116 2488 205 2531 tur,
236 2483 362 2532 dixit,
396 2484 589 2521 lacrima-s·
608 2484 753 2537 efficdit
773 2493 847 2526 etc.

116 2541 160 2577 In
208 2539 287 2578 hoc
344 2540 645 2580 Andromaches
703 2539 845 2595 πάθει,

114 2597 309 2648 piissimae
351 2600 393 2638 in
436 2600 571 2638 mariti
608 2601 843 2640 memoriam

115 2655 305 2705 feminae,
328 2657 415 2707 quis
433 2671 515 2695 non
532 2672 720 2709 magnum
742 2673 842 2711 poe-

114 2720 197 2750 tam
219 2716 434 2764 agnoscat?
465 2717 568 2754 cons.
596 2717 763 2756 Excurs.
788 2719 840 2757 X.

171 2773 382 2814 313314.
414 2773 590 2823 ficrenli,
624 2775 840 2827 impatien-

115 2833 175 2864 ter
226 2828 375 2867 dolenti
393 2860 402 2878 ,
479 2839 525 2869 ut
577 2833 677 2870 bene
724 2835 836 2873 Serv.

114 2885 287 2923 Omnino
303 2887 464 2936 furere,
499 2890 739 2941 μαίνεσθαι,
771 2893 836 2930 in—

113 2941 235 2980 finitis
252 2944 348 2981 locis
381 2945 507 2997 simpl.
538 2955 597 2985 est
635 2958 836 2989 commoto

909 1747 991 1772 esse
1009 1736 1154 1785 animo,
1173 1749 1412 1788 quacunque
1430 1735 1479 1773 de
1497 1749 1646 1774 caussa.

910 1793 1106 1843 Subiicio,
1140 1790 1376 1847 ὕποβάλλω,
1408 1794 1645 1845 respondeo,

910 1850 1021 1889 hisco
1054 1853 1291 1904 exquisitius
1328 1866 1449 1904 quam
1487 1853 1640 1904 loquor.

969 1911 1209 1953 315—319.
1220 1919 1394 1948 extrema
1402 1925 1481 1961 per
1493 1913 1644 1960 omnia,

911 1967 962 2005 ad
982 1968 1159 2020 pericula
1192 1975 1232 2007 et
1261 1969 1492 2007 discrimina
1523 1969 1642 2007 refer.

911 2028 1007 2067 317.
1027 2027 1240 2075 deiectam,
1264 2023 1493 2081 δεινότερον
1521 2040 1642 2077 quam

907 2083 1131 2134 privatam,
1170 2085 1402 2134 viduatam,
1452 2084 1640 2123 Hectore.

908 2141 1008 2179 Nam
1026 2143 1238 2180 dedic-imur
1258 2143 1409 2195 gradu,
1442 2155 1530 2194 spe,
1561 2142 1640 2180 ho-

907 2212 1025 2248 nore,
1058 2201 1264 2252 coniugio,
1285 2201 1528 2251 omninoque
1551 2214 1639 2237 nia-

903 2270 981 2308 gna
1014 2258 1144 2309 aliqua
1173 2271 1238 2307 re²
1283 2258 1444 2309 quando
1478 2271 1523 2296 ea
1550 2258 1638 2310 pri-

908 2328 1064 2354 vamur.
1125 2317 1216 2368 quis
1244 2331 1363 2354 casus
1395 2325 1431 2354 te
1467 2318 1632 2366 excipit,

908 2372 960 2410 ad
991 2386 1111 2424 quam
1141 2375 1330 2412 fortunae
1361 2373 1634 2413 conditionem

905 2430 1071 2469 redacta
1101 2433 1170 2470 es'?
1228 2433 1391 2471 Servius
1421 2446 1466 2469 eo
1496 2433 1633 2481 refert,

907 2489 1017 2539 quod
1037 2492 1294 2541 excipiuntur
1315 2491 1499 2542 proprie,
1531 2503 1634 2541 quae

902 2547 1078 2597 cadunt3
1108 2554 1216 2586 recte
1237 2549 1409 2600 quidem,
1438 2548 1508 2586 sed
1528 2549 1632 2586 sorte

900 2603 967 2642 hic
999 2605 1114 2644 nimis
1139 2606 1350 2646 subtiliter.
1415 2608 1632 2657 Excipiunt

899 2677 971 2700 nos
992 2677 1055 2712 ea,
1088 2678 1190 2715 quae
1214 2666 1329 2704 nobis
1348 2671 1439 2717 post
1458 2665 1534 2702 alia
1561 2678 1630 2701 ac·-

899 2721 1042 2761 cidunt
1058 2728 1098 2760 et
1117 2723 1321 2763 eveniunt.
1381 2724 1510 2774 digna
1529 2725 1630 2760 satis

898 2779 923 2817 l.
946 2786 986 2817 te
1006 2780 1031 2818 l.
1058 2781 1192 2832 priore
1211 2781 1279 2819 illa
1307 2783 1497 2830 sortuna3
1536 2794 1627 2818 cum

898 2837 965 2874 illa
981 2838 1170 2877 videatur
1187 2840 1370 2888 meliore,
1411 2853 1529 2890 quam
1551 2852 1626 2889 pro

898 2895 1080 2947 captivae
1099 2904 1207 2935 sorte
1227 2898 1299 2936 uti.
1334 2897 1421 2950 (sed
1432 2897 1511 2935 vid.
1526 2910 1625 2947 quae

898 2953 949 2991 ad
977 2968 1033 2993 VS.
1065 2958 1161 2997 319.
1191 2955 1486 2994 adnotavimus,
1531 2956 1623 2993 lVr.
