1827 3436
373 208 790 259 AENEIDOS
830 209 966 258 LIB.
1005 209 1043 270 Ι,
1084 214 1366 263 637-651
1526 221 1619 265 189

114 337 334 388 Ascanio
360 335 494 385 ferat
515 334 662 397 haee,
689 334 974 400 ipsumque
999 333 1064 382 ad
1094 337 1309 384 moenia
1334 337 1500 390 ducat.
1524 344 1622 391 645

116 407 306 457 Omnis
341 406 394 453 in
420 404 643 455 Ascanio
669 404 771 452 cari
796 412 895 451 stat
919 420 1038 452 cura
1060 406 1306 470 parentis,

113 481 335 527 Munera
361 482 653 541 praeterea,
691 473 857 522 Iliacis
881 482 1060 539 erepta
1082 475 1260 537 ruinis,

113 550 273 595 Ferre
298 545 468 604 iubet,
507 543 701 610 pallam
725 543 884 607 signis
909 560 1148 609 auroque.
1174 545 1452 608 rigentem,

112 619 178 665 Et
201 615 605 663 circumtextum
641 629 833 662 croceo
853 613 1100 662 velamen
1134 613 1375 675 acanth0‚

115 687 348 734 Ornatus
372 685 593 748 Argivae
617 683 880 742 Helenae3
921 700 1056 749 quos
1081 683 1167 732 illa
1187 683 1437 747 Mycenis,
1528 686 1626 734 650

113 758 367 819 Pergama
391 771 558 821 quum
584 762 794 820 peteret
815 754 1263 820 inconcessosque
1275 756 1627 817 Hymenaeos,

112 897 230 942 poetis
252 896 320 929 dici
344 902 383 928 ut
408 892 663 939 προπέμπειν,
697 892 892 938 προϊέναι,
922 906 986 938 pro
1015 894 1129 938 simpl.
1156 891 1325 937 πέμπειν.
1375 894 1432 938 (At
1451 893 1628 937 exemplis,

115 956 203 989 quae
225 943 320 976 nulla
340 943 486 975 inveniri
507 954 610 986 posse
633 947 739 986 puto,
768 941 837 974 hoc
858 942 1155 987 comprobandum
1179 947 1274 981 erat,
1307 941 1544 986 praemittere
1563 951 1627 985 pro

114 990 264 1036 simplici
282 992 426 1023 mittere
444 990 513 1022 diei
534 1003 551 1022 a
568 988 713 1022 Latinis.
763 988 919 1021 Servius:
945 990 1049 1029 „Non
1063 989 1288 1035 praemittit,
1312 999 1376 1020 nec
1396 986 1486 1019 enirn
1509 987 1628 1030 sequi-

113 1047 169 1072 tur
185 1039 279 1082 ipse;
308 1037 371 1070 sed
394 1039 503 1070 mittit
525 1035 859 1083 praerapidum.“
910 1035 1136 1068 Durissimum
1162 1035 1240 1067 hoc.
1290 1033 1379 1066 Mihi
1406 1033 1549 1078 proprie
1570 1033 1629 1066 lo-

114 1085 173 1130 qui
196 1093 230 1118 et
251 1085 295 1117 ad
313 1096 362 1117 vs.
384 1084 463 1119 633.
485 1083 661 1128 respicere
683 1082 852 1126 Virgilius
873 1082 1023 1125 videtur.
1056 1083 1151 1124 lVr.)
1201 1081 1366 1114 Achaten
1396 1092 1413 1111 ε·-
1444 1081 1629 1113 Gramma-

113 1133 195 1165 ticis
215 1131 363 1164 firmavit
385 1130 504 1164 Heins.
531 1130 635 1174 vulgo
655 1130 841 1163 Achatem.
936 1128 1005 1164 645
1029 1130 1189 1163 Ascanio
1212 1136 1250 1160 ut
1262 1126 1370 1173 ferat
1388 1129 1476 1160 Ven.
1525 1128 1629 1173 ipsa-

114 1192 184 1225 que
202 1192 254 1223 pr.
277 1180 403 1210 Moret.
426 1190 444 1210 a
465 1191 508 1210 m.
529 1190 581 1222 pr.
632 1189 822 1221 secumque
849 1177 899 1209 ad
926 1189 970 1209 m.
1000 1177 1034 1210 d.
1067 1175 1226 1208 Parrhas.
1276 1175 1324 1206 ad
1345 1174 1471 1206 limina
1488 1175 1627 1217 Menag.

114 1239 167 1270 pr.
241 1225 309 1260 646
331 1233 406 1257 Stat
424 1227 503 1257 cari
521 1223 693 1256 Montalb.
767 1222 836 1258 649
859 1224 1091 1256 circumtexta
1113 1234 1181 1254 sec.
1199 1223 1325 1254 Moret.
1361 1221 1521 1254 achanto
1537 1220 1628 1253 scri—

114 1274 200 1306 bunt
220 1271 378 1304 nonnulli
399 1271 455 1304 hic
478 1278 515 1303 nt
530 1270 627 1303 alibi.
685 1270 756 1304 650
780 1273 920 1302 Ornata
938 1270 1038 1303 Leid.
1058 1270 1082 1302 f.
1104 1281 1145 1301 ex
1165 1275 1390 1302 ornamenta.
1448 1268 1513 1302 651
1534 1271 1627 1300 Dum

112 1333 148 1366 p.
170 1321 308 1363 Menag.
326 1331 379 1363 pr.
426 1327 572 1364 peteres
589 1317 725 1350 Fabric.
745 1316 876 1350 laudat.

116 1424 340 1477 anaglypho
360 1438 490 1477 opere,
523 1437 592 1463 seu
613 1422 845 1462 extantibus
903 1422 968 1461 vel
1010 1421 1218 1459 hominum
1258 1419 1396 1458 formis
1427 1433 1477 1457 ex
1514 1433 1626 1460 auro.

115 1485 273 1535 figuris,
306 1483 521 1535 expressis;
553 1483 601 1520 de
639 1496 719 1533 quo
754 1481 845 1532 qui-

117 1542 206 1580 dem
234 1548 463 1579 constanter
495 1542 652 1578 caelare
681 1547 720 1577 et
752 1553 846 1576 eae-

117 1601 252 1637 latura
283 1599 360 1637 dici
394 1598 620 1638 observavi.
654 1596 723 1650 (cf.
752 1597 845 1634 Au-

116 1660 266 1709 liquar.
296 1657 504 1695 Ablzamll.
538 1657 577 1694 P.
602 1656 635 1693 ΙΙ
667 1670 706 1707 p.
734 1653 843 1704 135.)

118 1713 277 1767 (ingens
297 1713 336 1753 h.
360 1715 383 1752 l.
408 1728 490 1752 non
516 1713 845 1765 magnitudinem,

116 1773 184 1810 sed
212 1773 366 1824 copiam
396 1772 590 1810 denotare
609 1770 847 1809 Wunderli-

117 1830 207 1868 chio
227 1830 402 1881 mihique
428 1830 603 1868 videtur.
634 1826 752 1881 lsVr.)
795 1828 848 1865 At

115 1889 237 1926 dueta
256 1903 335 1926 non
359 1888 410 1926 ad
434 1901 533 1939 opus
553 1886 760 1935 emetasso,
777 1885 846 1923 sed

117 1946 167 1984 ad
190 1949 328 1984 seriem
352 1952 517 1998 spectat.

175 2004 272 2046 645.
324 2006 471 2052 Ferat,
513 2002 675 2041 nuntiet
714 2000 848 2039 omnia

116 2061 236 2109 haec,
273 2075 374 2112 quae
400 2061 648 2109 accidissent,
679 2066 726 2098 ut
748 2059 848 2096 bene

117 2119 197 2157 iam
221 2120 363 2158 Donat.
387 2127 426 2157 et
446 2119 622 2167 Servius,
653 2118 721 2168 qui
741 2117 849 2155 idem

118 2178 217 2215 bene
240 2178 429 2215 illustrat.
464 2177 535 2230 (De
556 2191 614 2214 VS.
640 2174 737 2217 644.
764 2174 847 2216 vid,

118 2236 164 2273 V.
187 2236 228 2275 L.
257 2237 374 2285 IVr.)
437 2235 480 2272 ln
503 2249 542 2273 v.
562 2247 670 2284 sequ.
699 2230 742 2273 τό
770 2240 850 2270 stat

117 2307 193 2345 pro
214 2301 284 2340 est,
319 2293 475 2344 vulgari
494 2292 631 2331 verbo·
663 2292 750 2329 cari
761 2305 849 2341 pa-

119 2353 214 2398 tris,
260 2352 384 2400 φίλου
419 2347 593 2402 πατρὸς,
635 2347 676 2390 h.
710 2348 736 2386 l.
774 2361 849 2400 pro

119 2408 300 2446 amantis.

177 2465 433 2508 647—656.
476 2464 597 2517 Apud
629 2463 850 2502 Homerum

120 2537 284 2561 munera
320 2526 401 2561 sere
433 2520 594 2576 ξεινήϊα
623 2521 850 2573 hospitibus

120 2581 286 2619 advenis
310 2581 460 2619 dantur
482 2582 530 2618 ab
556 2581 613 2628 iis,
645 2579 712 2630 qui
737 2578 850 2616 exci-

119 2641 257 2690 piunt3
288 2639 479 2677 abeuntes
499 2638 561 2676 isti
582 2650 849 2676 remuneran-

119 2702 202 2745 tur,
230 2711 270 2737 ν.
300 2711 332 2737 c.
356 2697 440 2736 val.
458 2697 515 2735 Fl.
538 2697 566 2745 Ι,
590 2698 685 2744 660,
712 2694 780 2732 ubi
801 2695 847 2732 cs.

120 2761 207 2792 not.
264 2754 353 2792 Hoc
403 2755 490 2792 loco
537 2754 650 2792 iubet
697 2752 848 2790 Aeneas

119 2811 312 2849 Achatem
357 2818 570 2864 apportare
608 2824 628 2848 e
667 2810 848 2858 navibus,

121 2882 221 2919 quae
243 2870 390 2907 Didoni
414 2870 550 2908 donet.
573 2869 697 2920 palla
721 2870 849 2918 signis

121 2941 295 2979 auroque
325 2929 482 2979 rigens,
517 2926 682 2965 intextis
712 2938 848 2964 rerum

903 1479 1089 1517 Laudant
1118 1478 1279 1516 Pindari
1308 1477 1443 1516 Isthm.
1470 1477 1531 1525 VI,
1559 1478 1626 1519 58.

904 1540 958 1580 59
983 1533 1210 1577 Οἰνοδόκον
1233 1532 1387 1586 φιάλαν
1407 1539 1542 1590 χρυσῷ
1562 1550 1627 1574 πε-

904 1599 1111 1647 φρικυῖαν.
1174 1593 1252 1631 Sed
1292 1592 1370 1630 hoc
1410 1593 1630 1630 illustraret

895 1661 1087 1704 paleram
1104 1654 1236 1689 aureis·
1248 1653 1376 1701 signis
1394 1651 1625 1698 lzorrenlem,

905 1710 944 1748 h.
972 1723 1003 1749 e.
1033 1723 1212 1761 asperam
1240 1709 1358 1759 signis
1385 1708 1628 1746 enantibus.

906 1768 981 1806 Sed
1005 1771 1134 1819 rigent
1159 1775 1281 1803 vestes
1301 1766 1439 1818 plenae
1460 1779 1506 1803 ac
1526 1766 1628 1802 den-

905 1839 967 1863 sae
986 1840 1096 1863 auro.
1130 1825 1193 1862 Sic
1208 1837 1366 1874 quoque
1385 1824 1519 1862 Burin.
1532 1823 1628 1860 Aen.

905 1884 977 1933 Xl,
990 1886 1044 1924 72
1073 1885 1185 1920 Tunc
1200 1884 1387 1932 geminas
1409 1889 1531 1919 restes
1550 1896 1628 1918 au-

905 1956 1024 1993 roque
1061 1949 1238 1992 astroque
1271 1941 1441 1990 rigentes
1475 1940 1631 1976 Extulit

905 2000 1066 2037 Aeneas
1082 2014 1092 2035 .·
1117 2012 1214 2048 quas
1227 1997 1326 2034 Dido
1338 2019 1394 2024 --
1410 1999 1519 2034 tenui
1530 1997 1631 2033 telas

906 2057 1144 2094 discreverat
1171 2069 1281 2093 auro.
1311 2057 1480 2104 rigenles
1512 2061 1629 2103 togas

907 2128 957 2152 ex
974 2120 1112 2152 nostro
1138 2113 1255 2151 duxit
1268 2111 1473 2149 Claudian.
1491 2111 1520 2159 Ι,
1534 2111 1628 2152 205.

906 2173 1032 2210 Porro
1054 2185 1110 2209 vs.
1124 2170 1206 2213 649
1227 2172 1523 2207 cin-zanlextum
1544 2183 1630 2205 sto-

906 2244 973 2268 eeo
1008 2230 1189 2267 velamen
1219 2227 1408 2275 acantho,
1442 2231 1629 2277 praetex-

906 2294 994 2326 tum
1015 2285 1174 2324 acanthi
1190 2285 1303 2333 foliis,
1322 2298 1432 2322 oram
1451 2283 1628 2321 ambien-

907 2345 1028 2384 tibus.
1090 2344 1142 2381 De
1161 2342 1351 2391 acantho,
1374 2339 1541 2394 (branca
1560 2355 1629 2378 ur—

907 2400 1039 2455 sincz‚)
1071 2401 1135 2439 vel
1157 2400 1425 2452 capitulorum
1451 2400 1492 2436 in
1518 2398 1630 2436 colu-

908 2461 1010 2499 mnis
1038 2465 1186 2497 ornatu
1206 2458 1330 2496 nobili
1347 2456 1485 2505 herba,
1516 2470 1556 2495 v.
1580 2455 1632 2493 ad

908 2519 990 2557 Ecl.
1014 2518 1079 2565 ΙΙΙ,
1108 2516 1176 2565 45,
1209 2516 1278 2554 ubi
1310 2516 1351 2553 in
1378 2514 1530 2567 poculis
1556 2527 1631 2550 an-

908 2589 971 2614 sae
994 2573 1167 2613 acantho
1188 2573 1446 2621 circumlitae,
1460 2577 1505 2610 ut
1525 2570 1631 2622 apud

908 2633 1026 2672 Ovid.
1046 2633 1138 2671 Met.
1161 2631 1266 2679 XIII,
1290 2633 1367 2672 701
1392 2629 1555 2668 crateris
1576 2642 1630 2666 os.

907 2705 1085 2730 croceum
1114 2689 1275 2740 quidem
1304 2688 1386 2726 eius
1412 2700 1533 2739 genus
1553 2693 1632 2734 est3

907 2763 999 2787 nam
1017 2748 1183 2798 vulgare
1206 2753 1263 2784 est
1284 2746 1382 2783 ssore
1411 2745 1512 2782 albo.
1554 2743 1633 2780 sal-

906 2814 988 2845 tem
1010 2820 1031 2843 a
1051 2805 1197 2843 semine
1220 2805 1328 2842 luteo
1348 2803 1417 2841 vix
1445 2799 1631 2853 appellari

907 2878 997 2903 eum
1031 2877 1211 2901 croceum
1240 2867 1362 2912 puto3
1394 2871 1631 2911 quamquam

906 2922 985 2961 hoc
1021 2927 1151 2959 vestes
1187 2919 1285 2971 tingi
1325 2918 1419 2956 olim
1453 2923 1630 2969 potuere,
