1779 3420
98 182 200 234 256
472 170 1257 225 EXCURSUSxx

100 320 184 351 tam
217 310 387 349 deorum
421 309 558 348 vitam.
623 306 742 344 Ducit
765 304 937 343 chorum
970 300 1176 349 Bacchus,
1209 298 1322 338 ducit
1354 295 1521 350 Apollo,
1558 294 1638 333 du-

98 372 158 410 cit
193 370 340 418 Diana,
390 368 539 407 Venus.
614 365 799 417 Inprimis
834 369 969 401 autem
999 360 1199 412 puellares
1228 357 1396 396 choreas
1437 354 1642 399 dederunt

101 436 260 469 veteres
297 426 444 466 Veneri
483 439 576 464 cum
612 423 764 463 Gratiis
799 428 840 460 et
873 419 1093 473 Nymphis;
1134 417 1246 469 quod
1289 430 1340 454 es„
1377 415 1424 453 iis
1458 414 1497 451 in
1523 425 1643 451 suum

103 501 268 528 carmen
307 485 512 525 derivavit
548 483 692 521 Horat.
727 482 763 530 l,
806 482 855 529 4,
899 485 939 516 ct
977 478 1123 515 Dianae
1153 490 1245 515 cum
1283 471 1505 526 Nymphis,
1537 485 1577 510 v.
1610 484 1643 508 c.

105 546 216 601 apud
247 545 399 584 Gallim.
448 544 488 582 in
518 542 629 580 Dian.
667 543 747 582 170
791 552 862 590 sq.,
919 536 1029 574 unde
1070 536 1153 573 eius
1191 532 1403 586 Nymphae
1434 526 1646 584 χορήτιδες

105 622 146 646 v.
184 609 249 647 13.
282 604 347 645 14.
411 603 454 640 ln
485 600 633 640 talibus
665 604 801 636 autem
833 595 968 634 choris
986 593 1098 632 haud
1133 592 1278 642 dubie,
1310 604 1413 642 quae
1436 588 1645 642 procerior

107 671 147 703 et
176 662 358 717 pulcrior
391 667 452 699 est
485 670 675 711 corpore,
729 655 878 694 eminet
909 666 1030 705 super
1059 658 1224 690 ceteras.
1284 649 1415 688 Aliam
1444 648 1552 687 viam
1582 647 1647 684 in—

108 737 266 778 gressus
300 726 388 759 erat
417 718 598 771 Apelles,
631 715 700 767 qui
725 716 916 753 Dianam
946 712 1136 764 pinxerat
1165 709 1489 757 sacrific-armam
1514 707 1647 757 rit-gi-

110 797 209 822 tium
235 780 354 819 choro
382 780 581 815 mixlam:
616 772 761 826 quibu-s·
786 773 929 810 vic-isse
959 770 1133 807 Homeri
1162 782 1299 805 versus
1334 764 1575 813 videbatur,
1608 762 1653 801 ιἰί

113 844 249 894 ipsum
280 836 549 876 describentis,
586 833 687 871 Ptin.
719 830 893 879 XXXV,
927 832 995 878 36,
1030 831 1095 870 17.
1157 826 1285 865 Velim
1313 825 1453 875 utique
1476 823 1650 861 Plinium

114 905 188 939 aut
212 896 403 936 disertius
432 900 502 932 aut
522 892 710 931 subtilius
733 904 818 928 rem
839 887 1095 940 exposuisse-3
1126 886 1157 923 si
1187 898 1300 923 sacra
1323 884 1512 922 facientes
1534 881 1653 934 puel-

116 960 176 997 lae
210 956 381 995 chorum
412 952 635 1000 ducebant,
684 963 766 988 non
799 949 901 986 bene
935 945 1196 996 intelligitur,
1247 957 1326 994 quo
1368 943 1454 980 iure
1487 941 1654 979 Dianam

115 1018 195 1056 illis
222 1017 399 1053 inserere-
427 1016 619 1064 potuerat
641 1007 821 1061 Apelles:
870 1006 935 1044 cui
965 1004 1072 1042 enim
1101 1017 1214 1042 sacra
1243 1002 1412 1041 faciebat
1441 1000 1546 1038 dea?
1587 1004 1657 1037 aut

120 1073 326 1128 quomodo
355 1071 477 1109 sacris
513 1083 583 1107 seu
615 1067 697 1105 suis
724 1080 794 1104 seu
826 1064 965 1103 alienis
995 1064 1189 1101 interesse
1220 1061 1286 1099 illa
1316 1060 1509 1112 poterat?
1552 1058 1656 1096 Tum

120 1132 327 1187 quomodo
358 1130 500 1168 artifex
527 1126 696 1166 llomeri
718 1138 860 1164 versus
885 1124 1047 1162 vincere
1073 1121 1151 1159 dici
1183 1120 1320 1173 potuit
1351 1120 1396 1157 iel
1420 1121 1554 1170 ips-nm
1584 1117 1658 1154 ‹le-

121 1191 355 1232 scribentis!
410 1203 502 1226 cum
535 1187 733 1225 Homerus
776 1184 890 1234 longe
917 1182 1035 1219 aliam
1063 1181 1212 1218 Dianae
1244 1192 1337 1217 cum
1367 1176 1563 1230 Nymphis
1592 1176 1659 1213 lu-

124 1250 256 1291 dentis
286 1248 458 1301 speciem
490 1244 746 1298 expresserit.
809 1240 1089 1293 Corruptelam
1122 1239 1165 1277 in
1196 1251 1295 1276 voce
1332 1236 1661 1284 sacrificandum

125 1321 317 1362 quaerere
350 1321 441 1345 cum
469 1303 670 1355 Lessingio
711 1302 769 1355 (in
808 1303 1037 1338 Laocoon-le
1074 1313 1111 1350 p.
1148 1295 1249 1350 224)
1280 1296 1350 1334 vix
1382 1295 1531 1344 ausim,
1570 1307 1663 1331 cum

126 1368 237 1408 nulia
269 1366 374 1404 adsit
404 1365 506 1403 ratio
538 1362 677 1400 critica
709 1359 939 1412 probabilis.
1013 1356 1206 1395 Dubitare
1243 1355 1358 1403 licet,
1402 1354 1505 1391 sitne
1534 1353 1664 1390 sacri-

119 1428 344 1478 fimmliam
386 1425 588 1473 rit-gimml
624 1420 767 1460 choras
802 1418 850 1456 de
878 1416 1003 1454 choro
1042 1415 1214 1468 proprie
1245 1414 1355 1452 dicto
1389 1411 1663 1464 accipiendus:

129 1493 175 1526 ut
206 1486 275 1523 ins.
306 1484 355 1521 de
391 1481 575 1534 Apolline
607 1479 668 1528 IV,
706 1478 784 1520 145
822 1479 1110 1526 [assumatque
1143 1474 1310 1519 choro-³5
1353 1485 1403 1510 an
1426 1471 1569 1509 chorus
1601 1469 1667 1507 di-

132 1552 222 1584 ctus
259 1543 310 1581 sit
339 1556 411 1594 pro
446 1540 569 1578 turba
601 1551 647 1575 ac
679 1535 963 1574 multitudine:
1013 1539 1061 1571 ut
1101 1532 1211 1584 apud
1243 1531 1362 1571 ovid.
1397 1530 1426 1568 11
1458 1530 1554 1570 Met.
1583 1527 1663 1570 441

134 1617 219 1655 sqq.
240 1604 345 1639 Ecce
374 1615 446 1638 suo
476 1599 671 1637 comitales
703 1595 821 1633 choro
853 1595 1064 1644 Istc-(yrum
1081 1607 1160 1643 per
1185 1591 1316 1628 allum
1346 1589 1575 1627 Maenalon
1603 1590 1669 1624 ln-

132 1662 320 1715 grediens
363 1665 438 1696 ete.
509 1657 704 1694 Pinxerat
743 1654 847 1692 sorte
889 1651 1048 1703 Apelles
1084 1663 1244 1687 sacrum
1277 1648 1445 1698 Dianae,
1491 1646 1555 1685 cui
1585 1646 1671 1698 ipsa

137 1721 212 1760 dea
236 1719 431 1757 interesse
454 1715 618 1767 dignata
646 1718 752 1762 erat,
784 1718 831 1750 ut
861 1710 969 1763 apud
995 1708 1181 1761 Apollon.
1198 1707 1263 1756 Ill,
1296 1708 1379 1749 875
1402 1720 1458 1757 sq.
1490 1705 1558 1744 ubi
1581 1704 1670 1742 Me-

140 1780 214 1819 dea
246 1781 508 1829 comparatur
533 1787 626 1812 cum
661 1773 809 1809 Diana
836 1771 895 1807 (ιιί
923 1782 1086 1806 sacrum
1111 1774 1378 1818 properatae:
1422 1764 1572 1803 incedit
1608 1763 1674 1801 illa

138 1833 319 1891 τηλόθεν
353 1830 561 1875 οἷντιόωσα
590 1831 868 1872 πολυκνίσσου
901 1822 1139 1879 ἑκατόμβης.

260 1896 459 1932 Ειινοίαηι
493 1890 641 1929 tribuit
679 1889 824 1926 Dianae
862 1885 1068 1938 Virgilius,
1120 1882 1338 1921 Laconicae
1368 1881 1562 1931 ssuvium,
1606 1879 1676 1931 qui

150 1957 377 2006 Taygelmn
417 1958 591 1988 montem
629 1947 763 1997 alluit,
815 1959 933 1997 quem
974 1944 1177 1982 Homerus
1218 1946 1529 1979 memoraverat.
1597 1939 1678 1977 Nec

150 2012 329 2066 (synllzus
357 2011 490 2062 inepte
523 2007 780 2054 nominatur,
832 2010 977 2056 utpote
1011 2002 1094 2040 Deli
1132 2000 1286 2039 insulae
1321 2014 1449 2039 mons.
1511 1998 1679 2050 Magnus

145 2083 342 2111 numerus
382 2066 666 2120 Nympharum
713 2065 815 2103 bene
861 2062 1113 2100 declaratur:
1167 2073 1294 2112 quam
1331 2059 1441 2096 mille
1486 2065 1680 2109 sequutae

147 2132 263 2169 Hinc
294 2137 416 2180 atque
445 2127 540 2164 ltine
567 2126 849 2176 glomerantur
874 2121 1066 2159 Oreades.
1132 2117 1417 2170 Nympharum
1444 2116 1682 2155 comitatum

148 2191 346 2227 Latonam
377 2186 710 2224 circumstantem
748 2181 888 2234 pulcre
921 2179 1039 2217 etiam
1069 2177 1254 2230 Apollon.
1286 2175 1486 2228 expressit
1515 2174 1559 2213 in
1591 2174 1682 2212 loco

151 2247 295 2298 insigni
328 2245 464 2298 paullo
493 2249 588 2281 ante
617 2241 805 2290 laudato,
860 2245 900 2277 et
929 2252 1021 2276 eum
1050 2236 1130 2275 hoc
1161 2234 1438 2287 comparando
1481 2233 1558 2282 III,
1600 2231 1683 2274 875

153 2304 326 2347 ——8842
354 2303 506 2342 incedit
534 2302 590 2339 ibi
622 2301 746 2338 Diana
773 2312 899 2337 curru
927 2303 1043 2336 vecta
1076 2294 1358 2347 Nympharum
1386 2293 1584 2331 comitatu
1613 2290 1686 2328 sti-

154 2370 263 2417 pata,
296 2377 408 2400 sacro
432 2362 696 2400 interfutura.
758 2358 847 2396 Alio
876 2357 1044 2395 invento
1062 2353 1316 2393 Penthesilea
1336 2353 1444 2390 inter
1464 2350 1688 2389 Amazones

157 2423 336 2461 eminens
372 2434 464 2459 cum
497 2420 610 2458 Luna
639 2419 746 2456 inter
777 2416 908 2455 sidera
941 2421 982 2453 et
1020 2428 1114 2452 cum
1154 2412 1317 2450 Aurora
1365 2415 1629 2462 comparatur
1667 2420 1689 2444 a

158 2481 316 2530 Quinto
339 2481 561 2531 Smyrnaeo
581 2478 609 2526 l,
631 2480 685 2518 36
705 2490 805 2527 sqq„
836 2474 947 2525 quod
964 2472 1149 2526 proxime
1170 2470 1329 2508 accedit
1355 2469 1407 2507 ad
1426 2467 1529 2507 illud
1553 2467 1691 2506 Hora-

158 2543 337 2579 tianum:
377 2539 485 2575 velut
514 2538 616 2574 inter
644 2537 760 2586 ignes
790 2535 915 2570 Luna
945 2534 1131 2569 minores.
1195 2528 1321 2577 Quod
1342 2528 1585 2579 pharetram
1605 2524 1693 2576 fert

160 2600 325 2637 humero
349 2596 498 2643 Diana,
532 2594 705 2632 otiosum
733 2591 995 2645 (quamquam
1020 2589 1086 2629 vel
1115 2589 1170 2626 sie
1197 2587 1398 2640 positum,
1432 2590 1600 2624 ornaret
1628 2589 1694 2620 ta-

162 2670 275 2706 men,
326 2668 418 2693 cum
452 2653 526 2691 dea
557 2652 609 2690 sit
642 2649 836 2703 ἰοχέαιρα)
878 2649 1019 2687 haberi
1050 2647 1212 2699 nequit,
1264 2644 1460 2696 siquidem
1487 2641 1696 2695 Nymphas

162 2716 427 2767 supereminet
456 2726 618 2749 omnes:
662 2708 947 2760 conspicuique
974 2707 1074 2745 adeo
1114 2711 1210 2743 sunt
1236 2702 1398 2742 humeri
1439 2701 1549 2739 deae.
1611 2700 1695 2738 Iam

162 2774 242 2812 hoc
274 2771 436 2824 quidem
478 2768 663 2808 ornatius
691 2767 883 2805 extulisse
914 2767 1160 2814 Homerum,
1211 2761 1346 2814 negari
1388 2760 1547 2812 nequit:
1605 2761 1699 2798 Πα-

1255 2816 1295 2832 *l
1349 2815 1360 2831 2
1404 2814 1415 2830 2
1534 2814 1543 2826 Ι

168 2828 283 2874 σᾶων
316 2830 354 2870 δ’
388 2825 492 2879 ’ὅπερ
522 2825 596 2880 ἥγε
618 2822 724 2878 κάρη
758 2825 836 2878 ἔχει
867 2821 942 2878 ἠδὲ
967 2823 1153 2878 μέτωπα,
1192 2819 1294 2861 ‘Petu
1321 2837 1341 2859 τ
1389 2834 1594 2873 αριγνωτη
1624 2814 1700 2857 πέ-

167 2895 291 2936 λεται,
317 2886 437 2928 καλαὶ
461 2884 504 2926 δέ
533 2901 574 2926 τε
594 2887 738 2933 πᾶσαι,
760 2884 801 2921 in
824 2884 969 2934 quibus
990 2880 1175 2934 inprimis
1197 2875 1415 2917 novissima
1433 2877 1560 2917 verba
1580 2887 1703 2929 prae-

168 2949 275 2988 clare
304 2946 549 2986 dictasunt.
609 2944 735 2981 Recte
764 2942 899 2994 itaque
932 2941 982 2980 ab
1013 2940 1077 2979 his
1108 2938 1308 2978 abstinuit
1333 2943 1455 2989 poeta
1484 2937 1705 2974 Romanus.
