1811 3388
486 238 608 285 AD
681 235 1117 283 LIBRUM
1189 235 1287 282 III
1529 239 1626 287 571

118 367 240 406 tertio
269 366 357 404 loco
389 369 570 415 apparet,
602 362 761 400 hiberno
793 361 917 398 sidere
947 367 986 398 et
1020 361 1276 413 aquilonibus
1290 376 1305 407 ,·
1339 362 1406 412 qui
1436 375 1516 400 esse
1538 377 1633 414 pos-

119 432 214 463 sunt
232 424 287 461 illi
306 421 378 474 ipsi
401 421 493 458 stati
516 420 639 467 venti,
672 419 813 457 etesiae
833 419 942 466 dicti,
972 432 1072 469 quos
1097 419 1229 468 paullo
1254 424 1346 455 ante
1375 419 1424 456 ad
1447 434 1480 457 a.
1503 424 1521 460 1
1548 434 1634 457 me-

121 483 187 520 dio
218 480 316 518 Iulio
347 484 386 515 et
415 478 595 528 Augusto
624 478 720 515 flare
749 477 935 514 diximus.
989 476 1038 513 cf.
1072 476 1163 513 Not.
1199 475 1250 512 ad
1288 475 1318 523 Ι,
1350 476 1444 517 535.
1504 477 1635 514 Etiam

119 539 188 577 lib.
219 537 282 584 IV,
313 534 409 582 429,
441 536 524 576 430
551 544 765 572 extremum
793 535 867 571 t‘zoc
894 535 1061 570 miserae
1083 534 1146 570 (let
1166 547 1314 569 mamas
1335 536 1512 580 amanti,
1546 536 1634 571 L¹'x—

119 603 263 646 speclet
291 592 542 643 jheilemque
558 592 719 643 sugam
750 600 959 641 vemas-qne
985 590 1176 641 serente&
1240 590 1321 626 Nec
1355 590 1477 627 Orion
1505 590 1570 628 lib.
1608 592 1635 640 I,

121 652 217 694 535.
250 650 312 699 lV,
348 650 401 691 52
432 650 548 687 aliam
579 663 698 700 quam
727 647 969 699 tempestatis
995 652 1104 685 ortae
1145 646 1472 697 significationem
1502 647 1635 686 habet,

123 710 170 747 cs.
192 710 303 746 Serv.
327 707 377 743 ad
396 707 442 754 V,
475 710 573 753 626,
606 713 646 744 et
671 706 839 744 Cerdam
866 706 914 743 ad
941 718 972 742 e.
994 705 1019 742 1.

238 765 368 803 Solvit
391 765 512 815 igitur
531 763 684 802 Aeneas
703 763 962 814 Carthagine5
991 767 1115 800 vento
1138 768 1271 799 tamen
1286 761 1521 800 adversante
1541 775 1637 799 cur-

124 837 210 862 sum
246 834 385 861 versus
422 822 576 859 Italiam
606 836 687 860 non
731 827 864 869 tenet,
925 819 994 857 sed
1026 820 1077 856 ad
1116 820 1269 857 Siciliae
1306 820 1444 857 littora
1485 819 1637 857 delatus

125 880 232 933 apud
268 881 431 931 Erycem
458 881 603 916 iterum
633 879 674 917 in
707 885 857 916 terram
890 877 1087 924 escendit,
1136 877 1204 914 lib.
1242 877 1288 924 V,
1332 876 1500 917 1—34.
1561 877 1638 914 Hic

126 937 417 976 anniversarias
448 936 573 989 patris
603 935 799 974 Anchisae
832 935 1016 973 Manibus
1044 934 1203 971 inferias
1234 934 1327 971 facit
1354 939 1393 971 et
1424 934 1541 971 ludos
1570 935 1638 971 fu-

126 995 266 1035 nebres
293 995 469 1032 instituit
498 994 543 1042 V,
566 995 794 1035 35—603.
849 994 1045 1044 Tempora
1070 1004 1118 1028 ex
1140 990 1199 1028 his
1228 991 1385 1042 colligas
1407 1004 1445 1028 v.
1469 993 1523 1031 46
1544 992 1637 1028 An-

126 1067 229 1091 nuus
244 1053 396 1089 exactis
415 1052 632 1102 completur
651 1050 848 1088 mensibus
869 1049 985 1097 orbis,
1021 1055 1061 1086 et
1083 1052 1164 1090 626
1180 1050 1362 1098 Septima
1382 1057 1474 1097 post
1496 1050 1638 1086 Ἠοίαε

127 1110 327 1149 excidium
351 1111 436 1146 iam
457 1111 619 1146 vertitur
638 1117 771 1146 aestas
795 1114 869 1146 ete.
930 1107 1084 1145 Interea
1107 1106 1300 1144 Troianae
1327 1105 1510 1143 mulieres
1531 1105 1637 1156 longi

128 1167 274 1205 erroris
297 1166 429 1204 taedio
452 1166 593 1212 victae,
628 1172 675 1203 ut
693 1165 855 1203 tandem
875 1165 915 1202 in
940 1164 1069 1201 Sicilia
1091 1163 1378 1200 considendum
1399 1169 1510 1210 esset,
1532 1162 1639 1199 elas-

130 1238 211 1263 sem
246 1223 489 1272 incendunt,
531 1229 707 1273 quatuor
740 1235 861 1260 naves
900 1221 1152 1269 combustae,
1202 1221 1376 1270 reliquae
1414 1226 1637 1270 reparatae.

130 1283 232 1321 Tum
256 1281 424 1328 Aeneas,
464 1280 601 1318 relicta
625 1280 732 1332 apud
751 1280 918 1316 Acesten
945 1278 1133 1316 comitum
1162 1283 1298 1328 parte,
1340 1277 1407 1327 qui
1433 1277 1639 1328 Aegestam

131 1353 199 1377 seu
243 1341 440 1389 Segestam
474 1338 673 1386 incolant,
730 1350 819 1374 cum
854 1336 1016 1374 meliore
1048 1341 1163 1386 parte
1200 1347 1320 1372 naves
1352 1334 1473 1371 solvit
1500 1347 1639 1371 versus

131 1397 282 1434 Italiam
310 1401 348 1432 et
377 1394 452 1432 hac
474 1395 558 1446 ipsa
582 1401 729 1432 aestate
751 1394 935 1431 Tiberina
960 1392 1056 1430 ostia
1079 1392 1293 1430 subvectus
1313 1391 1354 1428 in
1372 1405 1508 1441 agrum
1530 1392 1639 1428 Lau-

130 1460 286 1493 rentem
322 1452 505 1489 escendit.
582 1452 659 1490 Sed
706 1452 755 1489 de
788 1451 847 1488 his
888 1451 964 1488 alio
1002 1450 1090 1487 loco
1134 1448 1369 1488 videbimus.
1428 1448 1492 1485 Ad
1529 1447 1640 1485 hunc

132 1517 263 1549 autem
297 1523 445 1547 annum
473 1509 545 1546 sub
580 1509 737 1547 aestatis
773 1509 925 1545 exitum
964 1507 1063 1545 haec
1096 1519 1176 1544 esse
1210 1505 1438 1553 reserenda,
1497 1517 1547 1542 ex
1577 1504 1640 1542 his

131 1574 261 1621 patet:
292 1567 413 1605 Ludis
444 1566 552 1618 apud
587 1568 750 1618 Eiycem
779 1566 905 1603 altero
939 1565 987 1602 ab
1025 1564 1250 1601 escensione
1286 1563 1348 1601 die
1384 1561 1447 1615 (V,
1472 1561 1543 1614 42)
1576 1562 1641 1599 in-

134 1626 248 1664 dictis
267 1625 427 1663 inferias
449 1622 511 1675 (V,
543 1625 596 1665 42
612 1647 663 1652 ——
682 1622 779 1676 103)
803 1623 942 1673 dieque
960 1635 1066 1660 nono
1085 1621 1202 1659 ludos
1221 1621 1374 1658 faciunt
1394 1618 1493 1672 (104
1519 1618 1641 1671 sqq.):

133 1683 212 1721 hoc
244 1678 382 1720 eode'm
412 1681 473 1719 die
508 1681 639 1719 classis
672 1687 859 1719 cremata.
922 1679 984 1717 Ad
1020 1692 1104 1716 eam
1135 1678 1392 1716 reficiendam
1424 1682 1462 1713 et
1494 1690 1642 1713 novam

134 1741 275 1779 urbem
297 1738 578 1790 designandam
612 1752 756 1777 noveni
781 1738 864 1775 dies
887 1737 969 1775 dati
998 1751 1035 1775 v.
1060 1739 1157 1778 762.
1216 1736 1404 1774 Proximo
1428 1734 1489 1771 die
1514 1733 1642 1771 disce-

136 1798 241 1837 dunt
266 1811 305 1836 v.
325 1799 407 1839 763
428 1810 510 1846 sqq,

250 1855 363 1902 Quae
398 1861 556 1906 poetam
592 1853 860 1904 impellerent,
911 1858 959 1889 ut
984 1851 1026 1889 in
1064 1850 1196 1902 plures
1232 1863 1356 1886 annos
1402 1849 1643 1900 dispesceret

137 1912 290 1951 Aeneae
312 1925 488 1961 errores,
519 1911 587 1962 qui
605 1911 824 1948 secundum
845 1909 1035 1947 historiae
1054 1908 1172 1945 fidem
1192 1907 1316 1944 altero
1338 1906 1401 1944 vel
1423 1906 1542 1944 tertio
1568 1920 1643 1942 an-

136 1985 189 2009 no
215 1970 384 2007 absoluti
399 1970 575 2017 suerunt,
605 1981 692 2005 meo
711 1968 975 2018 qualicunque
996 1965 1143 2004 iudicio
1163 1964 1354 2002 videntur
1372 1964 1489 2001 fuisse
1515 1963 1642 2014 plura.

137 2028 314 2066 Primum
337 2027 516 2077 quidem,
549 2025 655 2076 quod
677 2026 863 2062 maiorem
893 2025 986 2062 facit
1015 2023 1318 2060 admirationem
1341 2028 1380 2058 et
1404 2021 1532 2072 ipsum
1554 2020 1643 2068 hoc,

139 2085 247 2136 quod
269 2098 350 2122 non
374 2097 455 2121 uno
480 2084 654 2121 alterove
683 2096 787 2120 anno
820 2081 889 2118 sed
911 2094 981 2133 per
1013 2087 1160 2132 septem
1187 2093 1311 2116 annos
1336 2079 1546 2115 continuos
1571 2077 1645 2114 he-

140 2157 206 2181 ros
224 2142 373 2179 Aeneas
398 2141 489 2179 satis
519 2140 696 2178 adversis
726 2140 803 2177 fuit
834 2140 1020 2186 iactatus,
1054 2137 1273 2174 aemulatus
1304 2149 1426 2186 porro
1449 2142 1507 2172 est
1528 2140 1645 2185 poeta

141 2212 296 2237 errores
316 2198 485 2249 Ulyssis5
515 2204 554 2235 et
575 2203 734 2248 poterat
755 2196 915 2234 omnino
941 2196 1128 2232 maiorem
1155 2206 1288 2231 rerum
1310 2205 1550 2242 casuumque
1572 2205 1646 2229 va-

141 2257 322 2295 rietatem
344 2256 449 2293 intra
472 2255 547 2292 tale
569 2261 724 2306 tempus
746 2266 954 2303 congerere
976 2259 1015 2289 et
1034 2251 1256 2298 ineludere;
1284 2250 1408 2286 multa
1434 2263 1483 2286 ex
1516 2248 1645 2285 histo-

141 2314 201 2352 ria
230 2316 311 2353 τῶν
345 2311 537 2359 Νόστων,
571 2312 619 2349 de
652 2312 804 2349 casibus
825 2310 1092 2357 Achivorum,
1123 2308 1268 2345 seriore
1299 2307 1583 2344 nonnullorum
1607 2306 1646 2343 in

141 2372 312 2424 patm'am
332 2370 489 2417 reditu,
521 2370 665 2407 infelici
691 2368 987 2419 Agamemnonis
1011 2368 1103 2413 sat0,
1135 2364 1277 2416 Pyrrhi
1300 2364 1418 2401 caede
1440 2370 1479 2401 et
1507 2362 1647 2400 Heleni

143 2442 263 2479 regno
294 2428 495 2479 Epirotico
529 2426 618 2478 (ΙΙΙ,
651 2428 732 2467 295
762 2426 876 2477 sqq),
909 2425 956 2462 de
985 2424 1148 2461 coloniis
1168 2421 1414 2459 Achivorum
1443 2422 1483 2458 in
1514 2421 1648 2458 Italiae

142 2487 301 2533 littore,
332 2498 551 2523 memorare
574 2498 651 2521 non
673 2483 877 2534 potuisset,
907 2482 978 2520 nisi
999 2482 1151 2518 Aeneae
1173 2492 1328 2517 errores
1345 2479 1385 2516 in
1404 2479 1556 2528 aliquot
1575 2492 1648 2514 an-

143 2557 215 2581 nos
239 2543 471 2595 dispertitus
497 2551 607 2579 esset.
666 2541 843 2578 Tandem
876 2539 950 2577 hoc
977 2540 1060 2590 ipso
1092 2539 1256 2575 invento
1289 2537 1393 2573 cavit
1420 2542 1560 2586 poeta,
1601 2548 1648 2571 ne

143 2614 226 2639 rem
259 2614 398 2653 parum
426 2600 670 2651 probabilem
702 2612 864 2636 narrare
891 2597 1120 2644 videretur,
1153 2595 1218 2645 qui
1241 2595 1388 2631 sactum
1419 2599 1538 2641 esset,
1571 2605 1648 2642 quo

145 2659 274 2696 minus
306 2658 467 2695 Troiani
499 2658 538 2694 in
560 2655 732 2694 Achivos
766 2655 928 2693 domum
952 2655 1117 2692 reduces
1146 2652 1390 2699 inciderent,
1423 2651 1487 2700 qui
1519 2657 1648 2687 tamen

146 2722 186 2752 et
204 2715 277 2766 ipsi
301 2729 321 2751 a
342 2716 459 2753 Troia
490 2716 687 2752 solventes
710 2712 920 2751 Thraciam
951 2713 1171 2763 petierant,
1203 2715 1295 2755 aut,
1328 2722 1376 2745 ne
1403 2708 1546 2758 Ulyssis
1577 2721 1644 2743 na-

147 2771 262 2809 vibus
288 2778 564 2819 occurrerent,
596 2784 696 2822 quae
717 2777 847 2808 tamen
869 2769 1006 2808 eodeni
1032 2769 1154 2817 mari,
1185 2767 1322 2804 iisdem
1344 2765 1567 2813 erroribus,
1599 2762 1648 2800 ad

148 2828 284 2866 eadem
302 2830 380 2866 sere
400 2830 535 2868 littora
555 2829 796 2867 serebantur.
