1827 3436
518 266 642 315 AD
716 257 1239 310 LIBRUMI
1531 260 1630 307 245

123 404 365 449 refectione,
396 412 435 438 v.
454 395 520 438 74.
541 394 609 443 75,
642 400 680 430 et
698 391 886 443 tetigerat
916 402 1006 426 eum
1028 387 1125 424 deus
1148 382 1353 423 discedens
1374 389 1528 434 seeptro
1550 397 1631 422 suo.

124 464 304 504 Imitatus
333 458 412 496 hoe
445 460 504 492 est
521 453 665 501 Quint.
699 451 779 488 Cal.
822 449 900 497 Xl,
935 443 1193 488 142—144.
1264 440 1385 478 Aliud
1413 441 1633 492 exemplum

124 521 245 560 habes
275 516 387 556 Iliad.
422 530 459 562 υ,
494 514 560 553 81.
594 512 674 551 110
708 507 904 561 Apollinis
932 504 1106 541 Aeneam
1132 498 1400 539 restituentis:
1425 498 1492 545 Ὡς
1513 496 1635 538 εἰπών

126 580 321 632 ἔμπνευσε
358 572 480 627 μένος
510 568 610 622 μέγα
651 566 815 620 ποιμένι
851 566 983 611 λαῶν,
1015 567 1055 599 et
1086 559 1228 611 Odyss.
1262 574 1309 606 α,
1348 559 1429 597 320
1460 555 1637 594 Minerva

125 635 331 675 discedens
361 627 600 669 Telemacho
628 640 710 663 non
746 624 867 662 modo
896 623 1074 668 incessu,
1114 617 1183 655 sed
1212 621 1251 652 et
1279 627 1329 651 ex
1362 627 1406 651 eo
1435 614 1638 651 manifesta

123 696 188 733 fit:
219 695 274 748 τῷ
310 686 353 731 δ’
384 688 444 730 ἐνὶ
472 688 599 741 θυμῷ
636 686 746 736 Θῆκε
769 681 891 735 μένος
918 678 986 720 καὶ
1018 673 1191 729 θάρσος,
1251 673 1339 710 Hoc
1360 671 1464 709 idem
1489 671 1640 709 faciunt

123 750 327 790 interdum
356 747 413 785 dii
434 745 556 783 tacite
585 748 624 780 et
652 742 827 789 occulte,
868 745 917 777 ut
941 737 1067 775 Pallas
1096 732 1321 773 Menelaum
1352 730 1466 769 novis
1490 729 1640 767 viribus

123 814 282 849 recreat
312 806 424 844 Iliad.
452 820 488 858 ρ,
520 804 615 845 569.
1501 783 1512 793 *

243 861 584 914 Quandoquidem
605 859 646 897 in
674 859 760 910 ipso
793 856 970 894 discessu
998 852 1135 890 divina
1163 848 1310 902 species
1336 845 1535 884 humanae
1557 844 1642 881 sor-

124 939 210 965 mae
229 922 429 971 succedit,
461 921 829 958 commemorantur
849 924 1008 964 quoque
1028 910 1116 958 illa,
1148 920 1247 959 quae
1280 906 1320 943 in
1352 902 1479 955 speeie
1507 901 1643 940 divina

124 981 398 1023 memorabilia
428 984 545 1017 sunt:
596 988 751 1014 summa
780 972 859 1011 oris
889 967 1123 1022 pulcritudo
1153 972 1224 1003 aut
1255 964 1459 1009 maiestas,
1499 973 1644 1011 corpus

125 1042 306 1081 humano
338 1038 465 1077 maius
498 1042 537 1073 et
571 1033 795 1086 augustiuS,
837 1043 929 1067 cum
962 1024 1234 1080 pulcritudine
1274 1019 1425 1059 candor
1454 1017 1644 1069 corporis,

127 1100 266 1139 cervix
287 1098 442 1150 pulcra,
475 1107 609 1132 comae
631 1091 862 1145 promissae,
895 1086 1030 1138 quales
1050 1089 1290 1136 perpetuam
1312 1079 1480 1117 deorum
1501 1076 1645 1113 iuven—

128 1167 212 1197 tam
233 1157 398 1205 decent,
431 1159 476 1192 ut
505 1153 546 1190 in
577 1152 741 1199 Cerere,
772 1148 921 1199 Hynm.
952 1159 992 1183 v.
1021 1145 1117 1183 277.
1143 1142 1239 1188 278,
1271 1143 1311 1175 et
1339 1137 1380 1174 in
1399 1136 1487 1173 loco
1507 1138 1644 1171 nostro

126 1215 295 1268 Virgilii.

245 1272 369 1322 Quod
407 1271 512 1308 inter
544 1264 768 1320 praesentis
806 1259 981 1300 numinis
1015 1258 1124 1308 signa
1157 1255 1331 1294 refertur
1368 1255 1504 1302 gratus
1532 1246 1646 1294 odor,

129 1346 246 1386 quem
283 1331 365 1369 sive
393 1335 526 1367 totum
561 1338 707 1376 corpus
743 1322 826 1359 sive
859 1331 970 1356 coma
991 1315 1169 1353 exhalat:
1199 1312 1262 1351 uti
1289 1311 1330 1348 in
1362 1309 1535 1354 Venere,
1566 1304 1646 1342 h.l.

129 1391 430 1440 ambrosiaeque
462 1398 599 1424 cottiae
620 1383 803 1419 <livinum
827 1379 966 1416 verlice
995 1375 1152 1411 odorem,
1172 1372 1405 1421 Spiravere;
1436 1371 1474 1402 et
1504 1363 1648 1401 Dianae

132 1450 265 1488 necin
289 1447 525 1498 adspectum
546 1438 786 1494 prodeuntis
812 1433 1036 1489 praesentia
1068 1444 1117 1468 ex
1148 1428 1284 1467 divino
1314 1425 1438 1463 odore
1467 1420 1647 1472 agnosci-

130 1515 200 1547 tur
231 1507 280 1545 ab
310 1503 533 1556 Hippolyto
565 1497 675 1552 apud
695 1495 833 1547 Eurip.
865 1491 1026 1544 Hippol.
1064 1490 1189 1531 1391:
1226 1485 1268 1523 id
1293 1481 1453 1534 quidem
1481 1480 1649 1517 ductum

131 1572 192 1604 est
214 1579 265 1603 ex
285 1563 452 1613 antiqua
476 1560 581 1607 vita,
610 1554 772 1607 quando
794 1552 923 1602 regiae
945 1546 1172 1600 opulentiae
1194 1549 1291 1590 erat,
1322 1538 1536 1590 unguentis
1555 1550 1649 1573 sua-

132 1625 250 1664 vibus
277 1621 502 1659 delibutum
542 1628 688 1666 corpus
720 1612 891 1657 habere,
931 1613 1146 1656 antequam
1177 1597 1513 1651 frequentioribus
1539 1608 1649 1631 com-

132 1680 290 1721 merciis
314 1678 428 1730 copia
445 1676 595 1715 maiore
622 1679 662 1710 ct
679 1667 926 1722 expeditiore
947 1670 1083 1703 sumtu
1102 1664 1304 1711 unguenta
1325 1655 1437 1693 Asiae
1457 1654 1497 1691 in
1519 1652 1651 1689 Euro-

133 1755 227 1793 pam
258 1738 367 1777 illata
389 1741 497 1775 sunt,
558 1731 592 1769 A
612 1743 751 1781 regum
773 1733 907 1765 autem
934 1725 1056 1770 luxu,
1089 1718 1215 1770 qualis
1240 1723 1327 1754 tuni
1356 1718 1463 1759 erat,
1506 1709 1651 1747 adum-

134 1800 254 1838 brata
283 1796 452 1834 deorum
487 1791 594 1839 vita,
628 1788 807 1837 adeoque
826 1785 866 1822 in
894 1795 980 1819 eam
1006 1778 1238 1817 traductum
1266 1773 1384 1811 etiam
1409 1773 1653 1820 unguentum

137 1854 335 1895 ambrosia
360 1853 527 1891 dietum.
588 1848 653 1885 Sic
684 1846 733 1884 de
757 1845 910 1882 Iunone
929 1838 1041 1878 [lind.
1066 1837 1098 1885 ξ,
1135 1837 1212 1876 170
1245 1845 1328 1882 sqq.
1361 1835 1399 1866 et
1425 1828 1473 1865 de
1504 1826 1654 1864 Venere

137 1915 283 1967 odyss.
304 1917 349 1957 θ,
382 1910 477 1952 364.
499 1908 582 1951 365
604 1912 643 1944 et
663 1918 748 1955 sup.
770 1903 911 1951 Georg.
931 1897 996 1946 IV,
1027 1894 1112 1936 415
1143 1905 1228 1943 sqq.
1288 1889 1415 1927 Etiam
1437 1883 1544 1936 apud
1569 1882 1653 1919 He—

138 1973 238 2012 siod.
265 1973 376 2009 Scut.
406 1968 524 2006 Herc.
558 1969 596 2006 7.
638 1966 676 2004 8.
710 1961 923 1999 Alcmenae
961 1969 982 1992 a
1015 1952 1142 2004 capite
1183 1955 1223 1986 et
1264 1944 1483 1998 superciliis
1515 1952 1654 1978 suaves

139 2031 284 2071 odores
306 2028 486 2080 spirant,
518 2031 711 2073 tanquam
738 2034 760 2056 a
786 2018 952 2057 Venere.
986 2011 1077 2065 (etsi
1107 2020 1248 2048 versus
1272 2005 1345 2044 vix
1369 2017 1389 2040 a
1411 2001 1540 2053 primo
1564 2011 1654 2035 car—

139 2089 257 2128 minis
280 2092 445 2125 auctore
471 2080 595 2134 sunt)
659 2080 789 2118 Ducta
808 2075 903 2113 hinc
934 2077 1028 2109 sunt
1049 2082 1117 2116 ea,
1149 2077 1249 2117 quae
1277 2063 1325 2101 de
1350 2065 1457 2100 veste
1483 2055 1655 2106 stragula

140 2146 289 2187 Bacchi
324 2144 449 2182 habet
477 2139 662 2193 Apollon.
698 2137 764 2184 IV,
795 2134 879 2174 430
908 2145 964 2171 sc.
1024 2128 1113 2164 Hoc
1137 2131 1272 2162 tamen
1296 2119 1455 2157 divinae
1488 2120 1654 2152 naturae

143 2209 424 2258 argumentum
448 2214 528 2238 non
561 2197 635 2235 nisi
660 2196 701 2233 in
725 2188 1038 2244 elegantioribus
1068 2184 1140 2221 diis
1167 2183 1300 2219 locum
1330 2176 1477 2214 habere
1502 2175 1654 2224 potest,

143 2270 189 2303 ut
220 2264 264 2301 in
295 2262 450 2301 Venere
472 2263 511 2295 et
533 2254 737 2307 Apolline,
780 2251 822 2288 in
854 2249 975 2285 Diana
1008 2243 1126 2280 etiam
1159 2236 1267 2289 apud
1298 2233 1433 2284 Eurip.
1466 2231 1490 2267 l.
1526 2243 1577 2276 c.;
1614 2227 1655 2263 in

144 2323 264 2360 Flora
295 2318 403 2372 apud
432 2315 550 2355 Ovid.
583 2313 687 2350 Fast.
721 2310 766 2358 V,
799 2310 901 2349 576:
943 2303 1018 2340 alia
1037 2298 1218 2348 exempla
1245 2308 1283 2332 v.
1313 2290 1420 2343 apud
1440 2289 1655 2325 Burmann.

146 2380 198 2418 ad
219 2377 387 2417 Anthol.
411 2376 497 2412 Lat.
517 2372 582 2420 IV,
618 2373 682 2418 13,
715 2371 781 2410 30.
840 2361 1035 2413 Insignius
1066 2355 1205 2395 ceteris
1231 2357 1289 2389 est
1314 2350 1356 2387 in
1385 2347 1545 2399 Hynmo
1568 2343 1656 2380 Ho-

145 2451 243 2478 mer.
262 2438 302 2475 in
323 2437 410 2474 Cer.
434 2434 517 2474 276
538 2442 635 2480 sqq„
668 2425 778 2478 quod
796 2433 1014 2474 apponam,
1055 2415 1147 2466 quia
1175 2410 1327 2459 reliq-aa
1350 2417 1509 2456 quoque
1539 2413 1656 2453 prae—

147 2496 269 2535 sentis
294 2491 470 2532 numinis
490 2491 721 2539 argumenta
742 2482 814 2520 sub
839 2480 1053 2517 discessum
1084 2470 1282 2508 continet:
1314 2461 1369 2511 ὥς
1388 2463 1559 2503 εἰποῦσα
1580 2454 1658 2497 θεά

148 2550 319 2608 μέγεθός
335 2567 377 2591 τε
394 2549 462 2590 καὶ
494 2544 600 2593 εἶδος
623 2541 798 2594 ἄμειψε,
830 2541 963 2589 Ιήρας
995 2527 1258 2579 ἀπωσαμένη
1291 2522 1384 2571 περί
1415 2516 1452 2559 τ’
1486 2514 1592 2567 ἀμφὶ
1618 2530 1658 2553 τε

148 2610 297 2659 κάλλος
316 2607 436 2660 ἄητο,
468 2600 593 2655 Ὀὸμή
624 2598 664 2642 ὸ’
701 2593 916 2651 ἱμερόεσσα
939 2588 1151 2640 θυηέντων
1185 2578 1266 2623 οἷπὸ
1286 2579 1449 2620 πέπλων
1479 2576 1653 2614 zumm-

149 2687 205 2712 το.
254 2671 349 2720 τῆλε
380 2664 423 2706 δὲ
462 2663 611 2715 φέγγος
653 2654 734 2699 eino*
764 2652 877 2707 χροὸς
908 2643 1135 2691 α’θανοὲτοιο
1172 2638 1319 2689 Λάμπέ
1353 2637 1474 2685 θεῆς,
1525 2627 1656 2697 ξεινθ-ι)

151 2727 195 2769 δὲ
211 2724 319 2779 κόμη
354 2718 634 2773 κατενήνοθεν
665 2714 819 2766 ὤμους·
861 2707 1003 2761 Αὐγῆς
1031 2699 1069 2744 (δ’
1107 2694 1294 2749 ἐπλήσθη
1324 2689 1497 2737 πυκινὸς
1524 2691 1655 2752 ὅρμος,

153 2782 379 2834 ἀστεροπῆς
408 2780 480 2827 ὥς·
522 2780 584 2828 Βῆ
615 2773 657 2814 ὸὲ
681 2769 739 2813 δι’
770 2771 812 2810 ἐκ
849 2763 1043 2821 μεγάρων.
1104 2757 1292 2796 Videmus
1323 2751 1389 2788 hie
1417 2749 1490 2785 sub
1513 2746 1658 2783 disces-

153 2830 428 2881 sum'Cei-eris
458 2838 629 2875 formam
656 2830 833 2869 divinam
870 2827 1089 2873 receptam:
1127 2809 1459 2867 pulcritudinem,
1498 2804 1656 2840 ambro-

152 2901 255 2939 sium
296 2899 482 2943 odorem,
524 2891 697 2931 candens
736 2898 900 2937 corpus,
947 2889 1097 2917 comam
1140 2870 1392 2923 promissam,
1430 2864 1558 2901 lucem
1590 2871 1659 2910 per

154 2959 319 2996 domum
347 2958 488 2994 susam.
550 2947 773 2988 imitatione
797 2952 956 2993 quoque
982 2944 1167 2985 expressa
1195 2942 1257 2965 res
1282 2927 1320 2963 in
1351 2921 1527 2972 teniplis;
1562 2932 1596 2953 v.
1627 2929 1657 2950 c.

155 3018 202 3055 de
228 3017 301 3054 dea
322 3012 439 3066 Syria
458 3016 498 3048 et
525 3010 568 3046 in
595 3004 743 3045 teletis:
776 3008 820 3040 ut
838 2996 945 3051 apud
966 2990 1116 3046 Apulei.
1136 2985 1204 3027 XI.
