1779 3420
110 229 213 278 246
354 219 959 272 EXCURSUS
1032 219 1195 268 XIII.
1255 218 1396 266 XIV

228 353 279 393 Et
304 351 349 391 hi
368 351 532 405 quidem
559 351 714 404 priscae
739 356 779 388 et
809 349 943 402 epicae
969 361 1134 402 poeseos
1165 347 1374 402 praecipui
1402 345 1515 384 modi
1535 345 1646 384 divi-

113 426 207 452 nam
238 411 505 465 praesentiam
527 409 782 457 declarandi,
815 421 936 460 super
965 408 1111 459 quibus
1140 407 1267 446 multa
1288 404 1444 458 possint
1465 404 1649 456 argutius

115 470 338 523 disputari,
369 470 446 509 nisi
464 469 544 507 hoc
573 483 595 506 a
620 468 784 506 consilio
814 472 956 504 nostro
983 472 1086 504 esset
1115 465 1315 514 alienum;
1357 469 1396 501 et
1419 464 1550 501 facere
1569 461 1651 500 hoc

116 529 243 568 cuivis
274 542 326 567 ex
346 527 620 581 superioribus
641 532 699 563 est
719 526 761 563 in
781 530 956 576 promtu.
998 523 1176 572 Quando
1199 529 1335 561 autem
1358 522 1408 560 de
1428 521 1582 572 origine
1609 526 1651 559 et

116 602 257 626 caussa
285 586 408 625 huius
437 583 733 638 phantasmatis
762 581 973 620 hominum
1003 581 1205 619 mentibus
1234 580 1397 618 subnati
1426 580 1651 631 quaeritur,

117 645 362 698 ablegandus
382 650 443 682 est
472 645 600 682 lector
622 642 674 680 ad
706 642 804 679 Exc.
826 640 841 678 I
871 640 923 678 ad
944 640 1012 678 lib.
1034 640 1105 688 IX,
1139 641 1236 680 638.
1297 639 1380 676 Nee
1405 644 1542 676 tamen
1577 651 1653 676 ex-

118 703 381 743 istimandum
408 708 489 752 est,
530 713 687 753 semper
720 698 819 736 haec
845 704 931 735 tam
972 703 1161 736 accurate
1195 702 1236 734 et
1271 696 1422 735 djserte
1461 710 1483 733 a
1522 696 1653 747 poetis

118 762 301 801 tractari.
362 761 473 809 Quin
500 772 616 811 saepe
638 758 735 796 satis
766 755 937 804 habent,
971 756 1091 794 deum
1119 767 1345 793 memorare
1373 768 1465 792 cum
1489 753 1654 792 mortali

114 828 324 874 agentem,
368 831 517 858 numen
562 830 681 855 suum
717 814 1064 864 manifestantem,
1113 820 1154 852 et
1192 826 1212 850 a
1259 812 1421 851 mortali
1459 812 1654 864 agnitum,

119 880 233 919 nulla
266 885 402 916 tamen
421 889 466 915 re
494 875 675 923 adiecta,
707 887 786 924 qua
809 873 1070 924 intelligatur,
1102 871 1308 923 quomodo
1328 871 1371 909 id
1398 870 1485 909 fieri
1507 877 1656 923 potue-

121 938 185 979 rit.
247 936 405 975 Scilicet
424 935 503 973 iam
523 934 572 971 ab
598 932 714 971 initio
734 932 841 970 inter
860 937 1025 984 poetam
1048 936 1088 969 et
1109 931 1304 969 lectorem
1325 929 1453 968 tacito
1481 942 1657 968 consen-

121 1010 169 1035 su
196 999 465 1043 convenerat,
505 1004 622 1044 posse
653 997 693 1030 et
724 990 851 1028 solere
881 1004 904 1027 a
936 990 1011 1028 diis
1043 989 1130 1028 fieri
1154 1003 1219 1038 ea,
1251 1002 1354 1040 quae
1378 993 1546 1026 naturae
1566 1002 1658 1026 mo-

121 1068 209 1093 rem
233 1053 427 1092 deserunt
448 1064 574 1102 eoque
590 1050 675 1102 ipso
699 1048 954 1087 mirationem
975 1047 1139 1087 faciunt.
1199 1046 1395 1099 Exempla
1416 1046 1511 1085 vide
1545 1045 1658 1085 Iliad.

122 1129 161 1161 v,
192 1114 302 1160 319,
333 1110 405 1149 ubi
442 1110 654 1161 Neptunus
693 1107 870 1147 Aeneam
907 1121 990 1145 non
1022 1106 1142 1155 latet,
1176 1111 1216 1143 et
1247 1122 1282 1158 ρ,
1314 1104 1399 1148 334
1430 1104 1661 1157 Apollinem

123 1170 231 1209 idem
245 1167 383 1222 ’Έγνω
414 1165 563 1209 ἐσάντα
595 1162 708 1207 ἰδών.
740 1165 843 1203 adde
870 1165 985 1206 Iliad.
1020 1166 1057 1218 β,
1102 1167 1196 1206 172.
1238 1179 1268 1213 ε,
1309 1162 1408 1206 794.
1437 1164 1534 1206 815.
1595 1163 1661 1202 Sic

124 1229 196 1267 inf.
229 1227 329 1277 XII,
380 1230 464 1269 632
503 1228 719 1264 [nltimam
753 1237 934 1262 sororem
967 1223 1146 1275 agnoseit
1182 1223 1371 1271 Turnus,
1418 1235 1492 1260 nec
1539 1222 1660 1260 addi—

125 1294 218 1335 tur,
247 1300 329 1337 quo
359 1285 469 1337 signo
502 1284 569 1323 vel
601 1288 851 1335 argumento.

475 1625 1048 1684 EXCURSUS
1134 1623 1304 1679 XIV

288 1754 410 1814 Equi
444 1761 580 1810 capnt
615 1768 749 1795 omen
787 1750 1249 1810 Carthaginiensium
1269 1746 1508 1809 fortunae.

251 1873 281 1922 I,
312 1871 571 1914 442—445.
612 1873 746 1909 Poeni
767 1870 956 1923 Effoclere
977 1869 1064 1907 loco
1084 1870 1274 1920 signnm,
1312 1868 1422 1919 qnod
1448 1868 1565 1918 regia
1594 1867 1668 1904 Iu-

136 1947 187 1970 no
208 1933 479 1979 Monstramt,
513 1938 639 1981 capul
664 1931 771 1967 acris
798 1930 914 1981 equi,·
947 1930 1005 1966 sio
1023 1941 1121 1965 nam
1136 1926 1233 1978 sore
1254 1925 1355 1964 bello
1375 1927 1605 1977 Egregiam
1633 1933 1670 1962 et

126 1990 305 2043 facilem
327 1991 436 2027 vic-ln
450 2003 530 2040 per
546 1988 713 2026 saecula
731 1996 908 2038 gentem.
949 1986 1082 2038 Caput
1105 1985 1297 2037 equinum
1319 1984 1419 2022 adeo
1445 1983 1669 2035 auspicium

138 2055 180 2087 et
201 2061 316 2087 omen
337 2048 497 2086 futurae
517 2046 597 2085 fuit
615 2047 823 2095 fortunae;
842 2046 930 2083 fore
941 2045 1096 2083 Poenos
1118 2049 1277 2096 gentem
1296 2043 1526 2081 bellicosam
1547 2047 1588 2079 et
1601 2054 1670 2080 re·-

138 2121 232 2146 rum
255 2106 379 2158 copiis
400 2103 468 2159 (ex
488 2105 734 2157 agricultura
748 2134 758 2151 ‚
790 2104 1045 2155 navigatione
1073 2108 1114 2140 et
1137 2101 1386 2141 commerciis
1405 2098 1670 2154 populorum)

140 2166 384 2204 affluentem.
443 2163 585 2202 Iustin.
609 2163 753 2213 XVIII,
784 2163 823 2211 5,
860 2165 911 2204 16
930 2162 999 2201 lbi
1014 2175 1171 2215 qnoque
1190 2162 1285 2212 eqni
1311 2168 1436 2211 capnt
1454 2167 1667 2211 repertam,

140 2223 373 2262 bellicosum
395 2228 683 2276 potentemque
699 2222 901 2273 populum
906 2220 1100 2273 ficturum
1118 2219 1377 2270 signzficans,
1412 2217 1502 2256 urbi·
1522 2217 1671 2268 auspi-

142 2291 278 2321 catam
304 2283 438 2320 sedem
468 2281 592 2319 dedit.
669 2282 781 2328 Quas
817 2279 1001 2318 fidiculas
1031 2278 1189 2327 verbis,
1238 2278 1419 2329 facilem
1447 2278 1557 2315 vieta
1587 2276 1674 2313 sore

142 2347 328 2392 gentem,
371 2338 686 2392 interpretandis
715 2337 978 2377 adhibuerint
999 2337 1078 2375 viri
1113 2335 1247 2385 docti,
1289 2335 1383 2375 vide
1414 2334 1520 2387 apud
1556 2333 1674 2371 Cerd.

144 2400 282 2437 Burm.
310 2399 459 2450 Trapp.
515 2397 556 2436 Si
586 2396 977 2448 Carthaginiensium
1005 2394 1218 2433 historiam
1246 2394 1444 2446 inspicere
1468 2392 1676 2431 meminis-

145 2463 236 2495 sent
253 2456 330 2495 viri
352 2456 484 2505 docti,
514 2456 557 2494 in
581 2455 719 2494 multis
741 2455 863 2494 huius
884 2460 922 2492 et
947 2454 1083 2505 quarti
1107 2452 1201 2491 libri
1228 2452 1327 2491 locis
1348 2452 1482 2490 minus
1509 2451 1676 2489 turbas-

145 2521 248 2554 sent.
308 2515 516 2553 Celebrata
554 2514 647 2552 satis
677 2513 783 2552 inter
814 2519 971 2552 veteres
997 2525 1060 2550 res
1090 2517 1169 2560 est,
1212 2510 1560 2563 Carthaginienses
1592 2508 1677 2561 agri

148 2572 307 2612 colendi
328 2572 641 2611 studiosissimos
662 2572 805 2619 fuisse,
839 2577 880 2609 et
900 2576 1035 2609 totum
1063 2569 1177 2607 illum
1203 2569 1361 2608 Africae
1390 2574 1569 2606 tractum
1591 2568 1677 2606 lae-

147 2632 301 2671 tissimo
334 2631 448 2670 cultu
481 2643 659 2668 summae
681 2629 901 2668 fertilitatis
931 2627 1168 2667 effloruisse.
1228 2628 1366 2677 Itaque
1397 2627 1604 2678 praeclare
1630 2625 1678 2664 iis

148 2689 410 2744 portenditur
450 2694 647 2740 perpetua.
682 2688 815 2727 victus
846 2687 959 2739 copia
997 2692 1038 2724 et
1066 2686 1294 2734 affluentia,
1331 2692 1369 2723 et
1385 2685 1540 2736 facilis
1569 2685 1680 2722 vic-tn

150 2755 211 2787 est
238 2749 291 2798 is,
333 2748 403 2800 qui
428 2747 582 2786 facilem
600 2752 642 2784 et
669 2752 857 2797 paratum
886 2745 1040 2784 victum
1066 2743 1207 2782 habet:
1242 2741 1437 2795 εὔπορος,
1469 2749 1517 2781 ut
1541 2756 1679 2794 agrum

138 2807 340 2860 fragiba-s·
366 2805 431 2845 vel
445 2806 628 2857 frugum
645 2805 827 2856 facilem
860 2804 998 2842 dixere
1028 2809 1197 2842 veteres.
1258 2801 1496 2839 Tenendum
1516 2801 1679 2849 scilicet,

153 2878 209 2913 ea,
254 2878 356 2916 quae
384 2865 428 2902 in
451 2863 609 2914 vulgari
637 2863 819 2902 oratione
850 2860 895 2902 τό
924 2862 1068 2913 facilis
1096 2875 1172 2913 pro
1209 2860 1411 2899 adjectivo
1444 2859 1682 2899 adiunctum

152 2925 323 2973 habent,
354 2923 509 2977 poetice
535 2922 592 2960 ita
611 2921 763 2972 efferri3
793 2926 841 2959 ut
865 2921 896 2958 si
923 2921 1151 2972 alloquium
1172 2920 1280 2970 regis
1290 2919 1428 2970 facile
1449 2918 1682 2972 exprimen-

155 2983 252 3021 dum
270 2982 345 3032 sit,
361 2982 542 3033 facilem
563 2993 697 3031 regem
715 2981 896 3032 alloquio
929 2978 992 3017 ve]
1020 2979 1195 3030 alloquii
1216 2977 1325 3016 dicat
1346 2984 1464 3030 poeta
1479 3008 1489 3027 ,
1524 2983 1573 3016 ut
1597 2976 1682 3016 Val.
