1811 3388
377 205 792 261 AENEID'OS
829 203 973 252 LIB.
1010 202 1101 264 VI,
1140 202 1433 253 540—553
1583 207 1682 256 931

227 336 466 403 Respicit
497 337 705 384 Aeneas
728 329 931 390 subitO,
972 334 1025 376 et
1047 323 1145 374 sub
1178 341 1314 390 rupe
1342 326 1547 377 sinistra

166 408 381 460 Moenia
403 405 504 454 lata
525 402 699 464 videt,
731 398 927 466 triplici
964 394 1287 446 circumdata
1313 411 1496 446 muro:

164 481 315 540 Quae
337 473 554 541 rapidus
581 470 813 522 flammis
838 467 1004 518 ambit
1031 463 1361 514 torrentibus
1383 465 1553 513 amnis
1583 469 1686 518 550

162 551 448 597 Tartareus
471 541 811 608 Phlegethon
827 580 839 602 ,
876 545 1206 603 torquetque
1227 534 1466 584 sonantia
1488 551 1615 587 saxa.

159 621 322 667 Porta
360 615 607 678 adversa,
660 613 873 676 ingens,
930 605 1218 672 solidoque
1264 604 1547 655 adamante
1595 621 1686 655 co-

948 677 1193 726 lumnae:

159 756 251 809 Vis
271 763 330 804 ut
352 753 501 803 nulla
519 751 693 801 virum
708 791 720 815 ,
754 765 866 798 non
890 748 988 815 ipsi
1011 745 1320 796 exscindere
1348 743 1497 794 ferro

160 884 198 918 it.
225 884 315 917 Gud.
341 894 407 928 pro
436 894 509 915 var.
535 881 615 914 lect.
639 881 764 924 Puget.
792 879 847 912 ed.
873 879 962 912 Ven.
982 875 1088 910 Goth.
1107 886 1190 915 sec„
1215 872 1252 906 h.
1279 885 1308 908 e.
1334 872 1489 906 substitit
1507 871 1687 918 Deiphobi

162 932 304 972 umbra,
330 934 447 963 Aenea
473 928 618 961 ulterius
644 933 826 972 pergente.
877 926 935 970 (Et
955 924 1096 970 pressit
1120 921 1242 954 lahnio
1269 920 1410 953 videtur
1434 921 1687 964 reponendum.

161 979 229 1012 Sed
257 989 360 1022 quum
395 989 432 1008 se
469 976 787 1008 discessurum
818 972 1027 1016 Deiphobus
1061 982 1111 1002 vs.
1146 968 1226 1004 545.
1253 966 1447 1011 significet,
1485 967 1601 1012 aptius
1636 975 1688 1001 est

160 1025 258 1058 haud
284 1023 391 1057 dubie
420 1025 550 1064 torsit,
576 1033 678 1066 quam
699 1022 849 1067 pressit.
899 1016 1128 1051 Commendat
1159 1021 1331 1048 retentam
1366 1013 1556 1046 lectionem
1582 1013 1688 1048 etiam

162 1072 250 1105 illud
275 1073 314 1104 in
339 1069 469 1112 verbo,
505 1070 526 1103 i.
554 1081 582 1102 e.
610 1068 774 1102 continuo
797 1080 806 1106 3
832 1066 969 1099 tenuius
997 1064 1089 1097 enim
1116 1063 1185 1096 hoc
1211 1068 1284 1094 est:
1320 1061 1486 1094 continuo
1511 1061 1687 1093 substi-

162 1119 244 1158 tit;
271 1119 396 1150 immo:
422 1117 588 1150 continuo
615 1115 742 1148 abiit.
792 1114 862 1147 Sed
887 1113 974 1146 haec
1000 1111 1151 1144 fortasse
1179 1108 1331 1147 leviora3
1355 1108 1425 1140 hoc
1448 1108 1526 1153 plus
1551 1108 1689 1141 videtur

163 1165 331 1211 ponderis
359 1165 513 1205 habere,
548 1163 643 1207 quod
668 1161 762 1195 istud
797 1162 956 1205 vestigia
975 1159 1114 1204 pressit
1137 1155 1271 1189 recenti
1296 1154 1465 1188 memoria
1488 1161 1613 1187 tenere
1637 1154 1688 1187 li-

162 1213 299 1246 brarius
325 1211 441 1256 potuit
468 1223 485 1243 e
512 1223 562 1244 vs,
589 1211 671 1244 197.
699 1216 733 1241 et
756 1209 856 1247 33l.;
882 1207 952 1240 vid.
982 1206 1024 1238 V.
1050 1206 1090 1237 L.
1116 1204 1161 1237 ad
1187 1204 1248 1245 IV,
1272 1202 1352 1237 471.
1384 1202 1481 1246 lVr.)
1559 1200 1629 1237 548
1651 1209 1688 1234 et

164 1261 287 1292 aberat
321 1259 425 1291 codd.
460 1258 550 1290 Pier.
599 1255 666 1289 sab
691 1269 720 1289 r.
749 1263 881 1287 cavata
906 1266 959 1298 pr.
985 1252 1112 1285 Hamb.
1146 1262 1211 1296 pro
1246 1261 1319 1282 var.
1352 1248 1435 1282 lect.
1473 1260 1515 1282 ex
1539 1248 1602 1281 lib.
1628 1250 1686 1290 111,

162 1308 244 1342 229.
283 1306 447 1350 (—550.
473 1306 558 1337 Post
584 1305 702 1336 amnis
727 1301 950 1345 distinguitur
974 1299 1009 1332 iu
1034 1297 1175 1339 Medic„
1200 1297 1236 1329 in
1259 1297 1383 1340 fragm.
1407 1297 1488 1329 vat.
1515 1295 1610 1329 nulla
1634 1301 1688 1328 est

164 1352 422 1395 interpuncti03
461 1364 525 1384 nec
553 1363 591 1383 ea
625 1349 832 1383 necessaria.
871 1347 970 1391 lVr.)
1065 1346 1132 1380 551
1160 1344 1331 1377 tonantia
1356 1343 1456 1376 Rom.
1493 1343 1583 1375 conf.
1610 1354 1686 1388 sup.

164 1402 209 1434 ad
235 1402 278 1439 V,
305 1401 386 1435 866.
435 1406 654 1443 torquetque
679 1408 756 1442 pro,
780 1403 961 1439 torquens.
1008 1394 1071 1425 Est
1090 1391 1277 1424 Homerica
1301 1389 1406 1430 ratio,
1442 1401 1510 1433 qua
1533 1396 1689 1422 mutatur

165 1447 402 1491 participium,
429 1446 523 1490 quod
550 1456 614 1488 pro
641 1444 803 1488 epitheto
831 1448 924 1474 esset
941 1466 950 1484 ,
985 1440 1020 1472 in
1044 1450 1170 1471 novam
1196 1436 1489 1482 propositionem.
1537 1436 1621 1480 (vid.
1643 1438 1686 1477 Q.

164 1496 208 1527 V.
232 1495 421 1533 XXXIIII,
444 1499 478 1526 4.
511 1492 605 1534 Wr.)
701 1491 771 1526 552
796 1489 970 1533 solc'daeq.
1002 1486 1205 1519 emendasse
1230 1483 1395 1517 Vossium
1424 1495 1465 1516 ex
1489 1484 1687 1516 Burmanno

166 1542 280 1581 disco3
310 1553 357 1573 sc.
388 1540 479 1572 utin
501 1539 677 1582 vulgarem
704 1537 899 1570 orationem
926 1533 1171 1567 deflecteretur
1200 1531 1342 1576 poetica
1370 1530 1433 1564 vis.
1488 1542 1557 1574 que
1585 1530 1688 1563 deest

166 1588 268 1621 alteri
290 1587 412 1620 Hamb.
464 1598 598 1618 aversa
630 1592 665 1617 et
695 1582 880 1617 columbae
905 1581 1014 1615 Goth.
1044 1586 1141 1619 tert„
1164 1579 1253 1611 miro
1276 1576 1415 1610 librarii
1440 1582 1596 1620 stupore.
1643 1578 1688 1609 Et

166 1636 289 1668 horum
331 1633 510 1666 hominum
539 1631 734 1664 barbariem
784 1635 945 1664 excutere
968 1639 1039 1660 non
1071 1627 1191 1671 piget!
1286 1625 1355 1661 553
1389 1624 1582 1656 excindere
1611 1635 1688 1656 cum

165 1682 288 1725 fragm.
308 1681 422 1719 Vatic.
449 1680 554 1714 Witt.
575 1686 610 1711 et
630 1679 684 1712 ed.
706 1679 809 1720 Ven.,
845 1683 883 1709 ut
908 1675 1113 1722 plerumque
1139 1671 1277 1706 librarii
1305 1671 1474 1704 scribunt.
1523 1671 1688 1704 excidere

165 1783 244 1816 tem
271 1776 369 1814 mihi
406 1775 559 1814 videor.
603 1772 723 1827 IJsr.)
801 1770 897 1814 544.

167 1837 233 1874 Ne
265 1836 380 1872 saevi
413 1848 488 1885 pro
519 1832 698 1882 vulgari:
736 1843 786 1869 ne
815 1830 899 1867 ira-

165 1906 285 1931 scere.
327 1891 491 1942 explebo
519 1904 738 1928 nnmerum.
787 1889 898 1939 Piget

166 1951 454 1989 Servianarum
494 1962 705 1999 nugarum.
775 1945 898 1984 Haud

166 2009 286 2047 dubie
314 2008 451 2046 reditu
483 2007 533 2044 ad
555 2006 730 2053 umbras,
762 2018 783 2040 a
805 2003 897 2053 qui-

164 2067 240 2104 bus
279 2066 535 2112 discesserat,
576 2070 636 2100 est
671 2061 897 2111 intelligen-

167 2124 285 2169 dum3
327 2135 519 2160 numerus
551 2134 688 2158 earum
709 2119 790 2156 eius
815 2118 898 2156 dis-

167 2195 279 2219 cessu
296 2195 377 2218 uno
396 2180 524 2230 capite
549 2184 635 2216 erat
654 2177 897 2215 deminutus.

168 2240 315 2277 reddar
345 2238 531 2285 tenebris,
570 2242 665 2287 puta
702 2248 767 2272 eos
796 2248 897 2271 con—

166 2295 385 2335 fabulando
406 2295 640 2346 processisse
672 2293 737 2330 via
758 2305 898 2330 versus

166 2356 357 2407 Elysium.
400 2353 619 2403 Caliginosa
642 2357 777 2388 autem
799 2349 899 2387 haec

167 2413 356 2451 citeriora
376 2411 463 2448 loca
483 2423 564 2448 esse
591 2409 687 2447 satis
708 2408 897 2446 vidimus.

226 2470 308 2513 548
336 2483 419 2519 sqq.
454 2469 510 2505 De
522 2469 693 2505 Tartaro
712 2465 794 2504 vid.
813 2465 899 2502 Ex—

167 2543 272 2567 curs.
297 2528 398 2566 VIII.
459 2526 633 2564 Omnino
653 2524 718 2562 ille
745 2524 789 2561 in
809 2528 898 2560 toto

166 2587 245 2625 hoc
272 2586 360 2624 loco
395 2584 571 2622 Carceris
598 2582 741 2620 faciem
764 2580 898 2618 habet.

168 2645 274 2683 Cura
309 2645 391 2681 eius
423 2642 612 2680 mandata
638 2639 901 2678 Rhadaman-

166 2702 242 2739 tho
282 2715 322 2740 v.
353 2702 456 2748 566,
506 2713 580 2752 pro
618 2697 803 2736 carnifice
841 2702 901 2733 est

167 2759 383 2811 Tisiphone
406 2759 500 2805 571,
522 2771 596 2809 pro
618 2756 792 2794 ianitore
808 2754 902 2806 Hy-

171 2818 244 2855 dra
267 2818 362 2859 576.
409 2816 480 2853 sul>
498 2829 596 2866 rupe
617 2817 803 2852 sinistra:
824 2826 901 2850 ru-

168 2888 260 2927 pem
287 2887 337 2911 ex
356 2873 533 2911 Homero
563 2872 710 2921 traxit,
740 2871 810 2909 ubi
836 2870 902 2908 in-

167 2939 232 2971 ter
263 2933 425 2984 Stygem
464 2937 505 2970 et·
534 2931 731 2982 Cocytum
766 2927 902 2981 Πέτρη

953 1786 995 1810 τε
1019 1765 1178 1819 ξύνεσίς
1204 1782 1246 1808 τε
1270 1761 1356 1807 δύω
1376 1767 1573 1818 ποταμῶν
1602 1764 1687 1818 ἔρι-

955 1825 1122 1868 δούπων
1142 1825 1287 1877 OdySS.
1311 1840 1347 1873 κ,
1379 1823 1475 1865 515.
1515 1825 1689 1861 flIoenia

954 1885 996 1924 h.
1014 1885 1039 1924 l.
1061 1885 1110 1923 de
1139 1884 1240 1932 loco,
1263 1882 1332 1933 qui
1352 1880 1576 1919 includitur
1593 1894 1687 1919 mu-

953 1944 1032 1993 ris,
1062 1949 1110 1981 ut
1149 1941 1243 1979 alias
1280 1953 1354 1992 pro
1383 1938 1494 1976 urbe.
1554 1939 1689 1989 tripli-

955 2016 1041 2039 cem
1070 2013 1229 2038 mzcmm
1251 1995 1525 2049 suppeditavit
1543 1995 1688 2033 Hesio-

957 2059 1032 2097 dus
1068 2057 1214 2107 Theog.
1243 2058 1350 2103 726,
1381 2053 1452 2091 sed
1483 2053 1538 2090 ibi
1559 2053 1687 2091 subli-

956 2117 1059 2154 mior
1081 2115 1140 2153 rei
1171 2114 1299 2164 imago
1316 2141 1326 2161 ,
1362 2107 1533 2163 χάλκεον
1557 2110 1684 2162 ἕρκος,

955 2180 994 2212 et
1023 2169 1129 2225 ἀμφὶ
1166 2170 1209 2211 δέ
1244 2185 1313 2222 μιν
1344 2166 1419 2217 νύξ
1461 2168 1687 2221 Τριστοιχεὶ

954 2231 1116 2282 κέχυται
1143 2227 1235 2281 περὶ
1260 2223 1399 2279 δειρήν
1420 2224 1460 2263 h.
1483 2238 1514 2266 e.
1552 2226 1686 2263 fauces

956 2288 1130 2327 Tartari.
1195 2287 1257 2325 Ex
1297 2291 1471 2334 utroque
1513 2284 1687 2334 profecit

954 2347 1145 2386 Miltonus
1177 2342 1333 2382 Parad.
1356 2343 1431 2379 lost
1454 2341 1498 2379 B.
1522 2341 1570 2391 II,
1602 2342 1686 2383 642

957 2419 1040 2456 sqq.
1110 2403 1206 2445 552.
1237 2401 1445 2439 columnas
1477 2398 1527 2436 de
1558 2398 1686 2451 posti-

956 2464 1032 2501 bus
1062 2460 1225 2512 accipi0.
1285 2458 1472 2496 Imitatur
1496 2456 1687 2495 Homeri-

959 2534 1049 2559 cum
1063 2518 1175 2558 Iliad.
1193 2521 1238 2567 θ,
1262 2513 1463 2557 15’Ένθα
1486 2510 1688 2567 σιδήρειαί

957 2594 999 2619 τε
1035 2574 1184 2625 πύλαι,
1231 2573 1300 2614 καὶ
1348 2570 1515 2625 χάλκεος
1551 2569 1685 2619 ου’ὅός.

957 2644 1037 2675 slat
1066 2636 1124 2673 ad
1148 2647 1298 2679 auras,
1346 2631 1490 2668 educta
1528 2637 1606 2680 est,
1644 2629 1685 2666 in

958 2708 1082 2732 auras
1102 2692 1218 2730 hicet
1234 2704 1269 2728 v.
1291 2689 1370 2731 561
1397 2690 1567 2739 argutati
1591 2692 1686 2725 sunt

958 2758 1114 2791 veteres
1130 2750 1210 2788 iam
1228 2747 1322 2786 inde
1343 2760 1365 2783 a
1389 2746 1582 2783 Pollione:
1602 2743 1682 2782 vid.

960 2810 1070 2862 apud
1098 2811 1232 2855 Serv.;
1280 2804 1372 2855 quia
1397 2803 1489 2840 alibi
1518 2815 1591 2840 nec
1619 2814 1683 2838 aer

958 2881 1034 2907 nec
1054 2867 1153 2905 aeris
1180 2869 1314 2902 motus
1337 2862 1507 2899 Tartaro
1537 2858 1682 2897 tribui-

959 2932 1042 2965 tur.
1102 2925 1254 2965 Verum
1273 2919 1314 2958 h.
1337 2919 1362 2957 l.
1388 2916 1559 2956 altitudo
1585 2930 1683 2968 por-

1289 2985 1406 3033 59*
