1811 3388
394 209 806 261 AENEIDOS
842 211 984 260 LIB.
1023 213 1084 270 V,
1128 215 1297 261 140--
1323 215 1418 263 157
1545 221 1645 267 747

137 340 465 387 Concussere
491 335 646 398 iugiS‚
683 335 948 400 pronique
973 336 1024 383 in
1047 336 1269 385 verbera
1295 337 1550 402 pendent.

138 410 279 455 Tum
299 404 487 470 plausu
508 402 837 470 fremituque
856 406 1028 453 virum
1059 406 1351 472 studiisque
1376 405 1650 457 faventum

138 477 409 525 Consonat
428 490 591 522 omne
614 491 830 535 nemus,
868 491 1168 541 vocemque
1190 475 1388 524 inclusa
1409 477 1652 526 volutant

135 544 336 602 Litora;
375 542 562 608 pulsati
587 543 746 593 colles
773 544 1006 593 clamore
1033 545 1302 596 resultant.
1553 550 1651 597 150

134 611 336 675 Effugit
360 622 480 661 ante
501 612 652 673 alios,
689 614 982 680 primisque
1008 613 1231 663 elabitur
1250 614 1409 664 undis

139 681 377 731 Turbam
413 683 552 732 inter
596 682 985 750 fremitumque
1030 686 1196 746 Gyas3
1245 701 1409 750 quem
1454 684 1652 735 deinde

921 752 1213 803 Cloanthus

140 821 524 886 Consequitur,
561 822 756 871 melior
775 822 963 872 remis:
1001 822 1095 871 sed
1118 823 1363 888 pondere
1385 823 1541 888 pinus

140 890 312 938 Tarda
337 900 498 942 tenet.
570 895 697 940 Post
716 892 816 940 hos
836 909 1008 957 aequo
1037 892 1341 942 discrimine
1362 894 1538 942 Pristis

140 962 544 1026 Centaurusque
621 961 802 1010 locum
877 961 1109 1011 tendunt
1192 979 1442 1030 superare
1506 963 1653 1029 prio-

921 1049 1065 1091 rem3
1556 1036 1652 1084 155

138 1100 204 1148 Et
221 1115 362 1147 nunc
386 1099 562 1148 Pristis
589 1099 774 1163 habet,
808 1117 951 1149 nunc
974 1102 1163 1150 victam
1188 1102 1441 1167 praeterit
1467 1103 1653 1166 ingens

142 1170 461 1230 Centaurus3
502 1186 645 1218 nune
667 1187 772 1218 una
800 1171 987 1220 ambae
1009 1172 1303 1238 iunctisque
1338 1170 1585 1220 feruntur

235 1320 302 1355 147
321 1319 416 1353 iubis
435 1321 523 1355 coni.
547 1320 676 1357 Heius..
703 1334 767 1355 nec
786 1322 823 1355 id
846 1323 1034 1363 absonum,
1060 1323 1122 1355 sed
1145 1324 1234 1368 iuga
1251 1335 1315 1367 pro
1340 1322 1435 1367 equis
1450 1322 1538 1355 dixit
1559 1334 1652 1366 poe-

140 1373 187 1398 ta.
214 1378 245 1398 v,
264 1368 377 1399 Burin.
427 1380 496 1411 que
513 1368 613 1400 abest
631 1382 649 1401 a
670 1371 790 1403 Frauc.
888 1371 953 1404 148
977 1373 1061 1402 Cum
1081 1382 1116 1415 p.
1138 1371 1266 1402 Moret.
1288 1382 1340 1414 pr.
1383 1370 1542 1415 plausus
1561 1369 1653 1402 alter

141 1413 284 1445 Mentel.
333 1415 539 1458 gemituque
565 1417 698 1459 llugen.
804 1416 870 1451 149
896 1417 1040 1449 inclusa
1064 1428 1196 1448 erasum
1222 1416 1256 1448 in
1294 1418 1372 1449 Exc.
1406 1417 1518 1448 Burm.
1556 1423 1590 1448 et
1618 1416 1655 1448 in

140 1471 249 1503 marg.
272 1473 341 1506 per
370 1461 490 1506 ampla
522 1473 561 1492 ex
588 1466 672 1495 Aen.
702 1464 730 1504 l,
766 1464 847 1498 725.
903 1465 952 1496 Io.
982 1463 1195 1496 Schraderus
1235 1464 1270 1495 in
1306 1463 1444 1495 schedis
1475 1463 1652 1495 tentabat:

141 1507 272 1545 inlisu,
297 1508 463 1546 incussa,
489 1509 657 1552 impulsa,
684 1517 717 1541 et
735 1522 906 1554 aequora.
1005 1511 1068 1544 151
1093 1510 1188 1542 alias
1210 1510 1299 1542 alter
1320 1511 1456 1552 Menag.
1506 1511 1654 1552 primis—

143 1565 211 1597 que
233 1553 351 1585 Heius.
372 1565 447 1586 cum
473 1555 698 1595 melioribns3
724 1557 814 1589 adde
838 1557 961 1599 fragm.
982 1557 1094 1589 Vatic.
1119 1563 1154 1588 et
1175 1557 1276 1589 codd.
1298 1557 1387 1589 Pier.
1438 1556 1553 1599 Vulgo
1568 1558 1654 1602 pri-

142 1612 301 1644 musque,
328 1600 390 1644 (ita
416 1600 525 1633 Palat.
561 1609 595 1633 et
628 1605 682 1636 10.
717 1604 809 1646 Il‘r.)
841 1604 935 1646 quod
954 1603 1139 1647 vulgarius.
1188 1603 1354 1635 illabitur
1377 1602 1484 1635 Wall.
1537 1603 1656 1634 undas

142 1646 232 1678 Gud.
252 1659 270 1678 a
290 1659 334 1678 rn.
356 1659 408 1690 pr.
482 1648 549 1681 152
566 1651 827 1696 strepitumque
847 1650 991 1682 DorvilL
1032 1651 1274 1694 gemitumque
1294 1648 1426 1681 Zulieh.
1500 1650 1567 1683 153
1587 1650 1655 1681 Ἰη-

142 1694 309 1736 sequitur
329 1693 488 1726 Parrhas.
538 1694 603 1726 sub
626 1697 792 1741 pondere
819 1697 935 1729 Schol.
968 1700 1054 1729 Stat.
1087 1696 1202 1728 Theb.
1229 1698 1288 1735 VI,
1314 1696 1394 1730 437.
1428 1696 1471 1728 cf.
1502 1695 1546 1727 ad
1567 1707 1596 1728 v.
1620 1695 1654 1729 5.

144 1739 210 1772 154
229 1746 310 1782 post
330 1741 439 1772 tarda
452 1741 689 1784 distinguebat
710 1756 760 1787 pr.
779 1744 906 1776 Moret.
934 1743 1092 1786 (Wakef.
1112 1743 1155 1774 ad
1175 1744 1312 1775 Lucret.
1334 1744 1375 1783 V,
1402 1743 1481 1776 689.
1496 1742 1544 1774 ita
1565 1742 1657 1774 hune

140 1785 255 1817 locum
282 1787 440 1819 emendat
464 1786 617 1821 scilicet:
658 1791 801 1822 Tarda:
827 1799 1000 1822 tenens
1021 1809 1119 1813 --
1141 1801 1336 1835 superare:
1367 1790 1525 1833 priorem
1548 1791 1596 1820 Ec
1616 1801 1652 1821 n.

145 1831 242 1873 lVr.)
290 1833 398 1865 tardo
426 1834 632 1870 discrimine
663 1838 799 1881 Menag.
824 1849 876 1880 pr.
926 1838 1075 1878 (Pistris
1098 1849 1117 1869 a
1149 1849 1192 1868 1n.
1218 1848 1268 1880 pr.
1299 1836 1437 1876 Medio,
1462 1835 1530 1867 vid.
1551 1836 1594 1867 V.
1616 1835 1657 1868 L.

143 1879 187 1911 ad
208 1883 291 1911 ΑΘΗ·
313 1881 368 1917 ΠΙ,
394 1882 474 1915 427.
506 1883 598 1923 Wr.)
696 1884 762 1918 156
787 1883 894 1916 habet
913 1884 1032 1916 Heius.
1058 1883 1244 1915 secundum
1263 1883 1437 1927 potiores,
1475 1888 1510 1914 et
1535 1881 1655 1914 Heius.

144 1932 179 1957 et
200 1926 302 1965 Pion,
327 1927 416 1959 adde
437 1929 559 1973 fragm.
576 1930 710 1969 Vatic.;
738 1930 874 1975 supple,
908 1933 1067 1975 priorem
1104 1929 1240 1970 locum,
1275 1930 1370 1974 quod
1401 1934 1655 1972 praecesserat.

143 1971 212 2004 Alii
238 1971 323 2005 abit·
365 1975 475 2010 habet
494 1986 642 2018 metam,
667 1990 766 2010 nunc
784 1978 968 2024 praeterit
991 1975 1114 2018 wall„
1138 1976 1239 2009 male.

145 2101 277 2138 frenis.
334 2106 454 2151 proni
491 2107 532 2142 lu
572 2105 731 2142 verbera
766 2119 870 2155 pen-
928 2103 1293 2141 elzcsaeollibusl1is
1309 2103 1538 2140 nemorosis.
1570 2104 1656 2140 col—

147 2160 260 2206 (lent,
304 2162 412 2208 quod
450 2162 640 2212 egregiam
671 2163 727 2199 rei
768 2163 871 2199 ima—
929 2163 985 2199 les
1014 2163 1205 2198 res-allant
1243 2162 1440 2206 clamore,
1485 2160 1655 2209 doctius,

147 2215 277 2266 gisseni
295 2215 427 2265 habet,
454 2220 527 2270 ipsi
552 2219 713 2269 Virgilio
737 2219 872 2256 deberi

146 2273 328 2322 videtur,
375 2276 447 2313 etsi
478 2290 540 2314 res
567 2290 751 2327 expressa
784 2277 806 2314 l.
840 2290 872 2314 e.

148 2333 384 2374 362-364.
408 2335 552 2372 Contra
571 2334 617 2371 de
634 2335 742 2384 equis
756 2347 874 2385 prae—

148 2388 251 2425 clare
272 2388 488 2430 Homerus:
528 2388 680 2439 [Ιάντες
702 2388 774 2444 ἅμ’
803 2390 876 2444 ὁρ-

148 2445 370 2497 μηθέντες,
402 2448 483 2488 ὑπὸ
513 2452 715 2501 πληγῇσιν
751 2446 872 2501 [ucio—

147 2506 274 2553 θλης,
315 2502 467 2554 Ὑψόσ’
501 2503 747 2558 αἐιρόμενοι,
782 2507 876 2557 ῥίμ-

151 2576 210 2609 φα
244 2559 472 2614 πρήσσουσι
508 2563 717 2603 κέλευθον.
784 2563 874 2601 Ho—

149 2620 247 2656 meri
288 2620 475 2658 laudibus
519 2622 637 2659 etiam
672 2621 739 2659 hic
773 2622 874 2659 male

150 2674 375 2715 obtrectant
405 2679 480 2717 viri
503 2679 622 2717 docti.

210 2733 302 2775 149.
337 2737 429 2777 150.
468 2738 666 2774 Consonat
695 2736 874 2787 exquisi-

152 2790 230 2827 tius
260 2805 399 2840 quam,
440 2803 611 2831 resonat.
667 2794 874 2845 (consonat

151 2847 201 2884 ob
230 2849 429 2886 adiectum
465 2866 591 2887 omne.
633 2854 750 2903 lVr.)
803 2852 874 2889 lit-

152 2912 252 2954 tora,
284 2906 323 2944 in
344 2907 546 2957 planitien]
570 2908 750 2947 declivia,
810 2911 875 2946 in-

931 2232 1070 2268 quam,
1102 2225 1146 2256 ut
1177 2219 1320 2269 vulgo,
1349 2218 1380 2255 si
1408 2218 1560 2255 clamor
1590 2230 1659 2256 re-

930 2276 1012 2313 silit
1035 2290 1053 2312 a
1082 2276 1259 2313 collibus.

994 2336 1069 2375 151
1092 2356 1140 2361 —-
1159 2335 1252 2375 158.
1295 2332 1465 2370 elabitur
1506 2333 1658 2384 egregie

932 2405 1027 2442 pro,
1075 2391 1302 2442 praecurrit
1353 2390 1558 2439 celeriter,
1611 2396 1659 2428 ut

934 2451 1044 2486 Serv.
1062 2449 1190 2500 primo
1214 2448 1348 2485 statim
1370 2461 1527 2498 egressu
1548 2462 1568 2485 a
1589 2448 1659 2485 lit-

933 2512 1033 2544 tore.
1097 2506 1189 2547 154.
1222 2514 1337 2553 tenet,
1363 2511 1545 2543 moratur
1565 2520 1660 2543 cur-

933 2578 1033 2612 sum,
1064 2564 1126 2601 vel
1148 2563 1414 2612 Cloantliu1n3
1445 2577 1517 2615 pro
1543 2563 1660 2600 tarda

935 2630 1005 2658 est.
1049 2636 1176 2673 aequo
1196 2622 1440 2667 ‹lis-erimine,
1464 2621 1550 2672 pari
1572 2635 1660 2658 ino-

933 2685 1089 2727 mento,
1131 2686 1176 2716 ut
1200 2679 1303 2716 linea
1335 2678 1471 2715 eadem
1498 2678 1661 2716 incede-

931 2743 1043 2774 rent:
1076 2750 1153 2786 qua
1173 2736 1458 2774 discernuntur
1478 2750 1499 2773 a
1522 2735 1662 2773 ceteris

933 2794 1120 2832 navibus:
1162 2794 1268 2831 unde
1290 2794 1500 2831 discrimen
1530 2793 1661 2830 dicere

932 2851 1081 2902 potuit.

932 2923 1037 2957 rem,

1151 2853 1282 2888 loc-um
1325 2865 1512 2901 superare
1542 2852 1660 2900 prio—

1100 2909 1274 2959 assequi,
1329 2915 1488 2957 tenere,
1538 2907 1661 2945 altero
