1779 3420
98 206 199 255 248
450 197 1054 252 EXCURSUS
1129 198 1243 247 XV.

102 332 174 371 ctis
202 330 377 381 tabulis,
415 329 486 368 sed
525 329 574 368 de
615 326 844 381 anaglypho
877 335 1019 378 opere,
1049 328 1091 361 et
1125 321 1289 375 quidem
1310 334 1361 360 ex
1383 334 1496 373 aere,
1527 322 1637 374 quod

102 389 429 441 antiquissimum
466 388 544 426 suit
582 401 725 440 genus,
776 391 817 423 et
849 398 929 435 quo
966 382 1126 421 ducunt
1158 382 1264 421 sores
1298 394 1349 418 ex
1387 393 1477 419 aere
1509 381 1639 419 factae

102 464 142 488 v.
167 449 265 490 448.
286 447 384 496 449,
416 460 530 499 agere
553 445 748 484 dicendus
771 443 851 482 sit‘?
893 442 1016 491 Nam,
1050 439 1161 491 quod
1171 442 1382 491 picturam
1408 439 1526 489 dixit,
1559 438 1639 477 hoc

104 507 262 561 poetica
294 506 487 558 elegantia
526 504 575 542 de
615 502 759 555 quovis
782 513 922 553 opere,
963 498 1075 550 quod
1103 497 1251 550 figuras
1282 511 1417 535 rerum
1455 511 1500 535 ac
1531 499 1640 550 signa

104 570 404 619 repraesentat,
452 563 554 602 bene
603 572 827 600 memorare
865 557 1011 609 potuit.
1080 554 1373 607 Accipiendum
1413 562 1547 595 autem
1582 556 1641 594 ita

106 630 208 663 esset
235 623 284 661 de
303 622 526 675 sculptorio
552 633 671 672 opere
691 619 734 656 in
750 616 906 655 foribus
930 613 1071 666 templi
1093 626 1139 651 ac
1158 613 1287 652 valvis
1308 627 1357 651 ex
1389 627 1479 652 aere
1511 615 1641 652 facto:

105 684 147 721 in
175 682 238 721 his
265 681 393 731 enim,
428 685 478 718 ut
498 684 537 716 et
567 679 609 716 in
645 675 828 727 fastigiis,
870 672 1116 725 templorum
1143 673 1298 724 pariter
1326 685 1373 709 ac
1399 672 1642 725 palatiorum

107 742 296 793 frequens
324 739 402 778 suit
425 737 649 776 caela-tura:
681 735 731 772 cf.
764 734 879 771 Paus.
912 731 940 780 Ι,
973 733 1041 771 24.
1076 729 1121 777 V,
1157 731 1221 770 10.
1253 730 1306 778 X,
1341 733 1405 772 19,
1440 730 1541 779 VIII,
1573 731 1642 772 45,

108 800 188 838 Cic.
208 799 323 839 Verr.
348 797 411 846 IV,
443 797 498 839 56
523 800 564 832 et
586 793 767 846 porticus
788 789 927 842 templi
949 787 1057 826 Iovis
1077 786 1253 839 Olympii
1283 790 1394 839 apud
1414 788 1642 841 Agrigenti—

108 872 200 897 nos:
231 871 270 898 v.
301 854 463 893 Diodor.
494 852 601 902 XIlI,
623 854 690 900 82,
721 851 761 888 in
785 862 865 901 qua
889 854 929 885 et
969 846 1177 898 exsculpta
1206 842 1356 894 ἅλωσις
1384 850 1458 900 τῆς
1498 848 1645 901 Τροίας

108 916 301 955 heroibus
326 927 398 951 suo
427 924 588 963 quoque
621 909 765 947 habitu
795 905 1004 959 expressis.
1051 910 1090 941 et
1123 904 1253 942 solent
1280 910 1424 956 poetae
1454 905 1495 944 in
1523 919 1645 958 argu—

110 974 256 1013 mentis
285 969 482 1010 eiusmodi
512 969 745 1020 sculpturae
768 966 842 1004 sibi
862 964 1040 1018 placere:
1072 968 1120 999 ut
1139 968 1278 1000 noster
1300 963 1370 1002 Ge.
1393 964 1458 1013 Ill,
1482 967 1537 1005 26
1561 978 1646 1015 sqq.

111 1034 209 1072 Aen.
231 1031 293 1080 VI,
326 1033 381 1071 20
401 1024 486 1079 sqq.
547 1027 613 1065 Sic
633 1025 754 1065 Ovid.
780 1025 874 1062 Met.
896 1023 944 1074 ΙΙ,
975 1035 1037 1074 pr.
1059 1020 1103 1058 in
1133 1021 1241 1072 regia
1264 1021 1379 1060 Solis.
1440 1022 1559 1060 Silius
1582 1022 1647 1071 ΙΙΙ,

115 1095 182 1133 32.
203 1090 245 1128 in
264 1088 405 1140 templi
433 1086 621 1124 Herculis
648 1084 818 1124 foribus.
863 1081 915 1119 ad
942 1095 979 1132 q.
1002 1080 1027 1117 l.
1062 1079 1109 1117 cs.
1132 1079 1335 1121 Drakenb.
1367 1081 1498 1119 Valer.
1519 1081 1576 1118 Fl.
1598 1081 1647 1130 V,

114 1149 193 1191 411
230 1148 271 1185 in
309 1145 463 1197 fastigio
504 1143 647 1196 templi
681 1141 754 1196 (ita
782 1140 945 1193 quidem
979 1138 1095 1176 nobis
1134 1137 1315 1192 videtur)
1346 1145 1387 1177 et
1418 1141 1459 1178 in
1494 1139 1649 1177 foribus

114 1205 358 1248 417—465
387 1216 595 1256 expressas
627 1200 818 1239 historias
855 1197 963 1251 apud
989 1195 1160 1234 Colchos
1186 1203 1403 1248 memorat,
1447 1198 1648 1250 sapienter

115 1264 276 1317 quidem
297 1263 394 1313 hoc,
426 1262 494 1300 sed
516 1261 624 1299 idem
641 1260 685 1298 in
706 1259 837 1312 operis
860 1269 1017 1295 summa
1035 1254 1198 1304 infelix,
1229 1269 1312 1293 non
1341 1258 1445 1294 enim
1470 1263 1649 1309 apparet,

116 1336 313 1375 quorsum
331 1321 406 1359 ista
424 1319 643 1372 descriptio
672 1315 893 1370 anaglyphi
914 1315 1067 1352 inserta
1091 1313 1153 1351 sit.
1215 1313 1270 1351 At
1296 1321 1435 1353 noster
1463 1321 1580 1368 poeta
1600 1314 1652 1352 ad

117 1380 444 1420 confirmandum
476 1380 630 1417 Aeneae
660 1377 839 1415 animum
867 1373 930 1412 his
962 1385 1101 1411 rerum
1125 1372 1367 1423 imaginibus
1389 1373 1541 1426 egregie
1566 1373 1652 1412 uti-

118 1448 199 1479 tur.
261 1436 499 1490 Anaglypha
526 1437 635 1475 idem
660 1442 702 1473 et
720 1435 813 1472 alibi
835 1437 1056 1480 memorat,
1089 1436 1136 1469 ut
1162 1430 1234 1468 inf.
1265 1431 1361 1474 640.
1422 1433 1533 1470 Inter
1553 1432 1654 1470 haec

118 1506 255 1538 tamen
275 1502 501 1536 commento
522 1496 579 1533 illi
607 1494 842 1546 sculpturae
863 1491 904 1529 h.
924 1491 949 1529 l.
970 1503 1055 1528 non
1075 1488 1198 1541 magis
1217 1489 1432 1541 confidam,
1464 1505 1585 1542 quani
1605 1491 1653 1540 ei,

120 1557 231 1609 quod
259 1557 389 1595 multo
417 1555 551 1593 minus
581 1552 848 1605 probabiliter
877 1550 919 1587 in
949 1549 1130 1586 animum
1162 1548 1274 1586 venit
1302 1548 1391 1587 viro
1421 1549 1566 1600 docto,
1608 1555 1655 1588 ut

121 1615 325 1664 crederet,
365 1613 432 1652 hic
470 1613 519 1650 de
553 1618 719 1650 textura
750 1610 822 1661 agi.
882 1608 967 1646 Nisi
998 1607 1082 1645 vim
1115 1606 1236 1644 facias
1266 1607 1425 1657 verbiS,
1466 1622 1548 1646 non
1580 1608 1655 1645 nisi

123 1674 173 1713 de
202 1673 350 1712 tabulis
382 1673 498 1725 pictis
527 1683 642 1722 agere
669 1675 789 1721 poeta
816 1667 972 1721 potuit:
1010 1672 1051 1702 et
1074 1664 1269 1702 dicendus
1299 1665 1365 1703 ille
1387 1673 1447 1704 est
1471 1666 1656 1704 maluisse

123 1746 277 1772 morem
294 1731 432 1769 Italiae
452 1743 545 1768 suae
568 1728 702 1779 sequi,
734 1727 774 1765 in
807 1741 886 1777 qua
909 1724 1056 1777 passim
1078 1723 1316 1761 visebantur
1338 1725 1521 1776 porticus
1549 1732 1656 1763 tem-

123 1792 285 1844 plorum
302 1790 446 1842 pictae.
506 1789 585 1826 Res
610 1786 803 1825 Troianas
831 1785 937 1822 inter
966 1788 1202 1834 argumenta
1229 1782 1371 1831 fuisse,
1413 1784 1478 1821 vel
1509 1796 1560 1821 ex
1580 1784 1656 1821 Pe-

124 1850 260 1888 tronio
280 1851 334 1890 29
355 1854 396 1886 et
415 1849 469 1889 89
499 1846 651 1884 discere
671 1845 781 1882 licet:
816 1844 862 1881 cs.
885 1840 1134 1881 Wernsdorf.
1158 1840 1198 1878 P.
1220 1840 1314 1878 Min.
1336 1842 1380 1879 T.
1401 1842 1467 1892 lv,
1499 1856 1538 1893 p.
1561 1843 1656 1884 605.

125 1908 231 1947 Nihil
256 1905 508 1958 frequentius
532 1904 672 1942 eodeni
705 1916 817 1940 more
844 1902 952 1939 inter
976 1901 1172 1947 Gi‘aeCOS‚
1219 1913 1319 1950 quos
1349 1901 1523 1952 parietes
1552 1907 1658 1938 tem—

127 1968 289 2019 plorum
313 1972 353 2003 et
371 1964 552 2018 porticus
571 1962 739 2015 picturis
760 1972 989 2007 exornasse,
1023 1959 1150 1995 multa
1173 1957 1321 1996 docent
1344 1960 1526 2011 exempla
1550 1959 1659 2012 apud

130 2025 300 2063 Plinium
329 2030 367 2061 et
400 2022 661 2069 Pausaniam,
693 2025 739 2058 ut
768 2018 936 2057 Athenis
962 2017 988 2065 Ι,
1026 2019 1076 2057 17
1108 2017 1149 2054 in
1172 2015 1314 2054 Thesei
1343 2018 1517 2070 templo,
1549 2019 1578 2067 I,
1606 2020 1658 2060 18

128 2085 170 2122 in
189 2083 339 2135 templo
361 2082 673 2129 Dioscurorum3
704 2079 732 2127 Ι,
765 2081 819 2121 20
841 2078 883 2115 in
908 2083 936 2114 t.
958 2074 1130 2125 Bacehi3
1161 2075 1208 2113 cf.
1232 2089 1264 2112 c.
1286 2076 1353 2117 25.
1374 2080 1441 2118 26.
1465 2083 1505 2114 et
1530 2075 1660 2115 Athe—

129 2156 274 2180 naeum
302 2142 353 2190 X,
386 2154 425 2193 p.
450 2139 534 2181 456
560 2144 664 2176 extr.
694 2136 958 2189 inprimisque
992 2134 1189 2185 templum
1217 2133 1422 2173 Minervae
1453 2134 1661 2187 Syracusis

131 2201 240 2253 apud
262 2200 384 2239 Cicer.
409 2199 523 2238 Verr.
557 2197 621 2245 IV,
662 2196 728 2237 55.
790 2193 956 2232 Troiani
982 2199 1117 2230 autem
1153 2193 1243 2230 belli
1273 2192 1487 2243 historiae,
1518 2195 1591 2231 etsi
1620 2193 1662 2231 in

131 2259 282 2312 populo
296 2289 306 2308 ,
339 2258 407 2309 qui
427 2256 528 2295 nihil
549 2269 640 2294 cum
661 2252 846 2292 Troianis
867 2260 907 2291 et
928 2251 1089 2289 Graecis
1107 2265 1320 2290 commune
1343 2251 1522 2302 haberet,
1553 2257 1663 2291 recte

131 2325 263 2355 tamen
286 2322 476 2369 poterant
495 2315 626 2367 operis
650 2313 698 2350 ab
717 2318 803 2349 arte
824 2310 997 2363 profecti
1018 2316 1300 2362 argumentum
1321 2311 1525 2363 praebere.
1587 2312 1664 2348 So-

132 2377 188 2414 let
214 2376 320 2413 enim
351 2389 415 2412 ars
443 2380 632 2412 externas
663 2370 875 2419 historias,
923 2369 1106 2421 inprimis
1137 2370 1264 2407 claras
1304 2377 1343 2407 et
1373 2370 1547 2419 nobiles,
1592 2368 1666 2406 sibi

134 2434 342 2472 materiem
372 2435 524 2482 facere,
556 2438 596 2469 et
624 2430 673 2468 ab
703 2429 902 2477 Etruscis,
936 2428 1076 2464 saltem
1106 2428 1154 2464 ab
1188 2428 1321 2478 Italis,
1362 2428 1545 2466 similiter
1572 2427 1667 2466 belli

135 2493 298 2531 Troiani
328 2491 559 2539 historiam,
602 2501 848 2540 quamquam
877 2487 945 2524 illa
977 2486 1104 2524 aliena
1126 2487 1175 2523 ab
1204 2486 1283 2524 hoc
1303 2488 1455 2539 populo
1485 2493 1593 2536 erat,
1624 2486 1667 2523 in

135 2558 199 2590 tot
219 2550 510 2597 monumentis,
543 2547 724 2600 inprimis
745 2545 1055 2597 sepulcralibUS,
1090 2558 1318 2596 expressam
1340 2546 1536 2584 videmus.
1590 2546 1667 2582 Ge·-

137 2619 268 2649 terum
297 2623 360 2658 ea,
404 2621 504 2659 quae
536 2620 631 2644 mox
660 2610 960 2652 memorantur,
1000 2616 1083 2640 non
1114 2604 1296 2642 continui
1338 2605 1504 2642 alicuius
1537 2604 1668 2656 operis

138 2670 339 2720 uniusque
362 2667 523 2705 tabulae
544 2669 827 2716 argumentum
849 2667 945 2699 sunt
974 2660 1183 2712 habenda,
1225 2669 1330 2700 certe
1360 2663 1458 2700 nihil
1488 2664 1524 2700 in
1553 2668 1669 2715 poeta

140 2728 281 2776 video,
314 2725 423 2778 quod
452 2725 509 2762 ita
533 2729 709 2761 statuere
733 2721 891 2769 iubeat,
924 2719 994 2757 sed
1013 2721 1188 2771 singulae
1210 2721 1399 2759 historiae
1419 2722 1669 2772 singulorum

141 2800 307 2840 operum
334 2789 615 2837 argumentum
638 2780 881 2818 constituere
904 2779 1118 2830 putandae⁴
