1811 3388
364 221 769 271 AENEIDOS
807 222 945 270 LIB.
982 223 1068 284 lv,
1112 228 1401 276 139—152

1542 234 1638 279 617

146 349 434 411 Cretesque
454 348 802 411 Dryopesque
833 344 1071 394 fremunt
1096 347 1326 411 pictique
1352 350 1643 414 Agathyrsh

143 418 261 481 Ipse
284 415 411 477 iugis
435 414 624 476 Cynthi
648 415 906 477 graditur,
943 414 1199 480 mollique
1222 415 1482 467 fluentem

143 483 356 533 Fronde
386 484 582 547 premit
607 484 807 532 crinem
831 482 1053 547 fingens,
1077 493 1235 550 atque
1262 486 1472 554 inplicat
1492 505 1643 550 auro3

147 552 270 601 Tela
297 560 487 599 sonant
513 549 762 603 humeris,

144 694 433 756 Postquam
475 690 604 740 altos
649 701 869 741 ventum

834 552 986 602 Haud
1013 553 1105 602 illo
1128 555 1338 618 segnior
1358 556 1463 604 ibat

145 625 370 678 Aeneas3
414 630 617 670 tantum
649 622 858 686 egregio
885 621 1045 670 decus
1067 624 1229 672 enitet
1254 640 1361 674 ore.

1548 631 1647 678 150

918 692 971 739 in
1022 693 1243 757 montis,
1303 702 1459 760 atque
1510 695 1646 745 invia

919 760 1096 824 lustra,

146 831 282 877 Ecce
311 826 479 891 ferae,
518 830 618 877 saxi
652 829 886 879 deiectae
920 831 1140 893 vertice,
1182 847 1366 896 caprae

244 988 308 1023 146
335 991 482 1022 Curetes
513 993 751 1036 Dryopesque
784 1002 837 1034 pr.
870 991 1006 1032 Hamb.,
1047 990 1281 1024 memorabilis
1304 990 1430 1031 leetio;
1463 990 1529 1023 nisi
1554 990 1647 1035 quod

151 1035 192 1068 ab
219 1034 471 1079 interpolatore
509 1048 584 1068 esse
611 1042 748 1080 potest,
785 1036 842 1080 qui
876 1045 1021 1070 metrum
1044 1038 1205 1070 laborare
1231 1038 1384 1081 putabat.
1433 1039 1648 1082 Curet-esque

154 1083 378 1127 Driopesque
402 1082 541 1125 Regius.
593 1086 716 1115 Cretes
748 1086 812 1116 Dr.
848 1083 918 1115 alii.
967 1083 1047 1116 Fuit
1079 1084 1172 1116 sorte
1205 1096 1323 1116 versus
1349 1083 1476 1116 Graeci
1500 1090 1645 1127 poetae:

151 1125 295 1171 Κρῆτές
320 1138 357 1161 τε
381 1126 554 1170 Δρύοπές
584 1125 623 1162 τ’
649 1125 715 1172 ἠδὲ
753 1128 890 1163 cvm-toi
912 1127 1141 1174 Ἀγάθυρσοι.
1190 1131 1358 1175 Agatirsi
1386 1129 1540 1162 scribunt
1573 1129 1647 1162 fere

151 1174 296 1206 librarii.

394 1177 459 1209 147
485 1176 577 1207 Inde
601 1177 679 1208 Exe.
704 1176 815 1207 Burm.
842 1190 860 1209 a
884 1189 936 1220 pr.
962 1189 1004 1209 m.

1102 1178 1167 1210 148
1193 1180 1328 1209 Fronte
1352 1176 1477 1208 Medic.
1504 1183 1537 1208 et
1567 1177 1646 1208 Me-

153 1233 229 1263 nag.
257 1233 308 1263 pr.
348 1222 514 1265 fluentes
538 1223 656 1254 crines
680 1222 839 1254 Parthas.
879 1222 1034 1267 Jitgiens
1057 1224 1137 1255 Exc.
1162 1224 1275 1255 Burm.
1298 1236 1315 1254 a
1336 1234 1388 1265 pr.
1415 1235 1458 1254 m.
1500 1223 1649 1267 cingens

154 1279 204 1312 pr.
232 1268 356 1299 Morvt.
406 1279 560 1312 surgens
585 1276 650 1299 aut
678 1268 784 1300 Goth.
809 1281 878 1301 sec.
933 1271 1001 1313 (——
1029 1271 1105 1303 149.
1131 1268 1276 1302 Bothius
1313 1268 1457 1311 corrigit
1483 1270 1645 1312 sequium

155 1314 245 1357 quod
271 1320 363 1345 recte
387 1314 501 1346 reiicit
532 1314 625 1346 Ialm.
662 1315 756 1357 JVr.)

155 1372 246 1392 auro
271 1360 368 1392 Leid.
395 1366 430 1391 et
454 1362 541 1393 Ven.

161 1407 253 1449 lVr.)
352 1407 416 1440 152
442 1419 464 1439 α
489 1408 623 1440 vertice
647 1406 750 1440 Goth.
776 1414 853 1440 tert.

156 1539 236 1581 est,
266 1533 374 1584 quod
406 1533 487 1585 ipse
514 1534 609 1572 deus
639 1535 781 1574 choros
799 1550 872 1588 pa-

155 1596 230 1628 rat.
261 1593 480 1629 in.s·tam·cu·e
506 1606 593 1630 cum
619 1593 784 1643 dilectu3
817 1600 875 1631 est

157 1648 259 1684 enim
281 1649 610 1700 voc.'religiosum
642 1657 681 1687 et
708 1664 874 1688 sacrum.

158 1705 326 1742 Ducitur
357 1704 502 1744 chorus
530 1708 577 1744 ab
607 1708 673 1755 iis,
713 1708 779 1758 qui
812 1708 875 1745 vet

158 1776 266 1799 sacra
294 1770 448 1812 curant,
476 1764 538 1801 vel
560 1766 716 1815 frugum
736 1765 877 1816 primi-

158 1820 233 1857 tias
254 1820 391 1858 Delum
413 1827 644 1872 apportant:
672 1829 765 1859 sunt
777 1824 874 1860 Cre—

158 1883 308 1924 tenses,
347 1876 444 1929 (vid.
474 1879 615 1916 Meurs.
647 1880 760 1916 Creta
789 1894 875 1930 pag.

163 1936 254 1974 199.
278 1934 389 1986 lVr.)
410 1935 586 1987 Dryopes
607 1942 646 1973 et
666 1937 876 1988 Agathyrsi

161 2003 228 2028 seu
248 1991 514 2042 Hyperborei3
542 1994 756 2043 iifl-emunt
775 1996 877 2031 circa

162 2061 282 2094 aram,
318 2049 465 2086 saltant
492 2063 537 2086 ac
559 2057 734 2087 cantant.
777 2053 880 2101 Jn'elc'

163 2105 384 2155 Agstllzyrsi
400 2136 408 2148 ,
441 2112 486 2143 ut
502 2109 606 2156 picll
635 2109 788 2156 Geloni,
808 2110 876 2144 Ge.

163 2162 209 2209 ll,
244 2163 334 2209 114,
364 2163 427 2199 ubi
458 2163 504 2199 de
536 2164 779 2213 stigmatibus
811 2178 878 2200 ac—

166 2226 350 2268 ceperant
387 2222 495 2257 Serv.
527 2227 565 2256 et
598 2222 800 2258 Claudian.
837 2221 877 2257 in

165 2276 255 2312 Iius.
279 2276 304 2323 Ι,
337 2276 429 2316 314.
463 2276 524 2326 (ut
541 2278 656 2315 etiam
682 2279 802 2328 Asper
817 2291 878 2328 ap.

165 2332 254 2369 Mai.
280 2332 395 2385 lVr.)
457 2334 505 2370 At
527 2334 624 2370 Mela
645 2335 686 2383 ll,
711 2338 744 2374 1.
764 2338 800 2374 2.
825 2336 878 2374 86

164 2390 387 2439 slgalliyrsi
403 2405 470 2427 ora
484 2400 669 2442 artusque
676 2394 851 2442 pingam!
861 2406 876 2437 ;

166 2456 207 2483 ul
236 2449 378 2497 quique
415 2448 629 2485 maioribus·
652 2457 874 2498 prae-slata,

167 2505 222 2540 ila
252 2506 385 2553 magi-s·
412 2506 474 2541 vel
504 2508 635 2542 minas
653 2522 663 2542 .·
713 2515 879 2542 celerum

168 2562 305 2597 iris-dem
333 2576 462 2598 onmes
483 2565 584 2599 nolis
612 2570 646 2598 (Ἰ
667 2565 722 2599 sic
742 2571 783 2599 nl
805 2562 879 2598 al)-

168 2618 227 2653 lnc‘
248 2627 454 2668 nequeant.
518 2620 597 2656 Nec
627 2620 739 2657 aliter
763 2633 878 2669 quam

170 2675 328 2724 proprie
375 2676 500 2725 pictos
533 2690 580 2713 ex
617 2689 661 2714 eo
691 2677 778 2714 loco
818 2689 882 2713 eos

172 2730 348 2779 produnt
365 2734 484 2769 Solin.
501 2740 537 2770 et
554 2734 746 2771 Ammian.
778 2734 882 2772 cons.

170 2787 327 2824 Salmas.
350 2788 399 2825 ad
423 2790 542 2828 Solin.
577 2805 611 2841 p.
646 2793 737 2832 133.
799 2790 883 2827 Ad-

173 2843 329 2879 veniens
351 2845 445 2881 deus
475 2847 674 2884 descendit
703 2847 750 2884 de
775 2849 883 2897 (lyn—

175 2899 262 2945 tho,
295 2901 359 2949 qui
383 2903 524 2952 templo
547 2905 744 2952 imminet,
776 2904 883 2941 redi-

854 1316 919 1350 150
953 1317 1079 1348 emicat
1111 1328 1164 1358 pr.
1202 1316 1323 1347 Hamb.
1359 1326 1423 1358 pro
1460 1326 1529 1346 var.
1567 1314 1646 1346 lect.

637 1361 699 1394 151
726 1362 749 1392 ι’.
775 1373 865 1393 saxa
889 1363 1046 1395 Parrhas.
1075 1364 1237 1406 (montes,
1262 1374 1330 1394 non
1356 1362 1496 1402 montis,
1521 1360 1647 1393 Medic.

931 1536 1049 1574 initus
1085 1536 1218 1573 laurea
1251 1535 1376 1574 vittae
1412 1548 1553 1573 aureae
1586 1535 1649 1572 in-

932 1607 1054 1641 nexa,
1096 1600 1134 1630 et
1167 1593 1355 1644 pharetra
1395 1606 1443 1629 ex
1474 1591 1649 1630 humeris

933 1650 1139 1702 pendente.
1177 1650 1251 1687 Sed
1268 1651 1391 1687 maius
1404 1649 1649 1701 phantasma,

934 1708 1041 1758 quod
1081 1709 1159 1745 tela
1197 1715 1338 1744 sonant
1374 1721 1421 1743 ex
1464 1707 1649 1755 humeri&

936 1765 1008 1803 deo
1034 1765 1261 1814 incedente,
1295 1763 1427 1815 (Hom.
1449 1763 1490 1801 tl.
1519 1763 1649 1812 1‚46.:

934 1822 1122 1874 ἔκλαγξαν
1182 1818 1222 1861 δ’
1280 1817 1348 1872 ἄρ’
1400 1817 1528 1860 ὀϊστοὶ
1586 1816 1651 1860 ἐπ’

935 1877 1070 1930 ὤμων.
1117 1878 1232 1930 llsr.)
1285 1878 1471 1928 quodque
1503 1877 1651 1914 crinem

924 1939 1139 1988 fluenlem,
1171 1936 1349 1982 ell'usum,
1383 1935 1508 1985 qualis
1529 1935 1653 1985 Apol—-

935 1994 1023 2031 linis
1059 2000 1137 2040 est,
1198 1994 1280 2044 ipse
1316 1995 1460 2042 premit
1488 1992 1654 2041 fingens

938 2050 1079 2087 fronde
1117 2056 1156 2086 et
1186 2065 1282 2086 aare
1309 2051 1510 2098 implicat,
1548 2049 1652 2085 vitta

936 2120 1074 2154 aurea,
1126 2107 1359 2143 diademate.
1427 2106 1480 2141 De
1519 2105 1654 2142 ceteris

934 2179 972 2202 v.
999 2165 1159 2201 Excurs.
1183 2164 1213 2200 ll
1238 2163 1287 2200 ad
1309 2162 1381 2199 llos
1404 2175 1523 2199 vei-ss,

996 2220 1086 2261 149.
1113 2222 1204 2262 150.
1227 2220 1379 2270 Duplex
1399 2219 1520 2269 igitur
1542 2231 1652 2256 com-

936 2277 1150 2328 parationis
1179 2283 1418 2314 momentum
1454 2282 1493 2312 et
1521 2275 1653 2313 conci—

936 2335 1091 2371 tatioris
1112 2335 1283 2371 incessus
1302 2340 1335 2369 et
1357 2333 1654 2384 pulcritudinis:

937 2398 1016 2428 tam
1056 2392 1175 2428 alacri
1214 2404 1346 2441 ¹gressu
1389 2397 1426 2426 et
1460 2390 1540 2441 ipse
1572 2397 1653 2427 tam

936 2449 1072 2500 pulcer
1112 2449 1320 2485 incedebat
1365 2447 1524 2486 Aeneas.
1594 2445 1653 2499 (In

938 2506 1296 2556 comparationibus
1314 2519 1392 2542 non
1410 2512 1504 2542 sunt
1522 2517 1654 2542 omnes

936 2569 1070 2615 partes
1100 2563 1149 2600 ad
1182 2576 1263 2600 rem
1294 2569 1560 2613 comparatam
1590 2575 1655 2599 re—

941 2620 1142 2668 ferendae,
1173 2626 1217 2657 ut
1250 2620 1289 2658 li.
1315 2620 1339 2657 l.
1373 2620 1492 2657 verba
1523 2620 1654 2656 molli-

941 2692 1015 2729 que
1027 2678 1276 2715 -lmmerzls—.
1308 2677 1372 2713 Sic
1385 2676 1476 2714 Aen.
1490 2677 1518 2725 I,
1539 2677 1655 2718 500:

941 2736 1014 2771 effla
1037 2736 1266 2784 pltarelram
1292 2736 1380 2771 Is'ert
1400 2734 1587 2779 lmmero;
1619 2738 1653 2769 et

942 2797 1050 2829 totus
1079 2806 1134 2829 vs.
1167 2791 1264 2831 502.
1305 2791 1366 2839 IV,
1399 2789 1492 2831 443.
1522 2804 1598 2839 sq.:
1629 2792 1658 2825 it

942 2851 1081 2885 slrc'dor
1101 2848 1349 2897 —-sr071‹1²e.s·.
1405 2848 1493 2894 Vll,
1543 2847 1656 2886 466:

944 2907 1051 2942 volat
1083 2920 1206 2954 vapor
1230 2914 1312 2941 aler
1332 2904 1389 2940 acl
1406 2918 1540 2940 auras.
1584 2902 1653 2939 cfr.
