1779 3420
119 187 222 237 574
498 185 1095 235 EXCURSUS
1170 186 1251 238 V1

119 315 271 353 sonias.
335 314 575 354 Traduntur
596 315 646 353 de
666 315 855 354 Dardano
876 321 958 353 tam
981 315 1141 354 diversa
1156 345 1166 364 ,
1200 321 1247 354 ut
1261 345 1271 365 ,
1304 314 1345 353 in
1366 329 1447 366 quo
1479 315 1652 366 adquie-

120 372 312 411 scendum
347 373 421 423 sit,
462 387 545 412 non
571 373 684 411 sacile
710 374 902 412 invenias.
963 373 1251 426 Investigemus
1281 373 1500 426 paullisper
1532 373 1653 412 sabu-

119 431 181 469 lae
213 430 400 482 vestigia,
448 445 495 469 ac
531 432 807 470 diversitatem
860 431 911 469 ad
959 445 1115 469 caussas
1165 438 1206 470 et
1244 445 1389 484 genera
1431 437 1543 469 certa
1584 444 1653 470 re-

120 502 322 527 voceniuS.

236 557 437 597 Homerus
458 558 569 597 Iliad.
598 575 636 608 v,
673 558 756 601 215
789 558 1023 611 simpliciter
1054 561 1328 608 Dardanum,
1363 560 1474 597 lovis
1490 559 1651 607 filium,

122 617 389 656 Dardaniam
410 625 502 654 aule
527 617 653 654 Illam.
673 617 898 654 condidisse
916 616 1155 655 tradiderat.

241 687 445 723 Electram
483 691 653 723 matrem
696 685 888 723 addidere
926 685 1015 734 alii,
1056 686 1229 724 Atlantis
1257 685 1400 735 filiam,
1444 691 1490 723 ut
1524 685 1656 737 Lyco-

123 744 257 797 phron
279 741 334 797 (v.
358 745 469 786 1302
489 742 590 796 sqq.)
620 744 729 795 apud
761 742 894 781 Schol.
931 743 982 780 ad
1011 757 1043 781 e.
1077 744 1103 782 l.
1133 750 1172 780 et
1203 743 1388 794 Apollod.
1418 743 1484 791 III,
1521 746 1584 793 12,
1619 746 1656 784 1.

123 804 302 853 Uterque
323 814 405 838 rem
428 801 483 838 ita
500 801 691 852 exponit,
724 808 772 839 ut
803 801 1063 847 Dardanum,
1097 815 1188 839 cum
1216 802 1256 839 in
1290 800 1552 839 Samothrace
1587 801 1657 839 vi-

123 861 269 908 xisset,
303 860 342 896 in
363 859 558 896 obiectam
589 860 882 907 continentem,
916 859 1136 908 Troadem,
1169 859 1392 907 traiecisse,
1426 866 1465 897 et
1499 873 1520 896 a
1549 860 1657 898 Teu-

125 933 195 957 cro
227 917 424 968 hospitio,
476 917 660 967 filiaeque
698 917 836 955 Batiae
870 916 1055 970 (Arisben
1087 917 1330 970 Lycophron
1361 917 1535 969 appellat
1566 917 1591 956 l.
1624 931 1656 955 e.

126 990 216 1015 cum
239 975 342 1013 aliis:
368 988 404 1012 v.
425 974 560 1027 Steph.
584 976 679 1027 Byz.
701 974 740 1013 h.
762 977 819 1025 v.)
844 975 1107 1013 matrimonio
1138 982 1378 1028 exceptum,
1414 975 1657 1013 Dardaniam

125 1035 190 1073 vel
213 1033 443 1071 Dardanum
472 1032 540 1085 (de
559 1034 721 1071 nomine
742 1048 779 1072 v.
802 1034 966 1072 Munck.
989 1034 1040 1072 ad
1064 1034 1209 1086 Hygin.
1239 1034 1267 1072 f.
1297 1033 1397 1085 275)
1431 1033 1657 1072 condidisse

126 1093 251 1131 dicat:
283 1092 331 1131 cs.
359 1091 451 1128 Not.
475 1091 526 1129 ad
550 1091 733 1143 Apollod.
762 1092 828 1139 III,
855 1096 918 1140 12,
943 1096 977 1133 1.
1038 1092 1269 1130 Traiectum
1296 1092 1475 1141 ratibus,
1508 1093 1657 1147 σχεδίᾳ,

126 1152 300 1196 factum,
345 1163 603 1200 caussamque
635 1150 757 1188 modo
792 1151 929 1188 fratris
957 1151 1140 1200 Iasionis,
1172 1164 1265 1188 nam
1295 1150 1350 1188 sic
1373 1150 1438 1188 alii
1472 1150 1659 1187 scribunt

125 1223 200 1262 pro
242 1208 367 1255 Iasio,
408 1214 603 1256 mortem,
645 1208 766 1246 modo
806 1208 1006 1247 diluvium
1041 1215 1268 1247 memorant
1299 1222 1388 1246 cum
1419 1208 1540 1246 iidem
1570 1215 1658 1246 tum

127 1267 216 1316 alii3
247 1280 287 1304 v.
309 1267 448 1303 Conon
467 1267 627 1304 Narrat.
648 1270 715 1307 21.
748 1267 795 1305 cs.
816 1266 949 1305 Schol.
971 1266 1171 1319 Lycophr.
1197 1281 1236 1305 v.
1258 1270 1325 1309 73.
1386 1265 1574 1306 Eusthat.
1607 1265 1659 1303 ad

128 1325 239 1363 Iliad.
262 1341 300 1372 v,
324 1338 361 1376 p.
386 1325 508 1373 1204,
535 1325 656 1373 1252,
680 1325 748 1375 qui
770 1339 839 1363 sua
857 1339 907 1363 ex
926 1325 1003 1363 isto
1022 1326 1157 1377 petiit,
1179 1331 1218 1363 et
1238 1340 1275 1377 p.
1303 1326 1382 1367 351
1412 1338 1503 1363 cum
1525 1323 1658 1362 Schol.

129 1384 180 1421 ad
204 1400 244 1433 v,
267 1383 364 1431 215,
396 1382 564 1421 Nonnus
594 1383 756 1434 Dionys,
789 1383 855 1432 III,
892 1383 1153 1433 215—-219,
1187 1383 1236 1421 de
1266 1397 1345 1435 quo
1381 1383 1471 1421 loco
1501 1397 1540 1422 v.
1567 1382 1658 1420 Sal-

129 1456 225 1480 mas.
246 1440 296 1478 de
317 1441 359 1478 L.
381 1441 589 1479 Hellenist.
611 1442 650 1479 P.
669 1442 715 1489 II,
737 1456 769 1479 e.
793 1445 829 1491 1,
850 1455 888 1494 p.
910 1444 1006 1483 333.

246 1511 360 1559 Quae
392 1510 526 1548 adhuc
554 1511 866 1563 perstrinximus
891 1511 1014 1563 magis
1044 1525 1164 1563 quam
1196 1511 1479 1563 exposuimus,
1512 1510 1660 1548 Samo-

130 1570 315 1608 thracum
333 1569 656 1620 fuerefabzzlae5
688 1569 766 1607 hoc
783 1570 978 1620 intelliges
1009 1582 1059 1607 ex
1079 1569 1242 1608 Diodor.
1267 1570 1313 1619 V,
1336 1568 1404 1611 48.
1429 1568 1497 1618 49,
1529 1573 1567 1606 et
1591 1568 1657 1617 IV,

130 1629 199 1671 75.
217 1627 351 1667 Strab.
372 1627 454 1676 VII,
476 1642 514 1679 p.
534 1631 630 1669 331.
659 1628 820 1680 Dionys
846 1629 870 1677 I,
894 1630 961 1670 68.
983 1630 1050 1670 69.

249 1696 590 1747 Quandoquidem
618 1697 831 1735 Dardanus
854 1711 902 1735 ex
930 1697 1110 1746 Electra,
1143 1695 1319 1735 Atlantis
1343 1696 1382 1745 s.,
1411 1695 1491 1734 fuit
1524 1707 1661 1733 susce-

132 1762 250 1808 thS,
291 1755 404 1793 cuius
434 1755 585 1792 natales
623 1755 674 1793 ad
705 1756 919 1807 Cyllenen,
951 1754 1146 1794 Arcadiae
1175 1761 1372 1803 montem,
1410 1754 1660 1803 reseruntur,

133 1813 326 1863 cuiusque
354 1812 480 1850 omnis
504 1814 637 1851 sabula
658 1812 870 1852 Arcadiam
895 1820 1099 1864 tamquam
1119 1814 1251 1852 sedem
1280 1811 1422 1863 habet,
1456 1809 1511 1864 (v.
1533 1811 1660 1863 Apol-

133 1871 215 1910 lod.
236 1871 303 1921 III,
329 1870 421 1925 10);
452 1872 620 1917 accidit,
652 1878 700 1910 ut
732 1872 851 1910 etiam
874 1872 1053 1909 Dardani
1075 1873 1184 1923 origo
1211 1872 1263 1910 ad
1292 1870 1504 1909 Arcadiam
1531 1870 1661 1909 refer-

133 1935 260 1968 retur.
326 1930 476 1967 Graecc'
510 1938 546 1967 et
587 1931 720 1968 Varro
757 1931 1052 1968 Ilumanarum
1087 1931 1241 1967 Rerum
1271 1930 1522 1967 Dardanum
1539 1950 1596 1956 —
1613 1927 1662 1964 de

134 1988 339 2026 Arcadiae
361 1986 453 2024 urbe
478 1988 639 2025 Pheneo
660 1989 871 2026 oriundum
892 1989 1027 2026 (licanl
1043 2019 1052 2037 ,
1090 1988 1145 2026 ait
1174 1989 1286 2026 Serv.
1318 1987 1369 2024 ad
1395 1986 1459 2035 III,
1495 1989 1587 2034 167,
1622 1991 1662 2023 et

134 2047 353 2083 secundum
380 2046 560 2083 Arcades
577 2051 704 2084 totam
722 2046 902 2084 fabulam
924 2046 1092 2098 exponit
1117 2046 1373 2084 disertissime
1397 2045 1557 2096 Dionys,
1576 2043 1662 2082 Ha-

134 2103 197 2142 lic.
224 2104 252 2153 Ι,
274 2107 339 2145 61.
400 2102 496 2141 Fuit
517 2118 676 2156 quoque
694 2104 777 2143 eius
795 2105 989 2143 memoria
1007 2105 1048 2143 in
1069 2104 1183 2143 Elide
1211 2103 1432 2156 Triphylia.
1464 2117 1501 2142 v.
1526 2101 1658 2140 Strab.

134 2162 239 2211 VIII,
263 2176 300 2214 p.
321 2162 406 2204 532
424 2163 465 2200 C.

254 2232 312 2268 Ex
359 2231 529 2268 Arcadia
572 2230 751 2282 Pelasgos
788 2232 944 2270 Italiam
975 2232 1187 2270 incoluisse
1223 2238 1321 2270 nota
1363 2237 1423 2269 est
1458 2229 1662 2279 narrati03

137 2289 360 2327 translatus
379 2304 470 2328 cum
490 2289 630 2327 iisdem
648 2289 812 2341 mythus
839 2290 1043 2328 Arcadum
1069 2296 1108 2328 et
1145 2290 1255 2342 origo
1291 2289 1469 2327 Dardani
1500 2291 1543 2327 in
1571 2290 1662 2326 lla-

137 2349 253 2385 lc'am.
317 2347 434 2386 Nunc
461 2347 664 2400 Corythus
685 2348 825 2399 aliquis
861 2349 1088 2398 excitatur,
1127 2349 1238 2387 cuius
1268 2348 1477 2399 vestigium
1509 2346 1551 2384 111
1582 2345 1662 2384 Ar-

139 2405 251 2443 cadia
288 2419 368 2443 nou
398 2406 550 2457 reperi,
591 2405 665 2443 nisi
695 2406 736 2444 in
765 2407 1028 2458 Tegeatarum
1061 2407 1177 2444 demo
1215 2405 1526 2457 Corythensium
1553 2402 1662 2455 apud

139 2463 308 2501 Pausan.
327 2463 427 2512 VIII,
451 2463 518 2504 45.
580 2463 711 2514 Atque
732 2463 809 2502 hac
830 2466 870 2502 in
891 2479 982 2502 eum
1003 2464 1169 2502 modum
1192 2470 1389 2501 exornata
1407 2462 1543 2500 sabula
1567 2462 1661 2500 Vir-

139 2520 252 2572 gilius
286 2521 435 2571 egregie
471 2527 530 2558 est
562 2535 658 2559 usus
683 2521 733 2559 ad
769 2529 1049 2573 argumentum
1085 2536 1204 2559 suum
1239 2534 1418 2559 summae
1448 2519 1664 2559 vetustatis

141 2578 380 2616 auctoritate
401 2578 641 2617 ornandum.
691 2581 918 2618 Dardanus
938 2580 1086 2617 scilicet
1105 2586 1143 2616 et
1168 2581 1306 2616 Iasius
1327 2580 1452 2616 frater
1486 2593 1533 2614 ex
1562 2580 1659 2627 Tyr*

143 2637 284 2674 rhenica
300 2666 309 2683 ,
345 2641 383 2672 et
405 2636 566 2686 quidem
589 2636 774 2686 Commo,
807 2638 872 2675 vel
893 2637 1061 2689 Corythi
1083 2636 1189 2685 sede,
1219 2637 1393 2674 oriundi.
1453 2635 1664 2673 Dardanus

142 2694 302 2745 quidem
325 2693 639 2731 Samothraciam
662 2700 702 2731 et
722 2709 819 2732 mox
838 2694 1051 2747 Phrygiam
1072 2695 1190 2743 adiit,
1222 2695 1542 2744 Dardaniamque
1564 2707 1662 2731 con-

143 2752 257 2790 didit.
319 2752 522 2789 Hactenus
544 2752 730 2803 Virgilius
762 2753 825 2800 111,
860 2756 939 2794 167
974 2767 1057 2803 sqq.
1095 2753 1175 2802 VII,
1204 2755 1290 2794 207
1317 2766 1401 2803 sqq.
1435 2751 1535 2801 VIII,
1571 2750 1665 2794 134.

143 2810 350 2862 Copiosius
381 2810 555 2848 fabulam
598 2810 766 2861 exponit
799 2812 911 2849 Serv.
944 2810 996 2848 ad
1028 2824 1058 2848 e.
1094 2811 1118 2849 l.
1151 2816 1191 2848 et
1216 2811 1409 2862 Pompon.
1441 2810 1556 2858 Sab.,
1598 2807 1666 2860 qui

145 2868 366 2906 Diodorum
385 2867 607 2920 exscripsit.
667 2868 722 2905 De
745 2868 843 2906 Iasio
868 2882 907 2907 v.
934 2868 1143 2907 Muncker.
1172 2869 1224 2906 ad
1256 2868 1401 2920 Hygin.
1437 2869 1465 2908 s.
1496 2870 1594 2916 270,
1627 2871 1667 2903 et

144 2926 374 2965 Astronom.
393 2925 442 2976 ΙΙ,
461 2924 500 2966 4.
