1779 3420
70 208 204 255 1010
368 196 1294 250 EXCURSUSIII.IV

62 349 139 386 per
164 347 304 372 aza-as.
357 329 555 381 Equidem
596 328 706 367 antri
739 328 976 381 adspectum
1007 326 1141 364 animo
1177 338 1440 379 conceperam
1469 324 1600 363 hunc:

68 399 116 432 ut
138 393 273 444 plures
295 389 449 438 aditus,
482 402 551 427 seu
583 393 761 435 mealUS,
794 386 1066 433 subterranei,
1112 384 1163 422 ad
1198 384 1404 436 penetrale
1438 384 1602 435 aliquod

69 465 230 489 sacrum
257 450 299 487 in
333 448 479 485 intimo
506 459 668 485 recessu
698 445 916 493 ducerent,
959 445 1141 482 clausum
1167 443 1292 483 illud:
1348 457 1428 494 quo
1460 447 1602 495 aperto

70 510 245 561 Sibyllae
275 508 387 545 intus
424 503 683 544 vaticinantis
719 516 824 550 vox,
866 515 938 554 per
969 502 1074 540 fores
1105 507 1290 553 patentes
1321 502 1482 550 audita,
1529 513 1603 552 per

71 575 255 615 centum,
286 578 356 603 seu
378 576 449 616 per
471 575 608 600 omnes
627 566 796 611 meatus,
830 567 870 598 et
894 559 1015 609 ostia,
1044 560 1263 598 serebatur.
1322 560 1434 598 Haec
1452 572 1602 610 sequu-

70 633 136 665 tus
158 639 247 664 sum
265 624 317 661 ad
340 636 398 661 VS.
420 621 487 662 42.
509 623 576 663 43.

187 685 292 731 Iam,
325 682 356 718 si
379 679 589 717 Strabonis
610 678 746 715 locum
773 689 823 715 ex
847 675 1034 729 Ephoro,
1072 675 1141 713 lib.
1174 675 1221 718 V,
1254 689 1292 727 p.
1326 674 1411 718 244
1431 676 1472 724 C,
1500 690 1603 713 cen-

70 745 194 791 seras,
226 755 309 779 non
335 752 416 777 uno
442 737 531 775 loco
557 736 651 775 olim
678 734 724 776 τό
759 740 950 788 μαντεῖον
984 734 1105 772 fuisse
1126 734 1335 785 intelligas,
1398 735 1495 772 Erat
1518 735 1602 785 pri-

65 815 183 840 mum
204 813 283 837 non
313 798 428 846 longe
458 809 479 833 a
512 797 633 847 Styge
665 795 808 842 situm,
848 800 888 831 et
918 788 986 833 διά
1019 808 1143 832 τινων
1173 788 1417 845 ὀρυγμάτων
1438 816 1484 821 -
1511 789 1606 840 τούς

71 859 212 908 ξένους
242 858 298 904 εἰς
322 852 365 895 τὸ
389 858 580 905 μαντεῖον
608 852 798 905 δέχεσθαι
826 857 970 890 narrat
995 851 1245 899 sacerdotes,
1277 848 1383 891 πολῦ
1417 848 1500 891 uno*
1529 853 1606 904 γῆς

73 915 303 971 ἱδρυμένον,
362 912 459 950 Mox
484 926 505 949 a
526 925 616 963 rege
646 912 778 962 aliquo
808 911 1041 948 interfectos
1067 909 1314 957 sacerdotes,
1358 906 1404 950 vo*
1431 909 1474 950 δὲ
1499 925 1604 961 μαν-

70 981 178 1015 τεῖον
208 974 262 1014 ἔτι
289 970 460 1024 (Ephori
482 977 683 1022 tempore,
723 970 791 1020 qui
816 969 991 1020 Philippi
1019 968 1249 1006 Macedonis
1276 974 1457 1020 tempore
1484 967 1604 1019 vixit)

72 1032 291 1086 συμμένειν
324 1027 578 1081 μεθεστηκός
611 1028 667 1075 εἰς
701 1027 836 1081 ἕτερον
867 1024 1006 1067 τόπον.
1068 1027 1190 1065 Poeta
1224 1032 1361 1064 nostor
1391 1027 1527 1077 itaquo
1556 1026 1606 1063 ad

71 1091 276 1142 antiquius
303 1088 405 1126 illud
429 1088 636 1126 oraculum
656 1087 853 1138 respicere
875 1085 1095 1138 putandus.

188 1149 365 1187 Edoctus
385 1161 406 1183 a
432 1146 583 1198 Sibylla
603 1146 773 1193 Aeneas,
808 1158 931 1183 aureo
958 1158 1071 1182 ramo
1094 1157 1195 1193 opus
1226 1155 1330 1191 esse,
1363 1142 1392 1180 si
1420 1142 1505 1180 loca
1538 1142 1605 1179 in·-

69 1210 152 1248 sera
179 1206 333 1257 ingredi
355 1206 476 1254 velit,
508 1218 695 1243 reversus
721 1204 771 1241 ad
799 1204 928 1252 littus,
960 1209 1000 1240 et
1022 1202 1161 1240 Miseni
1187 1214 1356 1253 corpore
1377 1207 1605 1253 conspecto,

70 1274 118 1306 ut
140 1267 241 1304 illud
263 1270 460 1303 cremaret
487 1263 600 1315 lignis
623 1262 849 1311 convectis,
881 1262 1024 1300 silvam
1057 1274 1198 1299 versus
1226 1261 1432 1299 Avernum
1467 1272 1605 1311 perer—

69 1331 153 1374 rat,
184 1326 430 1373 inventoque
451 1337 565 1361 ramo
587 1327 882 1374 apportatoque
905 1320 958 1357 ad
981 1320 1194 1370 Sibyllam,
1227 1320 1293 1357 illa
1315 1318 1417 1356 duce
1439 1318 1490 1356 ad,
1511 1332 1607 1367 spe-

70 1386 236 1422 luncam
269 1382 448 1430 accedit,
485 1382 690 1418 ‹livet-sam
720 1395 747 1418 a
777 1382 911 1430 priore
942 1379 1042 1425 illa;
1083 1380 1229 1416 etenim
1259 1378 1364 1415 circa
1398 1377 1608 1416 Avernum

71 1443 204 1481 aditus
227 1441 279 1479 ad
308 1455 395 1479 eam
423 1454 460 1479 v.
492 1441 589 1481 238.
650 1439 695 1477 In
726 1438 847 1476 huius
880 1438 1092 1489 speluncae
1123 1438 1238 1475 aditu
1264 1450 1424 1474 sacrum
1455 1435 1609 1474 faciunt

70 1515 109 1541 v.
136 1500 221 1543 242
255 1514 352 1551 sqq„
386 1513 408 1536 a
438 1497 570 1535 media
611 1503 731 1535 nocte
758 1497 836 1535 iter
866 1509 938 1549 Der
971 1509 1058 1533 earn
1095 1496 1147 1534 ad
1182 1495 1334 1533 inferos
1376 1494 1607 1540 instituunt,

71 1559 167 1602 255.
190 1562 289 1601 262.
332 1559 537 1596 Postrema
562 1556 663 1594 haec
687 1555 738 1593 ad
758 1569 882 1594 unam
908 1555 1157 1606 eandemque
1179 1554 1410 1606 speluncam
1428 1558 1608 1605 spectare

70 1618 276 1663 videntur,
310 1630 411 1667 quae
430 1622 489 1653 est
514 1617 687 1652 Baiana
704 1645 713 1662 ,
747 1628 869 1665 quam
893 1627 1003 1651 nunc
1023 1614 1239 1665 appellant,
1260 1612 1449 1663 quoniam
1467 1624 1609 1649 versus

70 1676 184 1714 Baias
206 1682 374 1727 spectat.
413 1675 495 1712 Neo
519 1673 646 1725 probo
667 1673 847 1722 Paolum,
871 1673 938 1723 qui
961 1672 1196 1710 descensum
1217 1671 1380 1722 quidem
1398 1683 1469 1723 per
1489 1669 1607 1715 hanc,

72 1748 184 1772 sacra
207 1740 341 1771 autem
365 1733 417 1770 ad
444 1733 600 1770 tertiam
627 1731 882 1782 speluncam,
919 1731 1163 1777 Cumanam,
1199 1732 1306 1767 sacta
1326 1743 1407 1767 esse
1429 1727 1485 1781 (v.
1506 1726 1606 1779 237)

74 1792 299 1830 contendit.
360 1791 508 1828 Baiana
534 1789 599 1827 illa
622 1789 830 1839 superiore
855 1788 990 1826 adhuc,
1013 1790 1170 1827 saeculo
1203 1788 1333 1826 multo
1363 1786 1608 1838 profundius

72 1858 113 1889 et
136 1851 257 1888 latius
277 1850 355 1887 iter
381 1848 615 1900 praebuisse
643 1847 832 1896 videtur,
863 1847 893 1884 si
926 1846 1116 1884 Mazzella
1146 1846 1189 1899 (l.
1208 1860 1240 1885 c.
1273 1860 1305 1885 e.
1330 1844 1400 1898 15)
1430 1850 1471 1882 et
1494 1844 1608 1882 Mor-

72 1909 165 1948 mile
188 1907 375 1962 (Anlz‘cli.
404 1908 449 1944 cli
468 1906 676 1945 Pozzzcolo
696 1919 728 1944 c.
754 1904 823 1957 17)
844 1918 941 1944 vera
958 1911 1141 1944 narrant.

451 2193 1044 2254 EXCURSUS
1130 2192 1222 2249 IV

297 2308 382 2352 De
427 2309 656 2355 Aeneae
705 2326 942 2354 accessu
984 2309 1060 2352 acl
1112 2306 1375 2351 Italiam.

191 2426 354 2464 Aeneas
377 2441 425 2464 ex
452 2428 597 2466 Sicilia
614 2443 690 2479 per
713 2428 959 2480 Tyrrhenum
991 2441 1102 2465 mare
1116 2425 1324 2478 prosectu-9
1338 2454 1348 2473 ,
1384 2422 1514 2474 primo
1555 2421 1614 2459 acl

78 2484 251 2521 Italiam
272 2486 452 2535 appulsa
472 2493 636 2538 portum
657 2487 895 2525 Palinurum
916 2485 1063 2534 subiit,
1098 2487 1169 2537 (flii
1196 2498 1218 2521 a
1247 2482 1424 2534 quodam
1455 2480 1611 2518 Aeneae

77 2541 346 2592 gubernatore
378 2543 436 2581 ihi
457 2545 646 2596 clcfcmelo
668 2560 812 2583 nomen
839 2546 1043 2595 accepisse
1054 2543 1203 2594 serlur.
1268 2541 1377 2579 Haec
1398 2537 1610 2589 Dionysius

79 2612 129 2637 ex
147 2601 351 2638 communi
371 2603 617 2653 scriptorum
640 2603 874 2642 narratione
894 2601 1025 2640 tradit
1043 2602 1110 2640 lib.
1131 2601 1159 2650 l,
1193 2600 1259 2641 53.
1320 2597 1506 2649 Virgilius
1539 2608 1611 2632 nec

78 2656 184 2695 hanc
211 2658 341 2695 faniae
383 2661 530 2697 veteris
572 2661 695 2699 fidem
732 2661 1022 2713 praetermisit,
1073 2672 1122 2697 ne
1162 2664 1297 2695 tamen
1337 2652 1610 2706 frequentiore

81 2716 272 2767 appulsus
303 2720 685 2757 commemoratione
708 2720 900 2757 molestus
928 2724 1031 2756 esset
1060 2716 1222 2764 lectori,
1255 2715 1426 2752 alterum
1459 2712 1509 2750 ad
1529 2712 1610 2749 Cu—

80 2788 165 2812 mas
182 2788 384 2812 accessum
403 2776 554 2827 attigit,
587 2777 821 2814 Palinurum
843 2790 941 2815 vero
961 2775 1056 2813 navi
1082 2787 1295 2812 excussum
1319 2772 1371 2810 ad
1392 2772 1506 2809 littus
1528 2770 1611 2807 Lu-

81 2833 218 2870 caniae
240 2839 440 2884 enatasse,
473 2833 544 2872 sed
563 2848 585 2871 a
606 2835 789 2872 barbaris
821 2834 995 2872 occisum
1017 2832 1175 2884 piaculo
1198 2832 1388 2869 finitimos
1421 2829 1612 2880 obligasse

83 2897 235 2929 narrat.
297 2893 397 2930 Mox
426 2907 516 2930 vero
540 2893 725 2930 Lucanis
751 2893 986 2943 pestilentia
1016 2890 1292 2929 laborauit-fluis·
1322 2888 1464 2942 (verba
1485 2886 1612 2925 Servii

83 2955 178 2987 sunt
208 2950 260 2988 ad
296 2950 371 3001 VI,
422 2952 524 3004 378)
569 2952 774 3002 respondit
811 2950 1072 2999 oraculum„
1108 2950 1256 2987 Manes
1296 2948 1490 2985 Palinuri
1533 2959 1614 2982 esse
