1779 3420
134 219 233 266 688
459 209 917 261 P.V1RG1L11
952 205 1326 256 MARONIS

137 343 338 388 Tantos
361 336 445 385 illa
457 352 553 385 suo
578 334 863 399 rumpebat
881 342 1101 399 pectore
1127 339 1361 397 questus.

205 411 409 457 Aeneas
431 405 565 454 celsa
590 405 643 452 in
668 404 857 469 puppi,
896 404 1000 451 iam
1022 410 1194 450 certus
1217 399 1395 461 eundi,

139 476 402 542 Carpehat
424 490 669 534 somnos,
708 473 867 521 rebus
888 472 991 519 iam
1012 472 1111 519 rite
1137 470 1338 535 paratis

138 547 271 596 Huic
302 562 355 594 se
379 542 551 592 forma
574 542 659 591 dei
680 541 826 590 voltu
844 540 1115 589 redeuntis
1140 538 1338 587 eodem

142 614 348 666 Obtulit
372 614 423 661 in
449 611 673 671 somnis,
711 625 999 674 rursusque
1021 609 1088 656 ita
1108 608 1213 655 visa
1232 621 1458 655 monere
1483 613 1573 663 est,

143 684 337 735 Omnia
371 680 636 731 Mercurio
673 678 874 737 similis,
921 693 1249 741 vocemque,
1289 675 1653 738 coloremque,

140 758 206 805 Et
229 752 382 801 crinis
401 749 586 810 flavos,
627 756 679 796 et
699 747 941 796 membra
971 745 1164 794 decora
1192 745 1430 793 iuventa:

141 828 273 873 Nate
297 820 418 880 dea,
456 827 609 884 potes
631 816 736 865 hoc
755 816 853 865 sub
880 832 999 864 casu
1024 814 1219 863 ducere
1242 818 1496 862 somnos?
1554 814 1655 862 560

213 905 326 953 559.
366 912 627 947 IUVENTAE

1554 469 1654 519 555

146 1004 361 1050 terpretandi
379 1010 472 1037 artes
496 1003 720 1047 defugiamus.
770 1003 845 1035 Nec
868 1001 1006 1034 videtur
1027 1001 1112 1034 mihi
1138 1006 1269 1034 tantum
1293 1011 1395 1032 ausus
1427 1009 1502 1030 esse
1534 994 1658 1039 Virgi-

144 1054 230 1093 lius,
256 1053 348 1084 cinis
376 1052 564 1094 Sychaeus
592 1051 756 1093 iungens,
792 1055 955 1092 quantum
990 1048 1139 1081 Iuvenal.
1170 1049 1228 1084 1V,
1256 1048 1312 1081 99.
1352 1046 1429 1078 ursi
1458 1044 1658 1081 Numidae3

147 1100 245 1132 Ovid.
267 1102 305 1132 A.
327 1101 367 1131 A.
390 1099 430 1137 H,
463 1097 538 1131 133.
573 1097 754 1129 Nmm'das
778 1096 920 1135 leones,
966 1095 1025 1127 ubi
1057 1095 1125 1127 vid.
1154 1092 1271 1126 Heius.
1307 1092 1453 1136 Oppiau.
1478 1091 1608 1134 Cyneg.
1633 1089 1659 1129 I,

148 1149 215 1181 170
241 1157 316 1189 sqq.
365 1144 524 1176 Ceterum
543 1145 726 1188 promissa
737 1143 840 1186 sides
862 1141 988 1185 legitur
1010 1141 1112 1174 etiam
1136 1142 1194 1181 Vl,
1225 1138 1305 1174 346.
1346 1139 1441 1178 lls'r.)
1495 1138 1543 1169 De
1569 1134 1659 1169 scri-

147 1200 249 1237 ptura
274 1191 438 1234 Sychaeo
467 1202 498 1222 v.
528 1202 604 1234 sup.
631 1189 674 1222 ad
705 1191 731 1229 1,
758 1189 838 1223 343.
933 1189 1001 1223 553
1030 1186 1216 1233 fundebat
1250 1198 1302 1230 pr.
1342 1185 1465 1217 Hamb.
1492 1195 1556 1228 pro
1588 1194 1659 1215 var.

148 1240 249 1274 lect..
274 1245 308 1271 at
335 1243 431 1269 reete
452 1235 640 1282 rumpebat
662 1242 699 1267 ut
719 1247 794 1278 sup.
825 1236 865 1275 11,
889 1236 965 1274 129,
993 1235 1026 1268 h.
1050 1247 1079 1267 e.
1109 1234 1312 1270 emittebat;
1346 1230 1489 1275 proprie
1521 1242 1597 1262 cnm
1627 1228 1660 1261 vi

150 1293 185 1319 et
209 1286 354 1328 impetu.
403 1284 487 1315 Post
505 1284 595 1315 hunc
615 1294 749 1314 versum
774 1282 808 1313 in
832 1282 973 1314 Vratisl.
996 1281 1200 1324 legebatur:
1231 1280 1427 1323 Tlmraque
1446 1288 1660 1322 magnorum

150 1333 259 1378 longe
287 1331 351 1363 ‘lac
377 1330 480 1362 iussa
508 1330 667 1362 deorum.
718 1330 813 1361 Huic·
845 1341 884 1360 se
907 1327 1033 1374 forma
1061 1328 1133 1360 viri
1158 1340 1190 1359 v.
1241 1326 1336 1358 Idem
1365 1336 1482 1357 versus
1510 1320 1660 1355 insertus

151 1387 202 1412 est
223 1377 331 1411 Goth.
352 1388 440 1417 sea,
468 1376 530 1408 sed
549 1382 631 1420 post
652 1388 683 1408 v.
703 1377 771 1410 557
797 1387 999 1419 rursusque
1017 1375 1070 1407 ita
1098 1375 1179 1406 visa
1205 1385 1349 1405 monere
1376 1380 1449 1404 est:
1487 1374 1661 1414 Duraque

151 1439 195 1458 m.
288 1422 358 1458 554
382 1427 526 1455 Aeneas
545 1425 615 1455 ι’(ιηι
633 1435 661 1454 c.
679 1424 714 1455 in
731 1435 768 1467 p.
791 1434 819 1454 c.
839 1434 868 1454 e.
889 1421 996 1454 wall.
1089 1421 1159 1455 555
1178 1421 1274 1452 Hinc
1287 1420 1375 1451 Ven.
1472 1418 1539 1452 557
1559 1417 1661 1449 iussa

151 1485 195 1505 m.
219 1472 340 1504 Fraus.
366 1482 406 1502 ex
422 1480 518 1501 more
538 1469 771 1501 librariorum.
822 1477 875 1500 est
895 1468 995 1500 deest
1016 1467 1104 1499 binis
1127 1468 1237 1498 Burm.
1261 1472 1296 1497 et
1315 1464 1423 1497 Goth.
1452 1470 1535 1496 tert.
1569 1476 1588 1495 a
1617 1474 1661 1494 m.

152 1531 205 1565 pr.
256 1520 300 1550 ’st
331 1516 442 1557 Gud.,
475 1523 511 1547 ut
541 1516 656 1547 solent
683 1514 874 1547 veteriores
905 1515 1006 1547 codd.
1102 1515 1171 1548 558
1205 1513 1382 1546 Mercurii
1411 1518 1491 1543 tert.
1520 1508 1662 1542 Mentel.

154 1580 172 1599 a
191 1578 235 1598 m.
255 1576 306 1609 pr.
357 1575 426 1608 que
448 1569 526 1606 post
547 1563 702 1595 colorem
721 1562 821 1594 abest
847 1574 866 1593 a
888 1561 997 1593 tribus
1019 1562 1130 1593 Burm.
1227 1561 1295 1594 559
1328 1560 1482 1591 iuventa
1505 1554 1662 1588 nonnulli

154 1610 325 1650 Pieriam,
353 1609 479 1642 Medic.
502 1620 577 1641 cum
601 1609 734 1640 duobus
757 1608 833 1640 aliis
854 1608 973 1640 Heins.
1022 1608 1120 1640 Adde
1139 1607 1260 1650 fragm.
1280 1604 1394 1638 vatic.
1444 1608 1532 1636 Sane
1553 1615 1662 1635 mem-

156 1658 221 1691 bra
260 1658 391 1689 decora
428 1657 580 1688 iuventa
614 1654 883 1687 communiorem
925 1655 1072 1687 formam
1122 1653 1264 1685 liabent.
1324 1653 1559 1695 (Receperunt
1596 1649 1663 1682 hoc

155 1703 365 1739 Wakefield.
383 1708 418 1734 et
439 1702 596 1740 lahnius;
624 1701 741 1744 putavi
771 1708 805 1733 et
834 1701 928 1745 ipse,
964 1699 1273 1744 obtemperandum
1298 1709 1373 1731 esse
1400 1697 1536 1729 duobus
1563 1695 1663 1728 libris

156 1752 261 1794 longe
284 1748 542 1793 antiquissimis.
592 1749 635 1780 Et
664 1749 797 1788 fateor,
831 1746 986 1779 membta
1010 1749 1181 1779 iuventae
1208 1746 1260 1777 vix
1285 1751 1380 1777 recte
1413 1743 1502 1782 dici3
1541 1755 1663 1787 quam-
1731 1778 1734 1781 v

158 1810 277 1842 quam,
303 1808 405 1840 quum
427 1795 599 1828 adiectum
619 1794 663 1827 sit
684 1794 838 1836 decora,
862 1794 947 1826 ferri
968 1800 1081 1825 tamen
1104 1793 1170 1824 hoc
1192 1799 1227 1824 et
1245 1790 1385 1824 defendi
1408 1796 1538 1834 potest.
1569 1789 1662 1832 er.)

157 1846 228 1880 560
248 1845 347 1889 potis
365 1850 420 1874 est
439 1841 505 1874 sub
524 1854 552 1874 c.
573 1841 715 1874 Oudart.
766 1853 853 1873 casu
870 1839 935 1873 sub
956 1840 1044 1872 alter
1064 1839 1188 1872 Hamb.

161 1939 251 1977 dem
287 1944 361 1975 etc.
420 1939 543 1974 cineri
577 1935 755 1986 §Li‘clzaeo
784 1934 824 1973 h.
851 1947 883 1972 e.

160 1996 382 2048 Sychaeio3
420 2000 468 2032 ut
512 1994 717 2032 Dardana
753 2006 882 2029 arma.

160 2054 241 2093 vid.
260 2054 349 2091 Var.
370 2053 475 2089 Lect.

218 2110 300 2153 554
336 2124 418 2160 sqq.
468 2108 556 2145 Non
596 2114 679 2145 tam
722 2106 886 2144 Homeri

164 2169 407 2213 imitatione,
443 2165 551 2216 apud
572 2178 710 2215 quem,
742 2163 884 2215 rhaps—

164 2227 334 2264 odorum
391 2225 493 2261 forte
545 2223 678 2260 studio
699 2251 708 2269 ,
766 2221 824 2258 bis
865 2235 887 2257 a

165 2285 256 2321 love
278 2282 497 2319 Mercurius
519 2281 705 2317 mandata
732 2279 888 2330 accipit,

165 2347 212 2378 ut
253 2340 419 2390 Calypso
470 2338 643 2387 Ulyssem
691 2337 888 2374 dimittere

167 2398 393 2443 iuberetur;
425 2408 553 2432 necea
573 2395 620 2432 de
653 2408 810 2441 caussa,
843 2400 890 2431 ut

168 2455 340 2491 invitum
362 2452 560 2490 discedere
579 2453 747 2488 Aeneam
770 2452 890 2500 signi—

170 2512 324 2557 ticaret,
349 2510 480 2546 denuo
502 2509 685 2546 Mercurii
706 2510 891 2545 nuntium

169 2569 371 2607 induxisse
402 2566 560 2603 videtur
599 2573 731 2616 poeta,
773 2579 893 2614 quam

170 2632 215 2663 ut
234 2638 282 2662 ex
307 2624 490 2674 propiore
513 2622 586 2658 liac
602 2637 737 2659 caussa
757 2629 795 2658 et
817 2636 892 2658 ιιυ-

172 2697 220 2721 va
243 2681 315 2719 liae
339 2679 515 2717 Numinis
545 2680 780 2725 monitione,
812 2679 892 2729 ipsc

173 2741 363 2778 discessus
379 2738 547 2786 aliquam
563 2736 791 2784 dignitatem
806 2749 894 2771 nio-

173 2803 430 2844 mcntumque
474 2807 518 2828 ae
559 2793 830 2829 diversitatem
873 2807 893 2828 a

173 2854 324 2903 vulgari
346 2863 503 2902 quoque
524 2850 695 2887 discessu
721 2849 895 2887 liaberet.

177 2911 356 2963 Vulgaris
377 2907 555 2948 narratio
578 2908 633 2945 ita
651 2907 896 2945 instituenda

943 1935 1109 1973 suisset:
1157 1934 1206 1971 Et
1240 1934 1316 1971 iam
1352 1931 1503 1969 Aeneae
1536 1929 1666 1969 classis

944 1993 1037 2030 satis
1070 1997 1154 2029 erat
1191 1991 1386 2028 instructa
1409 2019 1418 2037 ,
1471 1994 1515 2025 ut
1546 1994 1666 2026 vento

944 2049 1118 2087 secundo
1150 2049 1222 2085 sub
1250 2054 1408 2085 noctem
1435 2052 1574 2083 exorto
1603 2045 1667 2082 illa

944 2109 1079 2145 littore
1097 2106 1277 2144 solveret.
1339 2105 1391 2142 At
1411 2117 1528 2154 quam
1550 2110 1667 2141 tenue

945 2165 1042 2202 hoc!
1103 2164 1171 2201 Sin
1192 2177 1285 2201 vero
1308 2169 1436 2200 metus
1458 2176 1479 2198 a
1497 2159 1669 2198 Cartha-

945 2222 1179 2274 giniensium
1201 2222 1364 2259 incursu
1398 2225 1484 2256 erat
1516 2231 1669 2256 memo-

946 2280 1117 2328 randus,
1149 2278 1334 2317 Mercurii
1360 2277 1514 2314 monitu
1544 2275 1670 2312 multo

947 2339 1068 2387 magis
1090 2349 1152 2374 res
1172 2337 1309 2387 egebat
1333 2334 1440 2387 apud
1461 2339 1630 2385 poetam.

1005 2395 1256 2436 5:36-559.
1298 2394 1540 2442 Comparant
1565 2389 1671 2427 Iliad.

950 2453 987 2503 β,
1007 2455 1060 2492 20
1083 2465 1164 2500 sqq.
1187 2453 1240 2492 57
1263 2465 1317 2499 sq.
1351 2451 1492 2500 Odys&
1516 2449 1553 2498 β,
1577 2449 1671 2486 268.

950 2509 1060 2545 lliad.
1082 2518 1127 2557 ψ,
1152 2511 1204 2547 69
1228 2521 1306 2557 sq.,
1337 2507 1405 2543 scd
1432 2505 1558 2555 primo
1587 2504 1672 2540 loco

950 2572 1036 2602 erat
1067 2563 1456 2601 commemoramluin
1477 2561 1619 2610 Odyss.
1637 2577 1674 2608 κ,

951 2626 1031 2663 277
1063 2634 1140 2670 seq.
1201 2621 1262 2657 Ad
1301 2623 1383 2662 558
1425 2620 1474 2656 cs.
1505 2619 1573 2655 ins.
1604 2618 1673 2665 lx,

954 2679 1046 2720 650.
1089 2679 1256 2714 colorem.
1293 2678 1399 2724 oris,
1448 2675 1573 2725 qualis
1615 2681 1674 2712 est

954 2736 1113 2787 pulcrae
1144 2736 1327 2772 iuventae
1365 2748 1412 2771 ex
1457 2734 1675 2784 palaestrae

955 2794 1034 2830 sole
1067 2800 1105 2829 et
1138 2793 1310 2843 pulvere.
1377 2791 1620 2828 Mercurium
1655 2802 1675 2826 e

958 2850 1204 2902 pulcerrimis
1239 2850 1312 2886 diis
1344 2862 1444 2897 esse,
1479 2853 1571 2885 nota
1601 2860 1675 2895 res,

957 2908 1137 2959 inprimis
1159 2921 1208 2945 ex
1230 2907 1414 2958 operibus
1437 2911 1627 2945 veterum.

1760 213 1768 323 l

1762 435 1764 448 .
