1827 3436
415 192 829 243 AENEIDOS
868 195 1008 244 ΜΒ.
1047 197 1085 258 l,
1124 202 1418 252 661—668
1573 210 1665 257 193

154 326 311 381 Nate,
347 319 508 386 patris
535 321 732 368 summi
755 321 845 386 qui
868 320 971 368 tela
995 321 1235 387 Typhoia
1261 326 1466 387 temnis,

153 391 237 442 Ad
257 399 310 439 te
346 386 616 452 confugio,
658 398 710 438 et
731 390 951 456 supplex
972 398 1059 439 tua
1083 394 1302 442 numina
1333 411 1511 460 posco.

152 464 336 510 Frater
355 467 415 507 ut
436 462 643 508 Aeneas
664 459 856 525 pelago
881 469 1002 509 tuus
1028 463 1207 511 omnia
1231 464 1428 512 circum

152 530 330 580 Litora
353 528 589 591 iactetur,
629 529 766 578 odiis
791 531 1013 579 Iunonis
1038 530 1266 598 iniquae,

1568 336 1665 381 665

249 682 318 716 665
353 683 406 725 Ty
435 681 529 714 hoea
554 693 694 724 omnes,
731 681 808 727 ipse
828 684 956 716 Medic.
985 696 1013 716 c.
1037 684 1161 726 fragm.
1189 685 1301 719 Vatic.
1355 682 1557 729 Τυφωεὺς,
1597 685 1668 718 Τυ-

151 725 314 770 φιόειος,
343 736 381 760 ut
411 725 604 771 Αχιλλεῦς,
640 726 848 773 Ἀχίλλειος,
883 727 1067 774 Ὀρφεὺς,
1095 728 1289 775 ”Ορφειος.
1338 733 1469 765 Dubito
1495 731 1666 775 equidem,

151 787 194 808 an
217 775 286 808 hoc
306 788 325 807 e
357 787 398 807 ex
427 785 459 808 ει
489 782 609 808 natum
639 789 657 809 a
686 784 793 821 poeta
827 778 1050 822 corripiatur.
1085 779 1129 811 cf.
1157 791 1231 823 sup.
1253 780 1298 812 ad
1318 793 1349 813 v.
1371 782 1450 816 201.
1495 778 1571 822 (ubi
1599 778 1666 810 vid.

152 822 275 863 etiam,
302 834 390 866 quae
416 834 480 865 ego
501 822 633 856 notavi.
666 823 760 867 lVr.)
810 825 911 869 Apud
940 828 1035 858 Serv.
1059 825 1177 865 multi,
1209 827 1395 873 Typhoia3
1430 826 1498 859 hoc
1526 832 1579 857 est
1604 836 1668 857 ve·-

150 869 243 902 rius:
267 876 304 901 ut
323 869 463 902 ductum
485 869 528 902 sit
546 882 564 902 a
593 871 761 916 7]yplzos‚
791 869 951 914 Τυφώς,
976 871 1068 904 unde
1095 869 1293 915 Τυφώϊος,
1319 874 1436 919 itaque
1456 885 1531 906 cum
1557 874 1667 904 Brun—

150 916 228 949 ckio
247 916 379 960 recepi.
429 917 465 948 In
486 917 680 949 Franciano
703 925 776 950 erat
801 919 951 963 Zyplzea
971 925 1005 951 et
1025 930 1198 964 superscr.
1221 932 1279 960 οη,
1310 922 1527 966 Typhonem
1555 919 1667 951 debe—

149 964 209 996 bat
230 963 354 996 saltem
378 964 581 1009 Typlzonia,
609 972 645 997 ut
667 972 720 997 est
739 965 773 997 iu
795 966 901 998 Goth.
922 978 993 999 sec.
1043 967 1146 1010 Apud
1167 966 1344 1000 Claudian.
1366 968 1409 1000 de
1432 968 1473 1000 R.
1494 967 1591 999 Pros.
1609 967 1667 1006 ΙΙΙ,

151 1011 219 1046 183
246 1011 414 1056 Typhoia
435 1018 532 1043 reete
553 1023 756 1055 expressum
773 1012 809 1044 in
828 1013 960 1054 Heius„
993 1013 1083 1045 male
1107 1014 1295 1058 Typlzoeza
1312 1014 1347 1047 111
1371 1014 1468 1054 aliis,
1502 1014 1667 1046 adversus

149 1065 312 1090 metrum:
353 1054 567 1100 Τυφωήϊος.
664 1059 733 1093 666
759 1067 796 1091 et
826 1060 925 1092 deest
948 1060 982 1092 in
1013 1059 1115 1093 binis.
1165 1068 1231 1092 tua
1260 1073 1413 1094 munera
1439 1060 1508 1092 duo
1529 1059 1589 1092 alii
1610 1071 1666 1103 ap.

150 1106 263 1137 Burm.
314 1104 454 1136 lumina
472 1105 580 1137 Goth.
602 1111 686 1138 tert.
716 1106 830 1139 omnia
859 1107 967 1139 solito
992 1118 1122 1139 errore.
1219 1109 1287 1144 668
1311 1109 1557 1152 iactetur-que,
1590 1119 1667 1139 ma-

148 1151 241 1184 xima
269 1151 372 1184 codd.
399 1164 480 1195 pars
509 1152 602 1195 apud
631 1152 799 1193 Pierium,
835 1154 954 1186 Heius.
985 1160 1021 1186 et
1051 1155 1178 1195 Burni„
1212 1161 1315 1198 atque
1333 1154 1421 1187 adeo
1451 1154 1520 1197 ipsi
1539 1153 1666 1186 Medic.

148 1199 249 1232 Rom.
271 1205 306 1230 et
323 1198 448 1242 fragm.
470 1200 594 1238 Vane,
620 1200 654 1231 111
674 1211 740 1243 quo
763 1206 879 1232 tamen
908 1202 1000 1233 forte
1026 1213 1045 1233 a
1065 1213 1107 1233 m.
1131 1213 1201 1233 sec.
1246 1202 1382 1246 (nempe
1400 1201 1436 1233 in
1455 1212 1496 1233 eo
1518 1213 1586 1245 que
1604 1212 1667 1232 su-

149 1245 383 1291 perscriptum
404 1251 468 1277 est.
500 1246 595 1289 Il'r.)
646 1246 757 1278 Etiam
787 1247 835 1279 sic
863 1248 973 1280 Servii
995 1247 1141 1280 Codices
1164 1247 1390 1280 exhibebant.
1436 1249 1667 1292 laeteturque

149 1293 246 1326 dolis
265 1294 368 1324 Voss.
395 1304 448 1336 pr.
497 1293 729 1337 iactatusque
745 1294 851 1326 Goth.
875 1306 942 1327 sec.
967 1294 1081 1326 omnia
1108 1307 1126 1327 a
1153 1307 1258 1339 prava
1279 1306 1400 1333 manu,
1427 1306 1514 1338 quae
1537 1305 1665 1326 caven—-

149 1340 229 1372 duni
252 1351 328 1371 esse
348 1339 512 1382 putabat,
547 1351 590 1371 ne
609 1339 729 1372 ultima
748 1340 783 1372 in
802 1342 962 1375 iactetur
988 1342 1177 1374 laboraret.
1204 1343 1446 1386 (iacteturque
1463 1341 1565 1373 etiam
1585 1340 1663 1373 Alb.

150 1394 184 1419 et
198 1386 294 1431 Lips.
316 1393 407 1429 utq.3
443 1387 602 1418 iactetur
621 1387 729 1420 Paris.
757 1388 789 1421 4.
817 1390 869 1422 10.
893 1395 928 1420 et
954 1388 1061 1421 Palat.
1111 1387 1245 1421 Vitium
1267 1387 1409 1432 aliquod
1429 1387 1543 1420 adhuc
1572 1387 1664 1420 resi-

148 1434 233 1465 dere
263 1433 299 1465 iu
327 1433 382 1465 his
412 1432 527 1465 verbis
556 1433 712 1474 videtur3
748 1434 817 1467 vid.
848 1436 889 1476 Q.
918 1437 962 1468 V.
988 1436 1073 1474 XII,
1101 1436 1156 1470 13.
1187 1436 1281 1477 lVr.)

147 1480 308 1524 Longob.
328 1479 434 1512 Pierii
451 1487 484 1512 et
505 1480 627 1524 fragm.
648 1480 762 1514 Vatic.
787 1494 805 1514 a
826 1494 868 1514 m.
887 1494 938 1526 pr.

148 1534 221 1561 tata
238 1527 300 1560 lib.
319 1527 382 1569 XI,
408 1527 488 1562 587.

147 1646 352 1697 ingenium
384 1648 538 1699 respici.
616 1648 745 1685 Locus
779 1647 876 1685 Aen.

148 1705 213 1753 lv,
237 1707 306 1753 96,
324 1707 379 1746 97
399 1705 515 1743 aliter
532 1718 572 1742 se
593 1705 728 1743 habet.
756 1706 878 1743 Recte

147 1763 283 1813 itaque
315 1762 496 1814 iungitur
525 1764 648 1815 ipsius
674 1763 773 1801 adeo
800 1777 877 1814 po—

147 1820 233 1873 puli
261 1820 477 1872 ingenium,
516 1823 729 1873 'lj‘rz'osqzce
756 1821 873 1858 bilin-

144 1893 247 1931 gues
268 1879 410 1917 eodem
430 1893 559 1927 sensu,
587 1878 628 1918 11.
653 1893 684 1918 e.
709 1879 878 1917 fallaces.

147 1951 230 1975 non
268 1937 372 1975 enim
403 1937 513 1975 cadit
545 1938 587 1975 in
619 1943 799 1989 poetam,
832 1944 879 1975 ut

147 1996 323 2034 mixtum
355 1996 604 2034 advenarum
631 1995 879 2033 Phoenicum

148 2059 189 2091 et
207 2054 398 2092 Afrorum
420 2054 699 2106 indigenarum
728 2053 879 2105 signifi-

150 2118 225 2152 cet.
294 2113 383 2149 Urit
408 2111 551 2150 infesta
571 2114 689 2160 luno,
726 2112 877 2162 cogita—

147 2170 206 2208 tio
235 2169 284 2207 de
315 2170 478 2208 Iunonis
506 2170 548 2207 in
576 2170 747 2207 Aenean]
780 2169 878 2207 odiis

149 2235 188 2267 et
210 2228 381 2266 consiliis
404 2241 490 2266 eam
510 2228 676 2266 cruciat.
714 2227 785 2265 sub
803 2242 878 2265 no-

147 2295 272 2323 ctem.-
306 2292 516 2324 narratum
547 2286 596 2324 de
631 2286 704 2324 dea
733 2299 878 2323 secun-

148 2344 245 2382 dum
263 2343 488 2382 humanum
510 2357 676 2394 morem,
697 2358 777 2395 quo
800 2357 877 2381 no-

147 2408 210 2440 cte
258 2403 469 2455 ingruente
515 2416 635 2441 curae
682 2402 877 2440 recrude-

146 2467 277 2499 scunt.
338 2461 501 2513 Vesperi
536 2460 634 2499 haec
667 2466 876 2512 geruntur.

146 2532 187 2559 v.
214 2518 286 2559 inf.
320 2522 417 2562 726.
459 2518 558 2572 (vid.
589 2519 636 2558 V.
667 2519 709 2558 L.
741 2518 792 2556 ad
818 2532 875 2556 vs,

148 2579 242 2618 660.
269 2576 385 2630 JVr.)

204 2637 461 2677 664-666,
497 2637 622 2672 sileae
649 2636 762 2683 vires,
786 2648 877 2671 mea

147 2705 303 2744 magna
317 2695 516 2743 potentia,
551 2692 759 2744 splendide
787 2706 876 2743 pro,

145 2762 218 2800 per
258 2764 377 2801 quem
406 2764 476 2802 ego
508 2751 622 2788 valeo
664 2756 701 2787 et
735 2756 878 2801 potens

146 2821 247 2846 suin.
279 2807 380 2861 (vid.
415 2809 461 2847 V.
491 2810 532 2847 L.
567 2808 618 2846 ad
639 2806 677 2847 h.
699 2808 724 2845 l.
759 2805 876 2859 Ilfr.)

145 2864 294 2904 Petiere
314 2866 411 2905 hinc
433 2867 508 2915 alii,
525 2874 571 2904 ut
587 2866 740 2904 Statius,
754 2865 877 2904 Isilv.

146 2923 190 2971 Π,
207 2926 287 2965 137
309 2932 366 2973 tw,
389 2939 480 2963 mea
497 2939 656 2962 summa
673 2932 875 2975 poteslas,

214 2992 423 3040 Vnum..
465 2994 610 3042 Tom.
645 2992 708 3041 Π.

1329 1435 1486 1467 Iunonis
1512 1433 1664 1467 acerbae

1000 1481 1129 1514 Similis
1157 1480 1383 1514 commutatio
1414 1493 1433 1513 a
1458 1482 1570 1513 Burm.
1595 1493 1664 1513 uo-

936 1646 1039 1684 adde
1069 1646 1188 1685 Ovid.
1211 1647 1243 1685 V
1263 1645 1359 1683 Met.
1379 1646 1476 1692 365,
1508 1644 1616 1696 quod
1643 1659 1664 1682 a

935 1711 1053 1757 poeta
1071 1705 1174 1742 forte
1193 1716 1332 1755 graeco
1349 1702 1534 1754 Virgilius
1552 1716 1664 1741 sum-

936 1769 1054 1800 serat.
1113 1762 1252 1800 Paullo
1277 1761 1392 1798 aliter
1412 1761 1481 1798 filii
1501 1766 1663 1812 patrum

937 1819 1108 1868 σθένος,
1138 1820 1277 1867 robur,
1310 1819 1526 1868 dicuntur,
1556 1818 1663 1856 unde

938 1885 979 1916 et
1019 1877 1276 1929 Tragicorum
1310 1890 1394 1914 vox
1431 1873 1508 1923 ἶνις
1542 1876 1663 1914 ducta

938 1949 1018 1973 esse
1040 1936 1202 1973 videtur
1225 1935 1274 1972 de
1292 1934 1393 1972 filio:
1425 1947 1462 1972 v.
1477 1948 1508 1971 0.
1526 1934 1662 1986 Eurip.

937 1993 1084 2032 Troad.
1115 1994 1198 2035 570
1236 1994 1443 2044 Astyanax
1465 1988 1663 2042 “Em-0905·

938 2049 1029 2100 ἶνις.
1075 2052 1324 2098 Contemtus,
1352 2063 1431 2101 quo
1452 2048 1576 2087 Amor
1596 2050 1661 2087 lo—

937 2110 996 2148 vis
1028 2109 1196 2147 fulmina
1223 2108 1357 2156 habet,
1388 2107 1541 2157 elegans
1563 2120 1661 2158 poe-

938 2175 1072 2206 tarum
1095 2174 1134 2205 et
1162 2166 1361 2204 artificum
1386 2171 1570 2202 veterum
1598 2164 1662 2202 lu·-

937 2240 1015 2274 SUS,
1037 2225 1151 2263 suavi
1174 2238 1264 2262 cum
1284 2223 1475 2261 varietate
1495 2235 1660 2273 expres—

937 2297 1002 2322 sus
1040 2283 1188 2335 passim
1230 2280 1428 2329 occurrit,
1471 2280 1589 2317 etiam
1620 2279 1662 2317 in

935 2341 1118 2392 genimis,
1152 2339 1287 2378 fractis
1307 2350 1465 2389 quoque
1490 2337 1590 2385 telis,
1622 2351 1660 2374 v.

936 2391 967 2437 c.
990 2399 1088 2437 Mus.
1120 2398 1227 2436 Flor.
1256 2397 1300 2434 T.
1321 2396 1355 2434 Π
1384 2401 1412 2433 t.
1440 2397 1502 2443 16,
1527 2399 1561 2436 1.
1582 2395 1661 2431 tela

944 2457 1153 2509 'lJl'plloicc‚
1188 2454 1332 2506 quibus
1373 2453 1524 2504 Iupiter
1568 2466 1661 2490 usus

936 2523 996 2553 est
1027 2516 1069 2553 in
1105 2512 1354 2566 Typhoeum.
1420 2510 1660 2562 Pomponius

936 2574 1106 2612 Sabinus
1137 2574 1342 2609 Actaeam
1373 2567 1526 2616 reddit,
1560 2581 1660 2618 qua—

936 2639 1053 2669 tenus
1075 2630 1216 2678 Aetna,
1239 2627 1471 2680 Cyelopum,
1491 2625 1557 2676 qui
1578 2625 1659 2662 sul—

935 2690 1043 2727 ]nina
1073 2687 1343 2734 fabricantur,
1375 2683 1543 2731 officina,
1575 2683 1657 2734 Ty-

935 2747 1055 2800 phoei
1099 2746 1251 2797 pectori
1294 2742 1476 2794 imposita
1519 2753 1598 2777 esse
1638 2754 1656 2775 a

938 2804 1140 2844 nonnullis
1175 2802 1292 2840 dieta.
1375 2798 1547 2850 zipheis
1575 2798 1655 2834 Ae-

937 2873 1008 2901 lna
1021 2861 1140 2901 Ovid.
1154 2861 1223 2912 Ep.
1237 2859 1324 2907 XV,
1344 2861 1405 2899 11.
1426 2865 1564 2892 —lzsa
1580 2869 1655 2890 mc-

937 2924 1048 2958 mimz
1066 2933 1205 2970 pcsoe,
1240 2923 1352 2956 tuam
1381 2927 1494 2965 opem
1525 2918 1562 2948 et
1585 2924 1655 2947 au—

1315 2983 1380 3028 13
