1811 3388
508 201 629 249 AD
702 192 1141 243 LIBRUM
1212 190 1268 237 ΙΙ
1552 190 1652 240 395

141 336 218 375 Sed
244 335 284 373 in
302 332 431 371 Schol.
461 325 661 379 Aristopll.
682 323 799 363 Avib.
826 321 935 365 1555
961 313 1286 375 κωμῳδούμενος
1304 315 1443 366 aliquis
1468 315 1657 353 Pisander

141 397 408 437 memoratur,
438 389 550 426 cuius
570 396 685 435 saepe
712 382 821 434 apud
839 379 972 418 Scl1ol.
994 378 1146 416 mentio
1172 375 1240 425 fit,
1272 375 1342 425 qui
1370 374 1488 410 etiam
1519 373 1658 410 Plato-

140 453 202 491 nis
230 447 474 488 comoediam
509 458 555 482 eo
597 441 758 480 nomine
788 438 1018 489 insignitam
1054 434 1206 473 laudat.
1277 432 1393 470 Adde
1424 430 1589 468 Suidam
1616 430 1658 467 in

143 510 202 550 Εἴ
217 524 254 548 τι
278 501 548 554 Πεισάνδρου.
608 500 737 538 Etiam
767 497 1014 536 Pisandrum
1033 494 1255 544 Plzysieam
1282 488 1515 540 Fulgentius
1549 488 1661 525 exci-

142 573 202 605 tat
220 563 436 617 Mytholog.
458 562 486 609 Ι,
511 559 584 609 14,
613 570 757 597 Verum
778 553 1072 594 Grammaticus
1094 551 1158 588 ille
1181 550 1222 587 in
1251 549 1495 599 scriptorum
1529 546 1661 583 nomi-

144 625 261 663 nibus
282 621 444 660 omnino
468 624 526 656 est
550 614 966 654 contaminatissimus.
1027 609 1103 647 Sed
1134 609 1337 657 anliqztc'or
1366 605 1431 642 ille
1463 603 1665 641 Pisandru-

144 684 251 722 inter
270 679 467 732 principes
489 682 627 728 poetas
656 673 788 725 epicos
813 677 906 723 post
931 670 1175 713 Homerum,
1214 663 1458 710 Hesiodum,
1500 662 1662 711 Panya-

146 741 205 779 sin
231 746 271 776 et
293 734 578 776 Antimachum
600 732 677 771 suit
708 730 896 776 habitus,
940 733 979 764 et
1015 740 1037 763 a
1074 722 1352 763 Grammaticis
1383 718 1664 758 Alexandrinis

146 800 187 837 in
209 809 401 836 canonem
427 801 467 831 et
486 792 642 844 cyclum
667 790 824 841 epicum
842 787 1013 825 relatus:
1043 798 1082 821 v.
1104 796 1190 833 sup.
1210 795 1247 832 p.
1271 778 1376 827 3543
1400 778 1502 816 adde
1522 777 1662 827 fragm.

148 855 353 895 Censorini
381 867 413 891 e.
445 855 470 892 9
524 856 564 887 et
596 849 702 886 idem
730 841 1024 898 διασημότατος
1054 836 1226 891 ποιητής
1266 836 1373 888 apud
1407 834 1595 887 Steplian.
1622 835 1665 871 in

150 907 400 967 Καμειρεύςς
433 907 732 957 Quinctiliauus
754 917 852 943 vero
881 904 932 951 X,
967 904 1002 949 1,
1038 902 1112 941 56:
1161 896 1307 947 Quid?
1347 895 1538 932 Herculis
1569 900 1664 929 aeta

149 987 227 1011 non
246 972 339 1009 bene
361 967 587 1006 Pisander?
645 964 850 1003 Habemus
871 971 1031 1011 quoque
1050 958 1092 995 in
1118 957 1201 993 eius
1229 953 1392 992 laudem
1414 952 1665 1003 Epigramma

149 1031 255 1069 inter
272 1028 505 1066 Theocritea
527 1024 620 1061 XX.
681 1022 810 1060 Etiam
836 1018 980 1056 Strabo
997 1015 1104 1063 XIV,
1123 1027 1210 1065 pag.
1233 1012 1316 1054 655
1350 1011 1392 1048 l).
1432 1010 1540 1048 inter
1561 1007 1666 1045 cele—

151 1089 241 1126 bres
261 1085 453 1133 RhodiOS,
474 1082 543 1123 καὶ
566 1081 818 1131 Πείσανδρος
841 1075 883 1116 δὲ
909 1075 932 1116 ὅ
949 1072 1023 1125 τήν
1052 1069 1290 1124 ΓΗράνῑλει-αν
1311 1064 1487 1122 γράψας,
1503 1062 1666 1112 ‘P‹5<5m;.

153 1146 263 1185 Idem
285 1145 352 1182 lib.
371 1143 459 1190 XV,
485 1155 523 1193 p.
549 1141 631 1181 688
650 1139 705 1186 C.,
737 1137 804 1175 ubi
832 1135 880 1172 de
897 1132 1044 1171 Bacchi
1068 1137 1107 1168 et
1124 1128 1307 1167 Herculis
1338 1127 1377 1164 in
1407 1125 1562 1164 Indiam
1592 1137 1667 1160 ex—

154 1202 426 1258 peditionibus
448 1199 548 1250 agit,
577 1197 675 1236 dum
698 1194 843 1234 refellit
864 1191 1062 1238 fabulam,
1081 1188 1180 1226 haec
1200 1185 1374 1224 subiicit:
1408 1182 1544 1234 „quod
1564 1181 1670 1219 Her-

156 1263 263 1300 cules
282 1260 408 1298 leonis
424 1256 558 1309 spoliis
581 1255 768 1302 amictus,
801 1257 840 1289 et
875 1250 1028 1288 clavam
1059 1252 1217 1298 gestans
1248 1242 1481 1288 exhibetur,
1525 1239 1669 1277 Troia-

157 1333 301 1359 narum
320 1330 457 1355 rerum
475 1313 664 1352 memoria
686 1311 884 1364 posterius
901 1313 981 1354 est,
1015 1300 1179 1356 πλάσμα
1211 1304 1294 1341 ταῖν
1322 1298 1397 1350 τήν
1432 1295 1672 1349 “Hocinkncav

158 1373 441 1428 ποιησάντων,
471 1373 548 1413 εἴτε
572 1370 826 1421 Πείσανδρος
842 1361 919 1418 ἦν,
953 1358 1026 1404 εἴτ’
1055 1359 1175 1408 ἄλλος
1193 1361 1291 1407 τις.“
1350 1356 1472 1405 Quod
1500 1369 1581 1393 non
1615 1354 1671 1391 ita

160 1433 456 1486 accipiendum,
489 1429 602 1481 quasi
624 1427 798 1475 fuerint,
829 1424 897 1476 qui
916 1436 990 1474 pro
1010 1433 1054 1459 re
1083 1420 1235 1457 incerta
1262 1415 1481 1462 haberent,
1523 1428 1573 1450 an
1605 1412 1672 1449 Pi-

160 1493 304 1532 sander
323 1489 535 1529 Heracleae
552 1493 694 1525 auctor
714 1490 832 1531 esset3
863 1481 936 1518 etsi
955 1479 1084 1518 Pisino
1112 1476 1254 1515 Lindio
1276 1473 1511 1511 Pisandrum
1539 1470 1675 1508 suble-

160 1552 260 1603 gisse
280 1548 513 1588 Heracleam
532 1547 633 1584 fama
654 1542 745 1581 olim
770 1541 864 1589 fuit,
905 1545 952 1576 ut
984 1550 1034 1574 ex
1064 1536 1265 1573 Clemente
1294 1532 1407 1569 Alex.
1439 1529 1675 1579 intelligitur

161 1612 306 1647 Strom.
325 1606 390 1653 VI,
422 1620 459 1657 p.
482 1607 565 1645 266
587 1603 613 1640 f.
632 1603 743 1647 loco,
775 1612 855 1650 quo
876 1596 925 1634 de
952 1596 1194 1646 scriptorum
1223 1590 1360 1643 plagiis
1390 1588 1488 1638 agit,
1519 1599 1675 1632 verum,

162 1667 254 1718 quia
284 1666 401 1717 plura
433 1662 607 1700 carmina
637 1659 717 1697 hoe
744 1656 903 1695 nomine
936 1652 1121 1703 insignita
1155 1651 1285 1697 suere,
1320 1661 1338 1684 e
1369 1646 1514 1696 quibus
1552 1657 1676 1682 unum

163 1723 325 1775 aliquod
349 1721 515 1760 ekuvias
532 1718 712 1756 leoninas
733 1722 772 1752 et.
801 1715 955 1752 clavam
988 1711 1163 1762 primum
1192 1708 1297 1744 inter
1327 1705 1482 1754 reliqua
1513 1701 1676 1740 Herculi

163 1783 372 1821 tribuerat.
434 1779 528 1816 Fuit
551 1778 656 1814 enim
686 1781 725 1812 et
747 1773 821 1810 alia
841 1766 1074 1822 ΓΗ()ι>ἕ’,ςλεειοι,
1117 1779 1217 1817 quae
1248 1764 1459 1813 I'cmyasln
1492 1761 1678 1799 Halicar—

164 1854 267 1879 nass.
287 1844 493 1876 auctorem
512 1834 676 1880 habuit,
709 1845 827 1882 quam
852 1826 1114 1867 E1·atostli.in
1144 1822 1413 1862 Catasterism.
1443 1833 1474 1857 e.
1509 1822 1556 1860 11
1589 1818 1675 1855 lau-

166 1899 254 1937 dat:
285 1898 331 1935 cf.
354 1895 485 1933 Schol.
503 1892 618 1931 Pind.
637 1891 678 1929 P.
703 1894 741 1938 3,
765 1891 844 1930 177
868 1893 908 1924 et
929 1885 992 1923 adi
1013 1883 1220 1922 Muncker.
1240 1880 1292 1918 ad
1316 1877 1507 1916 Antonin.
1531 1876 1623 1913 Met.
1646 1888 1677 1911 c.

166 1960 221 1998 20
238 1969 299 2007 pr.
363 1952 575 2002 Creophyli
603 1949 791 2000 Οἰχαλίας
811 1942 961 1985 ἅλωσιν
986 1943 1028 1980 in
1061 1954 1105 1978 ea
1138 1940 1257 1978 fuisse
1287 1936 1550 1986 exscriptam,
1591 1934 1681 1970 Cle-

166 2027 277 2052 mens
299 2011 412 2049 Alex.
437 2012 584 2047 Strom.
611 2007 676 2055 VI,
709 2019 747 2056 p.
780 2007 863 2046 266
891 2003 916 2040 s.
948 2000 1121 2053 prodere
1148 1997 1323 2036 videtur.
1384 1993 1462 2031 Sed
1494 1992 1544 2029 ad
1576 1991 1683 2028 lianc

169 2072 337 2109 alteram
356 2067 562 2107 Strabonis
587 2063 783 2103 dubitatio
802 2067 981 2113 spectare
1003 2059 1074 2096 vix
1093 2056 1249 2108 potuit,
1284 2060 1331 2092 ut.
1354 2066 1426 2090 nec
1447 2050 1496 2087 ad
1519 2050 1683 2086 alteram

171 2127 401 2178 Nymphios
419 2124 702 2169 Heracleotae,
735 2118 942 2169 aliquoties
963 2117 1005 2154 in
1026 2115 1157 2152 Schol.
1178 2110 1378 2164 Apollonii
1399 2108 1616 2146 laudatam.

285 2185 487 2222 Hactenus
507 2182 555 2219 de
576 2179 812 2229 antiquiore.
874 2175 1086 2212 Videamus
1108 2172 1155 2209 de
1179 2173 1327 2216 aller0,·
1359 2167 1426 2218 qui
1457 2164 1684 2202 Alexandro

172 2243 412 2281 Mammaeae
424 2241 646 2292 imperante
668 2235 819 2282 floruit,
849 2232 1025 2271 Nestoris
1044 2227 1309 2267 Larandensis
1328 2226 1368 2273 f.,
1396 2223 1578 2261 Laranda
1604 2222 1685 2273 Ly—

173 2301 334 2339 caoniae
355 2306 394 2337 et
415 2300 495 2350 ipse
519 2295 735 2342 oriundus,
765 2291 918 2330 Habuit
941 2289 1039 2326 adeo
1063 2294 1218 2339 patrem
1247 2285 1304 2322 rei
1336 2282 1516 2334 poeticae
1552 2279 1686 2318 studio

173 2373 256 2397 non
299 2358 429 2396 minus
470 2356 623 2393 clarum
652 2351 785 2390 Severi
817 2351 911 2399 Imp.
943 2355 1144 2398 tempore,
1175 2345 1222 2381 cs.
1256 2342 1304 2379 de
1338 2355 1382 2378 eo
1413 2339 1604 2377 Niclasius
1638 2337 1687 2374 ad

178 2418 359 2467 Geopon.
392 2415 622 2463 Prolegom.
660 2424 744 2462 pag.
785 2408 902 2445 LXII.
964 2405 1059 2442 Fuit
1091 2403 1212 2441 huius
1243 2399 1421 2438 Nestoris
1449 2394 1575 2444 Ἰλιεῖς
1607 2399 1690 2434 λει-

178 2470 486 2527 πογράμματος,
525 2469 666 2521 egregii
700 2466 851 2504 scilicet
881 2463 1072 2502 acuminis
1104 2460 1223 2512 opus!
1272 2457 1368 2496 facit
1407 2468 1566 2506 quoque
1608 2453 1689 2490 eius

176 2532 417 2570 mentionem
435 2528 654 2567 Menander
676 2525 818 2563 rhetor
835 2522 944 2574 apud
966 2520 1055 2560 Ald.
1086 2520 1126 2557 in
1153 2517 1268 2556 Rllet.
1290 2522 1371 2553 ant.
1430 2513 1520 2550 Filii
1542 2518 1690 2558 autem,

178 2589 394 2637 Pisandri,
437 2601 538 2640 opus
574 2585 670 2633 fuit,
713 2581 823 2633 quod
857 2581 1060 2631 Ἡραϊκῶν
1101 2577 1335 2628 θεογαμιῶν
1372 2571 1494 2609 titulo
1536 2569 1690 2616 Suidas,

177 2645 385 2697 Ἡρωϊκῶν
411 2646 646 2698 θεογαμιῶν
675 2641 855 2679 Zosimus
882 2638 984 2676 Hist.
1016 2637 1062 2684 V,
1098 2638 1151 2677 29
1182 2632 1361 2671 laudant.
1421 2629 1693 2666 Praetuleram

183 2703 394 2753 aliquando
419 2717 510 2741 cum
532 2699 714 2738 Fabricio
734 2699 777 2736 B.
803 2698 849 2735 G.
871 2697 982 2734 Tom.
1007 2695 1072 2742 VI,
1090 2708 1129 2745 p.
1150 2695 1231 2733 606
1252 2690 1363 2741 prius
1386 2699 1554 2735 nomen,
1589 2692 1693 2722 tam—

183 2773 302 2809 quam
331 2761 378 2797 ab
395 2758 504 2814 ΓΉρςι
536 2759 725 2804 ductum,
758 2754 865 2806 quod
889 2753 997 2805 apud
1022 2749 1270 2790 Mam-obium
1299 2744 1489 2785 Pisander
1531 2758 1579 2792 „a
1617 2757 1695 2781 nu-

184 2817 273 2868 ptiis
294 2817 398 2855 Iovis
421 2824 461 2854 et
480 2816 640 2854 Iunonis
663 2813 879 2865 incipiens“
900 2812 1103 2850 universas
1122 2807 1308 2846 historias
1330 2808 1595 2856 persequutus
1614 2813 1695 2838 esse

186 2880 391 2922 narratur,
433 2875 604 2919 Verum,
648 2871 803 2910 deserui
844 2884 908 2907 eas
943 2875 1097 2921 partes,
1146 2865 1310 2903 meliora
1352 2861 1521 2899 edoctus
1551 2873 1640 2897 cum
1676 2871 1696 2893 a

186 2930 426 2969 Ruhnkenio
446 2931 613 2982 privatis
638 2929 803 2975 litteris,
834 2935 922 2965 tum
948 2928 1032 2978 ipso
1062 2925 1289 2963 litterarum
1319 2919 1514 2971 prosectu.
1580 2919 1697 2954 Recte
