1779 3420
120 230 223 279 948

433 227 487 276 Ρ.
529 227 887 278 VIRGILII
924 227 1302 279 MARONIS

121 356 265 403 Haec
287 353 380 404 ubi
399 370 500 402 nos
523 363 808 421 praecepta
833 354 1022 405 iubent
1045 355 1325 422 deponere
1358 356 1514 408 dona.

120 425 359 484 Dixerat,
400 433 452 473 et
478 425 700 490 pariter,
739 426 902 489 gressi
926 442 1026 491 per
1049 442 1216 491 opaca
1240 427 1466 491 viarum,

124 495 448 562 Conripiunt
480 495 711 560 spatium
741 494 988 544 medium
1009 536 1022 558 ‚
1067 495 1387 564 foribusque
1431 497 1655 565 propin-

123 636 366 700 Occupat
389 637 598 684 Aeneas
621 632 852 696 aditum,
893 649 1201 701 corpusque
1221 637 1426 686 recenti

916 574 1095 631 quant.

1554 641 1654 690 635

123 705 334 772 Spargit
362 722 522 770 aqua,
564 720 889 770 ramumque
919 705 1144 754 adverso
1169 706 1223 754 in
1248 706 1433 755 limine
1459 705 1585 771 figit.

189 777 282 824 His
308 774 534 824 demum
556 775 769 838 exactiS,
807 773 1053 840 perfecto
1076 793 1307 827 munere
1334 776 1501 841 divae,

213 918 283 953 632
316 918 387 950 Hic
414 915 549 960 aliquot
579 916 694 958 Pier.‚

118 966 209 998 Ven-

118 1013 232 1045 Burm.
281 1013 319 1045 in
340 1011 442 1043 deest
472 1011 643 1044 Rottend.
678 1023 755 1056 piu,
788 1018 827 1044 ut
850 1024 927 1056 sup.
955 1025 986 1045 v.
1020 1013 1100 1048 631.
1130 1014 1222 1047 conf.
1255 1014 1314 1053 111,
1340 1013 1420 1047 287.

534 1059 603 1092 637
627 1058 804 1104 perfectis
835 1060 943 1092 Goth.
970 1066 1053 1093 tert.
1102 1062 1252 1094 numine
1285 1060 1376 1093 alter
1408 1059 1556 1100 Hamb.,
1589 1059 1651 1092 sed

118 1059 243 1092 Hamb.
261 1071 281 1092 a
302 1072 345 1091 m.
367 1070 436 1091 sec.

314 965 383 999 633
412 976 482 1010 per
518 976 548 997 o.
585 964 748 997 locorum
785 964 876 997 Gud.
905 977 970 1010 pro
1010 978 1081 999 var.
1114 966 1194 998 lect.

748 916 813 949 sed
840 917 931 951 llaec
958 938 1002 942 -—
1032 918 1132 951 dona
1172 917 1396 962 iungendum.
1445 925 1594 951 monent
1618 918 1652 950 d.

1291 966 1360 1000 636
1396 967 1559 1018 Sparsit·
1583 965 1652 997 duo

1469 1020 1575 1057 pontt
1599 1024 1652 1057 pr.

118 1114 173 1139 est
191 1107 279 1139 haee
301 1113 471 1151 perpetua
497 1105 697 1146 aberrati03
725 1113 762 1139 et
784 1106 853 1140 vid.
873 1108 959 1140 Not.
982 1107 1026 1140 ad
1043 1120 1075 1140 v.
1097 1108 1179 1142 629.

115 1227 158 1264 in
210 1225 405 1264 fornicem
459 1224 582 1263 dueta
601 1256 611 1275 ,
672 1232 853 1265 arcuata.

116 1287 214 1327 629.
242 1284 391 1335 perfice
411 1298 583 1333 munus,
618 1284 650 1322 si
673 1287 853 1337 poeticus

116 1356 247 1381 sermo
268 1343 366 1392 fert3
400 1343 562 1395 proprie
583 1342 679 1381 doni
702 1343 854 1395 depor-

117 1401 219 1440 tatio
260 1401 558 1452 perficiebatur.
625 1402 753 1440 Etiam
798 1402 854 1440 sic

115 1473 212 1498 mox
231 1463 314 1501 637
329 1460 509 1510 perfeeto
533 1474 692 1497 munere
711 1462 849 1509 divae,

114 1517 154 1557 h.
175 1531 208 1557 e.
234 1519 411 1556 muneris
435 1518 712 1567 dedicatione3
751 1519 853 1556 alio-

115 1577 184 1627 qui
227 1591 374 1614 mzmus
412 1576 647 1628 generaliori
688 1578 853 1615 notione

114 1649 188 1687 pro
210 1636 369 1686 negotio
393 1641 432 1672 et
462 1634 529 1672 hic
559 1635 684 1688 accipi
711 1636 851 1687 possit,

115 1693 231 1731 utin
271 1692 458 1731 Aeneidis
495 1693 766 1732 dedicatione:
807 1694 852 1731 St

114 1751 219 1788 mila·
237 1760 468 1802 susceptum
488 1752 623 1802 sicerit
650 1752 852 1789 decurrere

115 1823 275 1846 munus.
350 1811 446 1850 632.
487 1809 588 1847 llaec
627 1810 735 1847 clomz
779 1810 850 1850 int,

115 1867 165 1904 de
206 1866 348 1904 eodem
388 1880 556 1904 munere
590 1867 853 1919 Proserpinae

114 1925 302 1963 dicando.
379 1925 475 1966 635.
518 1925 656 1963 Potest
697 1925 851 1963 Aeneas

114 1982 193 2021 hoc
212 1984 297 2036 ipso
315 1997 428 2021 raino
460 1996 583 2022 aureo
611 1997 651 2021 se
684 1984 852 2036 adsper-

113 2041 208 2079 sisse
234 2041 385 2090 videri3
428 2041 476 2079 fit
513 2043 618 2080 enim
645 2042 852 2094 adspersio

112 2114 250 2149 ramo;
278 2099 404 2138 verba
426 2105 560 2138 tamen
589 2101 646 2138 ita
673 2107 852 2139 statuere

113 2172 187 2196 nos
226 2172 307 2196 non
343 2164 522 2209 cogunt:
563 2165 603 2196 et
638 2165 850 2211 repugnat,

114 2216 223 2266 quod
258 2230 331 2268 pro
368 2216 475 2254 dono
500 2231 637 2255 ramus
669 2218 850 2256 affertur.

114 2275 220 2313 cons.
271 2276 437 2313 Excurs.
478 2276 542 2314 Vl.
597 2275 850 2314 Adumbrata

113 2346 176 2371 res
196 2332 305 2370 haud
327 2333 446 2370 dubie
467 2347 517 2371 ex
547 2347 592 2371 eo
618 2334 722 2383 ritu,
754 2348 848 2385 quo,

113 2391 182 2441 qui
210 2391 357 2443 templa
381 2392 559 2442 intrant,
591 2406 630 2430 se
662 2393 849 2440 lustrant,

113 2449 471 2501 περιῤῥαίνονταις
503 2450 613 2500 quod
641 2451 851 2503 purgatio-

115 2507 176 2543 nis
205 2507 433 2556 symbolum
463 2509 604 2557 fuisse,
635 2509 748 2546 fatile
782 2509 850 2546 in-

113 2564 317 2615 telligitur.
349 2564 594 2604 Adeundum
617 2573 749 2606 autem
768 2567 850 2604 Ae-

114 2635 211 2659 neae
242 2635 351 2660 nunc
379 2630 466 2661 erat
492 2625 692 2676 Elysium,
724 2626 849 2674 loeus,

115 2680 148 2717 si
170 2680 257 2730 quis
287 2680 407 2729 alius,
439 2688 602 2720 sanctus
635 2689 675 2720 et
703 2689 848 2721 castus.

113 2752 352 2790 ramumque
371 2740 536 2776 adverso
566 2742 608 2776 ιή
628 2742 765 2777 limine
781 2741 846 2788 fi-

111 2798 190 2847 git.
244 2797 288 2834 ln
304 2797 548 2848 templorum
568 2797 683 2835 aditu
706 2798 849 2851 περιῤ-

114 2850 327 2907 ῤἀντήρια.
359 2868 461 2905 aqua
490 2855 666 2892 lustralis
701 2862 741 2893 et
775 2869 846 2893 ra-

113 2913 168 2950 mi
207 2913 421 2961 lustrales,
470 2919 591 2951 notae
632 2925 697 2950 res
739 2919 847 2951 sunt.

114 2970 192 3008 Sed
215 2971 325 3021 quod
351 2984 510 3009 ramum
538 2971 578 3009 in
600 2971 753 3023 pariete
777 2984 846 3009 seu

911 1233 1024 1280 poste
1041 1227 1146 1279 figit,
1169 1226 1222 1265 ad
1240 1226 1533 1264 dedicationem
1554 1225 1651 1264 doni

912 1292 1080 1338 spectat.
1148 1287 1338 1324 Ceterum
1384 1284 1651 1323 Warburtoni

911 1343 1147 1397 hypothesis
1170 1344 1202 1382 si
1223 1358 1302 1395 qua
1321 1342 1397 1381 alia
1418 1349 1553 1395 parte,
1572 1342 1650 1380 hac

911 1403 1071 1454 utique,
1103 1403 1260 1455 placere
1283 1407 1436 1453 potest,
1469 1415 1559 1439 cum
1583 1402 1649 1439 lu-

912 1464 1151 1499 strationem
1182 1462 1224 1498 in
1255 1460 1452 1498 adeundis
1481 1459 1647 1497 maiori-

910 1520 986 1557 bus
1010 1520 1217 1557 Eleusiniis
1239 1519 1279 1556 in
1306 1518 1385 1556 lioe
1414 1519 1501 1556 loco
1530 1531 1647 1570 repe—

910 1578 1010 1617 risse
1034 1579 1108 1616 sibi
1134 1577 1244 1616 visus
1263 1583 1333 1616 est.

974 1639 1057 1678 637
1088 1650 1172 1687 sqq.
1226 1636 1432 1673 Traducta
1472 1640 1567 1673 sunt
1596 1633 1647 1671 ad

912 1694 1089 1745 Elysium
1122 1695 1206 1733 sive
1235 1694 1308 1731 sub
1332 1700 1460 1743 terra,
1492 1699 1540 1731 ut
1567 1692 1646 1741 hic,

911 1753 994 1790 sive
1015 1753 1053 1790 in
1084 1753 1225 1791 [nsulis
1244 1752 1481 1790 Fortunatis
1514 1753 1575 1801 (ut
1596 1751 1645 1787 ab

911 1810 1089 1848 Homero
1114 1817 1153 1848 et
1173 1811 1362 1858 Hesiodo,
1394 1817 1481 1849 tum
1505 1823 1524 1846 a
1550 1809 1645 1847 Pin-

912 1868 1025 1917 daro,
1045 1868 1212 1921 sactum)
1228 1869 1483 1916 collocatum,
1497 1867 1644 1915 omnia,

911 1939 1013 1977 quae
1039 1927 1113 1964 sub
1148 1926 1299 1964 mitiori
1325 1927 1434 1964 caelo
1461 1925 1643 1964 amoeni-

910 1990 1035 2023 tatem
1064 1985 1142 2023 loci
1174 1986 1302 2023 facere
1333 1990 1525 2037 possunt,
1565 1985 1643 2022 iam

912 2043 961 2081 ab
989 2043 1167 2081 Homero
1193 2042 1270 2081 Od.
1300 2044 1333 2091 δ,
1367 2043 1451 2086 563
1487 2056 1570 2094 sqq.
1603 2048 1643 2080 et

911 2102 961 2138 ab
988 2098 1286 2154 Hesiodo'Epy.
1312 2104 1393 2142 170
1413 2114 1520 2152 seqq.
1584 2101 1643 2138 Ex

910 2159 989 2197 hoc
1020 2161 1129 2212 ipso,
1169 2159 1281 2210 quod.
1315 2160 1445 2197 omnis
1476 2159 1642 2196 felicitas

911 2218 1030 2270 Elysii
1056 2219 1143 2256 talis
1174 2224 1251 2267 est,
1284 2218 1441 2268 qualem
1471 2216 1641 2255 heroum

908 2277 993 2314 vita
1023 2276 1216 2314 subiicere
1253 2276 1433 2313 sensibus
1465 2281 1640 2327 poterat,

907 2341 1085 2373 vetustas
1107 2334 1226 2372 huius
1243 2333 1374 2386 mythi
1395 2333 1640 2385 intelligitur.

908 2392 1031 2444 Apud
1049 2393 1268 2431 Pindarum
1288 2392 1530 2444 pulcerrimo
1552 2391 1640 2429 loco

909 2452 1070 2503 Olymp.
1114 2451 1170 2499 ΙΙ,
1215 2454 1374 2492 109—
1405 2450 1485 2492 149
1520 2456 1559 2487 et
1598 2449 1639 2486 in

907 2511 1046 2560 fragm.
1069 2522 1088 2546 e
1111 2509 1282 2547 Threnis
1307 2507 1415 2560 apud
1434 2506 1640 2546 Plutarch.

909 2568 1066 2605 Consol.
1090 2567 1142 2604 ad
1166 2567 1351 2619 Apollon.
1374 2579 1412 2618 p.
1438 2569 1518 2608 120
1538 2566 1578 2603 C.
1600 2571 1641 2603 et

909 2626 958 2663 de
990 2626 1144 2663 occulte
1180 2624 1357 2662 vivendo
1387 2624 1461 2661 sub
1494 2623 1519 2660 f.
1549 2637 1636 2675 pag,

910 2686 1020 2724 1130
1042 2681 1097 2734 (v.
1120 2696 1227 2720 nunc
1247 2682 1402 2732 Fragm.
1424 2680 1586 2719 Pindari
1617 2694 1638 2718 a

907 2740 1153 2778 Schneidero
1177 2740 1345 2777 collecta
1364 2753 1449 2791 pag.
1472 2738 1544 2792 21)
1569 2752 1638 2776 or—

907 2804 1096 2835 namenta
1130 2796 1404 2849 deprehendes
1432 2797 1638 2834 accessisse

907 2869 997 2893 cum
1019 2856 1094 2892 alia
1116 2861 1200 2893 tum
1223 2854 1341 2893 haee:
1374 2856 1503 2893 lucem
1527 2854 1637 2892 nulla

907 2920 1023 2951 nocte
1043 2913 1328 2965 interceptam3
1360 2914 1512 2952 victum
1537 2912 1637 2949 faci—

905 2971 982 3009 lem
1006 2984 1079 3009 nec
1109 2972 1192 3010 ullo
1224 2972 1360 3010 labore
1393 2971 1637 3022 quaesitum3
