1779 3420
122 181 224 229 338
451 173 506 221 Ρ.
544 171 912 222 VIRGILII
950 167 1336 219 MARONIS

122 303 206 354 Fit
227 301 308 350 via
330 298 406 349 vi:
442 306 708 365 rumpunt
734 298 905 348 aditus
922 337 934 360 ,
972 294 1290 362 primosque
1317 293 1586 345 trucidant

121 371 330 425 Inmissi
354 369 549 431 Danai,
589 377 641 418 et
661 368 765 419 late
785 369 901 418 loca
922 365 1091 415 milite
1117 365 1390 432 conplent.
1556 367 1660 418 495

121 447 245 494 Non
266 442 362 501 sic,
402 439 682 505 aggeribus
702 439 872 506 ruptis
895 453 1066 504 quum
1088 453 1346 504 spumeus
1373 435 1543 486 amnis

121 514 281 574 Exiit,
328 511 711 577 oppositasque
739 510 892 560 evicit
917 507 1123 572 gurgite
1147 507 1337 572 moles,

122 588 313 634 Fertur
328 582 381 630 in
406 599 525 630 arva
540 581 726 630 furens
747 578 984 640 cumu10,
1009 594 1338 645 camposque
1358 594 1457 644 per
1481 577 1657 626 omnis

125 657 263 706 Cum
287 652 506 701 stabulis
540 661 779 701 armenta
816 649 990 700 trahit.
1064 649 1189 700 Vidi
1229 650 1341 715 ipse
1379 647 1657 698 furentem

125 723 304 776 Caede
323 722 779 789 Neoptolemum,
817 720 1176 786 geminosque
1213 722 1266 768 in
1301 718 1487 768 limine
1518 718 1657 769 Atri-

923 790 1027 841 das
1554 791 1658 841 500

124 864 245 918 Vidi
264 862 545 912 Hecubam
568 871 898 928 centumque
924 877 1116 923 nuruS,
1144 860 1530 926 Priamumque
1558 876 1658 926 pcr

919 948 1031 980 aras

126 1004 395 1070 Sanguine
420 1001 765 1064 foedantem,
805 1019 942 1068 quos
966 1002 1078 1068 ipse
1101 1009 1416 1064 sacraverat,
1455 1000 1602 1065 ignis,

125 1075 523 1142 Quinquaginta
547 1073 619 1122 illi
640 1072 887 1136 thalami,
925 1089 1047 1139 spes
1066 1081 1210 1121 tanta
1225 1080 1514 1137 nepotum,

214 1217 286 1253 494
310 1217 525 1263 irrumpunt
553 1215 760 1259 Hamburg.‚
794 1214 905 1248 minus
938 1214 1042 1247 bene.
1093 1214 1247 1260 rapiunt
1267 1214 1339 1247 MS.
1364 1212 1528 1253 Fabricii,
1553 1212 1657 1253 bene,

122 1265 185 1299 sed
205 1277 277 1298 non
297 1264 332 1298 h.
351 1264 375 1298 l.
471 1260 552 1297 496.
572 1263 642 1298 497
668 1276 748 1295 ειιηι
780 1274 954 1308 spumeus
985 1263 1061 1294 exit
1090 1263 1221 1294 Amnis
1246 1269 1282 1293 et
1310 1262 1498 1307 oppositas
1523 1260 1658 1293 evincit

122 1313 245 1346 Hamb.
282 1324 350 1358 pr.,
393 1323 413 1344 a
444 1322 545 1343 manu
574 1310 857 1354 interpolatrice.
963 1308 1032 1344 497
1069 1309 1173 1342 eiecit
1201 1309 1291 1342 Ven.
1341 1309 1463 1354 erupit
1498 1306 1657 1340 Macrob-

122 1362 167 1402 V,
192 1360 225 1395 5.
275 1359 392 1392 trahit
423 1358 468 1391 (le
498 1371 534 1403 g.
565 1357 736 1391 Schetl'er.
771 1370 815 1390 ex
857 1370 887 1390 v.
918 1357 1000 1391 499.
1051 1357 1241 1403 oppositas
1274 1356 1409 1388 evincit
1436 1354 1544 1388 Goth.
1573 1360 1657 1387 tert.

121 1408 191 1443 498
216 1419 320 1440 arma
349 1406 416 1438 duo
436 1405 529 1450 apud
548 1406 730 1437 Burmann.
781 1405 923 1438 tumulo
944 1404 1002 1436 ed.
1023 1405 1113 1436 Vcn.
1209 1401 1279 1437 499
1312 1404 1411 1448 rapit
1432 1403 1569 1446 Menag.
1590 1413 1657 1445 pr.,

123 1462 160 1488 ut
180 1461 216 1487 et
237 1453 321 1487 alibi
345 1458 564 1496 permutatur
587 1464 663 1484 cum
686 1452 814 1484 trahit.
853 1459 969 1498 parat
990 1450 1115 1483 Hamb.
1139 1462 1208 1483 sec.
1240 1449 1463 1495 frementem
1483 1448 1658 1489 Parrhas.‚

123 1502 217 1546 quod
248 1500 428 1547 praeferas
461 1506 542 1544 post
569 1498 710 1544 furens
739 1498 819 1533 498.
926 1500 996 1532 500
1025 1511 1094 1543 que
1122 1497 1222 1530 abest
1250 1498 1365 1541 Bigot.
1423 1497 1577 1530 Atrides
1603 1508 1656 1540 pr.

124 1548 247 1581 Hamb.
319 1547 390 1582 503
418 1549 457 1588 Q.
477 1548 580 1578 ineu-s·
601 1546 651 1578 elz.
680 1546 786 1579 Goth.
807 1557 873 1591 pr.,
898 1557 969 1578 non
993 1545 1093 1578 male.
1147 1556 1231 1590 spes
1254 1545 1323 1578 illa
1350 1544 1471 1588 legunt
1498 1542 1658 1576 nonnulli

124 1595 217 1639 apud
238 1593 401 1635 Pierium‚
427 1600 463 1625 et
487 1592 536 1625 sic
560 1593 646 1625 edit.
666 1594 755 1626 Iunt.
805 1605 889 1639 spes
910 1601 1050 1638 quanta
1070 1604 1157 1624 unus
1176 1591 1292 1630 Pierii,
1318 1592 1361 1624 ab
1386 1591 1658 1635 interpolatore.

124 1642 247 1688 ampla
265 1641 391 1673 Medic.
414 1639 540 1681 Pierii,
567 1640 659 1673 GutL
684 1640 738 1673 ed.
761 1641 852 1676 Ven.
880 1651 957 1672 cum
979 1639 1089 1672 Goth.
1116 1651 1185 1672 sec-
1229 1638 1351 1683 (etiam
1368 1638 1478 1672 Paris.
1496 1639 1530 1674 3.
1561 1636 1657 1681 lVr.)

124 1690 204 1722 alca
221 1688 390 1722 Schell'er.

125 1822 172 1846 ac
199 1807 460 1846 concussione
494 1806 642 1845 forium
674 1805 726 1844 ad
754 1805 860 1844 arie—-

127 1867 180 1905 tis
201 1865 342 1904 instar.
403 1864 500 1908 494.
536 1867 749 1915 Rumpunt
780 1866 860 1902 acl-

125 1927 223 1973 itas,
277 1924 431 1962 faciunt
471 1923 546 1971 sibi
594 1923 769 1972 aditum3
820 1928 863 1960 at

126 1987 279 2034 quanto
317 1981 525 2034 potentius
563 1981 689 2019 illud!
750 1981 861 2018 Tan-

127 2041 218 2078 dem
238 2040 342 2078 sores
363 2045 519 2077 emotae
547 2047 665 2089 sunt,
698 2039 862 2077 irruunt

127 2097 285 2136 Achivi.

184 2153 443 2197 496-499.
474 2155 656 2204 irruunt,
687 2155 864 2193 fluminis

126 2215 256 2253 instar
277 2213 535 2263 exundantis,
566 2219 689 2266 rupto
712 2227 862 2265 aggere.

128 2287 166 2311 v.
184 2286 270 2324 sup.
284 2271 335 2308 ad
357 2272 454 2319 305,
476 2271 545 2309 ubi
555 2271 675 2310 huius
699 2286 863 2323 compa-

128 2328 296 2369 rationis
316 2329 466 2367 semina
490 2330 532 2368 in
553 2330 650 2369 locis
673 2330 863 2368 Homeri-

130 2388 183 2426 cis
196 2387 422 2425 etLucret.:
444 2388 514 2425 sed
528 2389 710 2426 ornatius
731 2389 863 2426 omnia

130 2445 320 2497 Virgilius
340 2459 492 2495 suoque
514 2460 636 2484 more.
668 2447 863 2498 Expende

130 2502 294 2554 singula.
336 2502 473 2554 serlztr
488 2505 650 2541 cumulo
672 2518 772 2554 aqua
790 2519 864 2542 cu-

130 2561 294 2600 mulata.
347 2574 385 2598 v.
415 2574 501 2612 sup.
536 2561 614 2603 105
645 2564 866 2613 insequitur

130 2620 290 2657 Cllllllllss
305 2627 551 2669 })I‘Clel'lll)slLS
580 2634 714 2670 (lllllsle
732 2634 861 2657 [MONS-

133 2675 392 2730 (camposque
411 2691 486 2726 pet·
502 2680 631 2714 omnis
651 2678 753 2714 Cum
775 2686 864 2714 sla-

131 2735 236 2773 balc's
256 2741 438 2772 armenta
462 2736 577 2783 tulit,
612 2735 681 2772 Ge.
705 2735 731 2783 Ι,
764 2735 861 2778 482.

138 2791 256 2845 IVr.)
319 2791 414 2833 499.
436 2792 531 2835 500.
566 2791 648 2832 Καὶ
667 2790 740 2833 τόν
773 2809 863 2843 φυ-

132 2847 306 2904 τοτνργόν
357 2851 616 2903 Πρίαμον-
638 2850 769 2898 τοῑςδε
821 2847 864 2890 δ’

134 2905 253 2952 εἶδον
281 2904 457 2961 ὄμμασιν
491 2904 616 2962 Av’tr}
652 2920 861 2961 κατασφα-

920 1800 1027 1858 γέντ’
1074 1799 1143 1854 ἐφ’
1197 1803 1317 1859 ἕρκίῳ
1361 1806 1473 1861 πυρᾷ
1520 1803 1658 1860 Eurip.

921 1862 1070 1901 Troad.
1092 1864 1171 1905 481
1206 1876 1291 1914 sqq.
1353 1864 1449 1905 501.
1488 1863 1656 1900 Centum

920 1936 1044 1960 nurus
1079 1922 1201 1960 latius
1232 1921 1412 1970 dictum,
1454 1920 1657 1972 quinqua·

920 1980 1030 2032 ginta
1054 1980 1159 2018 enim
1180 1985 1297 2018 erant
1320 1979 1446 2029 filiae,
1487 1978 1656 2017 totidem

920 2039 1098 2077 filiorum
1121 2051 1269 2077 uxores
1290 2051 1361 2077 seu
1379 2051 1518 2076 nurus,
1558 2038 1656 2082 502.

922 2097 966 2135 In
989 2103 1077 2136 toto
1114 2098 1204 2135 loco
1228 2102 1320 2134 ante
1344 2097 1482 2134 oculos
1502 2095 1656 2133 Ennia-

923 2169 974 2193 na
1012 2156 1081 2193 illa
1117 2155 1227 2207 apud.
1265 2155 1499 2193 Ciceronem
1536 2154 1655 2195 Tusc.

922 2215 1001 2262 Qu.
1030 2214 1060 2263 Ι,
1093 2215 1146 2256 35
1183 2227 1234 2251 ex
1268 2211 1575 2251 Andromacha:
1620 2211 1657 2249 Ο

919 2280 1043 2323 pater
1054 2274 1068 2309 .‘
1110 2288 1132 2310 o
1152 2273 1322 2323 pallia!
1357 2286 1378 2309 o
1396 2272 1564 2309 Priami
1581 2270 1657 2308 ‹lo-

927 2345 1017 2368 mus
1034 2352 1092 2361 -—
1117 2332 1161 2369 V
1160 2330 1222 2368 isli
1252 2345 1326 2381 ego
1357 2338 1415 2376 te,
1466 2329 1654 2366 adstante

923 2403 997 2438 ope
1037 2388 1249 2426 barbarica
1288 2388 1353 2441 (ut
1388 2387 1455 2425 hic
1483 2400 1522 2425 v-
1553 2384 1655 2440 504)

931 2448 1061 2484 Teo-lis
1079 2447 1249 2483 caelatis
1268 2446 1488 2498 laqueatae,
1522 2444 1652 2493 Auro,

922 2504 1057 2552 ebore,
1120 2506 1358 2542 instructum,
1402 2502 1565 2553 regifice
1600 2523 1656 2532 -—·

922 2563 1043 2598 ‚Ilaec
1077 2565 1214 2599 omnia
1240 2563 1325 2599 vicli
1345 2562 1655 2612 itzflammarier,

923 2621 1090 2657 Priamo
1120 2621 1162 2657 ri
1192 2621 1318 2657 vitam
1344 2620 1512 2666 evitari,
1546 2620 1657 2656 lovis

922 2691 1039 2714 aram
1052 2679 1252 2727 sanguine
1272 2678 1443 2727 turpari.
1466 2676 1501 2726 J
1500 2676 1654 2714 oedan-

922 2742 999 2772 tem
1016 2735 1106 2786 plus
1122 2748 1242 2785 quam
1256 2739 1551 2774 cruentantem.
1585 2748 1656 2771 sa—

922 2801 1126 2839 oraverat,
1159 2793 1399 2831 accenderat
1431 2792 1506 2830 diis
1527 2792 1656 2829 Pena-

923 2850 1043 2888 tibus.
1077 2848 1284 2903 (Ceterum
1303 2865 1424 2902 quam
1442 2856 1552 2889 recte
1564 2849 1657 2889 Vir-

921 2908 1038 2961 gilius
1071 2907 1233 2949 Aenean
1271 2910 1352 2948 suis
1388 2909 1488 2948 haee
1530 2907 1658 2947 oculis
