1827 3436
451 213 864 263 AENEIDOS
902 218 1043 269 LIB.
1082 222 1155 285 II,
1204 228 1425 282 53-—62
1602 244 1700 291 275

274 339 436 400 Ecce,
486 354 677 388 manus
717 341 968 393 iuvenem
1013 345 1213 398 interea
1260 363 1381 417 post
1429 366 1572 424 terga
1617 381 1699 413 re-

976 416 1212 467 vinctum

184 479 433 526 Pastores
456 493 654 542 magno
678 479 743 529 ad
763 498 946 547 regem
973 484 1205 538 clamore
1228 490 1508 544 trahebant

183 545 549 598 Dardanidae:
588 549 681 615 qui
711 567 767 600 se
793 552 1039 616 ignotum
1062 558 1398 611 venientibus
1421 564 1577 631 ultro,

182 617 299 664 Hoc
330 616 508 682 ipsum
538 627 599 667 ut
623 628 878 687 strueret,
919 626 1248 694 Troiamque
1279 634 1508 697 aperiret
1538 638 1695 688 Achi-

970 712 1045 744 vis

188 754 497 821 Obtulerat,
543 755 721 808 fidens
757 761 942 828 animi,
992 736 1151 832 atilue
1197 769 1249 818 in
1280 779 1570 841 utrumque
1604 715 1695 844 133

972 844 1130 899 ratu8‚

182 894 291 943 Seu
315 911 524 945 versare
549 896 729 961 dolos,
767 917 863 951 seu
887 913 1060 955 certae
1087 908 1410 960 occumbere
1432 916 1607 966 morti.

271 1023 317 1058 57
341 1036 452 1057 manu
471 1026 641 1061 Montalb.
688 1030 860 1062 iuvenum
881 1032 950 1064 duo
974 1034 1067 1077 apud
1089 1036 1271 1070 Burmann.
1301 1050 1374 1071 curn
1401 1040 1582 1075 Rufiniano
1609 1045 1692 1078 edit.

179 1069 302 1115 Steph.
327 1071 429 1104 male.
480 1074 627 1117 <vinclis
641 1084 728 1120 post
756 1084 863 1122 terga
895 1079 1049 1124 ligatum
1079 1081 1156 1115 Alb.
1184 1084 1282 1128 lVr.)
1374 1087 1420 1121 59
1445 1090 1692 1124 Dardanidem

177 1128 224 1149 sc.
246 1129 385 1161 regem,
412 1120 504 1163 apud
525 1121 648 1154 Barth.
665 1123 810 1156 Advers.
835 1125 915 1166 XII,
939 1128 972 1167 2,
999 1139 1018 1159 e
1051 1135 1201 1172 quatuor
1227 1130 1337 1165 libris.
1384 1136 1466 1178 quis
1483 1148 1522 1168 se
1543 1137 1691 1180 Servius,

176 1175 252 1196 curn
277 1172 413 1209 septem
446 1167 537 1211 apud
565 1169 682 1201 Heius.
713 1176 748 1201 et
777 1171 877 1204 Leid.
900 1184 964 1217 pro
994 1186 1064 1207 var.
1093 1175 1172 1209 leet.
1203 1178 1309 1211 Goth.
1330 1185 1410 1212 tert.
1428 1193 1447 1214 a
1472 1194 1515 1215 m.
1542 1194 1594 1226 pr.
1624 1197 1689 1229 pro

175 1209 322 1255 quibus,
349 1213 443 1257 quod
473 1214 637 1257 placebat
671 1216 790 1249 Tollio
820 1218 864 1250 ad
895 1222 1022 1254 Auson.
1050 1234 1084 1265 p.
1114 1223 1194 1264 566,
1231 1225 1292 1257 sed
1320 1225 1460 1269 vulgata
1486 1228 1596 1263 lenius
1622 1232 1687 1264 de-

175 1257 295 1290 currit.
368 1259 414 1292 60
438 1272 478 1294 ιιι
499 1261 599 1293 deest
621 1264 747 1295 Moret.
770 1276 822 1308 pr.
871 1267 1072 1300 instrueret
1093 1270 1196 1302 Goth.
1216 1277 1294 1303 tert.
1364 1274 1405 1307 61
1426 1275 1617 1320 fidensque
1636 1291 1688 1322 pr.

174 1305 306 1338 Moret.
347 1306 479 1348 fidens
498 1309 618 1341 animo
639 1311 825 1344 Romanus.
875 1313 924 1345 ad
946 1322 1137 1360 utrumque
1158 1318 1302 1351 Oudart.
1328 1331 1357 1351 v.
1381 1311 1563 1355 Burmann.
1595 1325 1688 1369 quod

173 1351 318 1396 vulgare
335 1352 441 1386 soret.
536 1356 581 1390 62
611 1368 764 1389 versare
791 1357 875 1391 dolo
903 1360 1064 1404 Longob.
1091 1363 1259 1397 Rottend.
1288 1377 1306 1397 a
1332 1378 1376 1399 m.
1407 1378 1459 1411 pr.
1485 1371 1603 1412 Sprot.
1621 1383 1685 1415 pro

174 1397 243 1431 div.
274 1400 460 1444 scriptura.
493 1400 591 1434 Leid.
622 1415 640 1435 a
669 1415 712 1436 m.
739 1416 819 1445 sec.‚
854 1406 1054 1448 (praeterea
1082 1409 1158 1441 Alb.
1191 1417 1226 1442 et
1256 1412 1361 1445 Paris.
1381 1414 1414 1448 2.
1445 1416 1479 1449 7.
1501 1417 1606 1450 8.11.
1631 1419 1685 1454 13.

176 1445 275 1489 IVr.)
302 1446 426 1491 quibus
449 1447 539 1480 adde
561 1449 727 1482 Servium.
776 1451 851 1484 Hoc
869 1453 917 1485 ita
933 1454 1001 1486 dici
1026 1466 1130 1497 posse
1150 1456 1254 1489 docet
1276 1459 1471 1503 Burmann„
1496 1473 1559 1495 nec
1578 1463 1621 1495 de
1643 1476 1685 1497 eo

173 1491 369 1526 dubitatur:
397 1495 506 1539 quid?
532 1496 624 1540 quod
646 1497 747 1529 etiam
771 1498 907 1531 doctius
925 1500 975 1533 ita
1003 1501 1150 1535 dicitur:
1188 1516 1338 1537 versare
1369 1507 1464 1540 dolis
1495 1510 1685 1551 Troianos,

173 1539 247 1581 uti,
274 1553 423 1573 versare
451 1544 611 1575 animum
639 1544 819 1586 consiliis,
853 1548 952 1579 curis
987 1559 1065 1591 pro,
1090 1561 1188 1582 curas
1209 1551 1342 1587 animo:
1376 1560 1412 1585 ut
1437 1561 1469 1587 et
1493 1556 1630 1597 Graeci,
1655 1570 1684 1591 v.

172 1598 201 1618 c.
223 1587 317 1631 quod
338 1588 443 1620 modo
465 1588 499 1620 in
519 1602 620 1623 manu
640 1590 827 1631 habemus,
853 1593 1052 1637 Tryphiod.
1077 1597 1144 1630 112
1166 1593 1294 1641 Αὐτὰρ
1318 1593 1339 1632 ὁ
1359 1598 1571 1646 δαιμονίῃσι
1593 1600 1685 1636 νόον

171 1631 352 1678 βουλῇσιν
374 1631 535 1669 ἑλίσσων.
583 1640 627 1669 At
643 1636 678 1670 h.
700 1636 723 1670 l.
743 1638 863 1671 ultima
883 1639 1001 1673 littera
1021 1654 1039 1674 a
1062 1643 1238 1687 sequentis
1268 1656 1341 1677 voc.
1362 1645 1462 1679 initio
1489 1648 1685 1693 intercepta

172 1692 250 1712 esse
269 1680 418 1714 videtur.
469 1684 632 1727 (versare
655 1685 751 1717 dolis
775 1687 956 1720 Troianos
977 1688 1052 1732 quis
1074 1697 1179 1732 neget
1198 1698 1292 1723 recte
1323 1692 1417 1725 dici?
1450 1694 1512 1726 sed
1544 1696 1627 1729 dolo
1648 1697 1682 1729 h.

170 1726 194 1759 l.
214 1727 275 1771 qui
299 1729 475 1772 praeferar
489 1755 497 1770 ,
525 1730 653 1763 doceat
674 1738 827 1774 oportet,
855 1733 940 1766 dolo
959 1748 1106 1768 versare
1123 1748 1191 1769 uon
1213 1737 1377 1770 adiuncto
1400 1742 1593 1775 accusativo
1612 1744 1682 1776 La—

169 1773 280 1807 tinum
304 1788 391 1808 esse.
418 1776 512 1817 ΠΤ.)
562 1785 683 1810 certae
704 1780 834 1818 morti,
857 1780 950 1823 quod
972 1781 1047 1824 ipsa
1068 1782 1160 1815 ratio
1182 1786 1417 1826 monstrabat,
1445 1788 1561 1821 Heius.
1581 1801 1682 1822 rece-

170 1821 224 1864 pit
253 1833 297 1854 ex
325 1822 442 1855 Nonio
475 1824 662 1866 Marcello,
703 1825 865 1869 Longob.
898 1827 1026 1870 Pierii,
1071 1831 1198 1862 Moret.
1229 1843 1297 1864 sec.
1334 1839 1368 1864 et
1406 1834 1571 1867 Rottend.
1601 1843 1681 1869 tert.

168 1867 286 1912 Vulgo
316 1878 425 1902 certe.
474 1871 652 1904 Notabilis
683 1872 867 1918 Pomponii
892 1874 1012 1907 Sabini
1040 1883 1142 1909 nota:
1177 1886 1274 1910 certe
1303 1877 1502 1913 adverbium
1532 1890 1598 1915 est.-
1633 1883 1680 1916 sic

167 1914 258 1959 legit
273 1917 507 1961 Apronianus.

168 2010 290 2049 Forte
332 2017 467 2050 tamen
508 2013 647 2052 melius
695 2014 899 2054 iunxeris:

168 2083 278 2106 mens
308 2084 387 2107 non
412 2072 533 2108 laeva
569 2070 608 2109 h.
648 2085 679 2110 e.
707 2086 825 2122 sana,
867 2073 899 2111 si

169 2127 296 2165 fatum
327 2134 367 2165 et
402 2142 513 2166 mens
536 2143 631 2166 sana
656 2131 807 2169 suisset.
866 2133 902 2167 si

160 2185 456 2236 siztafiiissent
481 2186 548 2225 inf.
578 2201 615 2225 v.
635 2187 732 2229 433.
764 2190 811 2226 cf.
833 2188 896 2237 III,

170 2245 235 2283 16.
278 2242 418 2295 (Recte
446 2244 673 2283 Wunderl.:
714 2246 898 2297 „Sisala

166 2301 207 2337 cl.
234 2301 431 2350 fids-sent,
463 2309 510 2340 ut
533 2302 813 2354 detegerentur
830 2304 895 2341 in-

166 2358 301 2397 sidiae.
316 2362 340 2381 “
407 2360 542 2410 Neque
579 2362 817 2412 impulerat,
865 2362 895 2399 si

166 2418 344 2455 accurati
382 2417 614 2470 interpretis
644 2426 778 2471 partes
817 2420 896 2457 im-

166 2474 274 2525 plere
294 2476 457 2514 volebat
481 2476 672 2528 Heyniu5‚
691 2478 897 2529 explican-

166 2531 263 2570 dum
282 2539 368 2571 erat
388 2548 458 2585 per
474 2536 698 2584 impulisset
708 2551 723 2582 ;
756 2540 893 2586 impii-

165 2591 277 2639 lenit,
298 2592 547 2642 sificissent:
583 2599 633 2630 at
656 2607 715 2630 no
730 2607 756 2630 11
787 2594 892 2631 fue-

164 2654 315 2697 runt,
356 2663 448 2701 ergo
477 2664 559 2688 nou
587 2651 723 2702 potuit
749 2651 893 2703 impel-

164 2705 266 2755 lere3
300 2709 546 2758 impulisset,
579 2709 802 2759 sifuissent
818 2726 829 2746 .·
863 2709 893 2746 si

164 2763 350 2813 fiiis-sent,
392 2772 448 2803 ut
481 2779 593 2804 esse
623 2773 890 2817 poterant,

162 2827 323 2872 poterat
341 2823 440 2873 fieri,
469 2830 518 2861 ut
538 2824 771 2876 impelleret.
802 2824 891 2862 vid.

163 2879 254 2918 Not.
282 2880 334 2917 ad
353 2881 418 2929 IV,
451 2884 516 2923 19.
548 2880 660 2935 lVr.)
722 2883 891 2933 Argoli-

162 2950 232 2974 cas
248 2938 433 2988 latebras,
464 2952 589 2989 equus
607 2953 687 2991 quo
712 2940 891 2978 latebant

957 2014 1106 2068 Argivi.
1151 2019 1347 2070 foedare,
1383 2022 1576 2072 exquisite
1605 2038 1677 2075 pro

957 2073 1145 2125 lacerare,
1178 2083 1224 2115 ut
1243 2077 1327 2115 aliis
1346 2078 1385 2116 in
1406 2079 1499 2117 locis
1520 2080 1568 2118 de
1587 2082 1677 2119 vul-

957 2145 1074 2182 nere,
1106 2140 1177 2171 aut
1208 2135 1393 2173 mutilato
1423 2150 1598 2188 corpore,
1631 2145 1676 2176 ut

957 2188 1189 2241 αἰσχύνειν,
1240 2194 1472 2244 λωβᾶσθαι,
1523 2195 1589 2231 sed
1636 2202 1676 2233 et

956 2247 1083 2299 simpl.
1109 2263 1183 2300 pro
1207 2249 1437 2289 vulnerare:
1469 2266 1505 2289 v.
1530 2252 1673 2301 initui,

953 2304 1035 2347 241
1064 2312 1103 2342 et
1125 2307 1180 2344 ibi
1199 2313 1280 2345 not.
1316 2308 1395 2356 VH,
1428 2310 1528 2358 5753
1567 2310 1674 2348 unde

955 2368 995 2399 et
1013 2376 1102 2401 cum
1120 2378 1164 2401 ea
1186 2378 1283 2402 voce
1301 2365 1498 2417 iungitur:
1520 2367 1672 2415 H‚286.

952 2418 994 2458 h.
1009 2420 1033 2458 l.
1053 2420 1276 2473 difl'ringere
1295 2429 1335 2461 et
1357 2423 1570 2463 dissolvere
1586 2439 1673 2462 ma-

954 2476 1094 2515 chinae
1126 2493 1363 2531 compagem.
1426 2481 1485 2519 Ad
1508 2483 1671 2520 verbum

952 2537 1084 2574 onmia
1110 2551 1294 2589 expressa
1325 2539 1433 2590 apud
1453 2540 1607 2578 Petron.
1639 2554 1670 2578 e.

953 2596 1019 2634 89.
1038 2608 1077 2632 v.
1096 2598 1151 2637 20
1173 2610 1228 2645 sq.

1010 2654 1076 2693 57.
1107 2654 1162 2690 De
1187 2654 1332 2692 Sinone
1357 2653 1592 2706 episodiuinz
1632 2668 1668 2691 v.

952 2710 1115 2749 Exeurs.
1137 2711 1200 2750 IV.
1221 2723 1312 2749 eum
1333 2711 1549 2760 trahebant,
1580 2725 1667 2749 cum

949 2767 1201 2806 festinatione
1227 2769 1496 2818 adducebant,
1536 2776 1582 2806 ut
1604 2769 1666 2816 Vl,

951 2826 1033 2866 753
1057 2826 1277 2864 Conventus
1296 2827 1418 2864 trahit
1441 2829 1482 2864 in
1503 2828 1661 2863 medios.

949 2883 1061 2922 Serv.

1007 2941 1061 2982 59
1075 2961 1122 2970 —
1137 2943 1203 2983 62.
1235 2940 1315 2989 Qui
1334 2953 1373 2977 se
1393 2940 1439 2977 iis
1468 2940 1573 2977 ultro
1590 2938 1663 2975 ob-

1276 3009 1390 3054 18*
