1811 3388
303 167 711 219 AENEmos
747 169 888 216 ΜΒ.
926 170 988 231 v,
1027 173 1323 222 688—706

1477 183 1574 228 813

67 293 460 358 Inplenturque
484 308 645 357 super
668 309 901 358 puppes;
941 295 1189 344 semiusta
1214 296 1528 347 madescunt

67 362 312 421 Robora3
350 362 630 409 restinctus
653 361 826 410 donec
855 379 1021 427 vapor
1052 366 1250 427 omniS,
1292 375 1342 415 et
1373 384 1578 432 oanS,

68 434 310 492 Qnatuor
332 430 554 492 amissis,
587 440 819 479 servatae
844 449 870 479 a
896 441 1045 496 peste
1067 436 1285 486 carinae.

136 503 202 548 At
222 508 374 564 pater
394 503 624 562 AeneaS,
665 516 783 548 casu
807 517 1091 550 concussus
1114 504 1322 565 acerbo,

1478 512 1578 558 700

65 572 217 619 Nunc
240 568 344 617 hue
367 569 614 633 ingentis,
653 586 795 618 nunc
820 569 941 619 illuc
969 581 1186 635 pectore
1208 589 1354 622 curas

66 637 301 688 Mutabat
324 655 557 688 versans:
596 638 849 687 Siculisne
875 640 1133 690 resideret
1152 644 1299 706 arvis,

69 706 280 756 Oblitus
302 705 560 766 fatorum,
597 707 821 757 Italasne
845 720 1140 774 capesseret
1167 728 1296 763 oras,

69 779 207 825 Tum
232 777 410 825 senior
429 780 648 839 NauteS,
684 795 854 826 unum
878 780 1114 828 Tritonia
1139 781 1304 829 Pallas

69 847 244 906 Quem
261 845 465 909 docuit,
492 845 767 912 multaque
790 847 1050 911 insignem
1071 849 1305 898 reddidit
1327 857 1452 907 arte,
1474 854 1574 902 705

65 915 207 963 Haec
230 932 483 980 responsa
515 915 692 978 dabat,
730 916 813 965 vel
835 934 968 983 quae
990 919 1343 985 portenderet
1363 919 1437 968 ira

160 1042 228 1078 697
257 1045 505 1089 Impleturque
525 1044 632 1080 wall.
681 1045 918 1091 Implem'tque
938 1046 1005 1080 duo
1025 1049 1137 1081 Burm.
1186 1050 1360 1082 semiusta
1390 1048 1508 1081 Heius.
1540 1055 1574 1081 et

67 1088 124 1122 hic
146 1090 331 1133 praetulit3
359 1098 394 1123 et
415 1092 465 1124 sic
485 1092 610 1124 Medic.
630 1091 769 1135 aliique,
786 1092 854 1125 vid.
877 1105 952 1135 sup.
976 1095 1020 1126 ad
1049 1097 1106 1134 111,
1137 1097 1216 1130 578.

67 1135 135 1168 dic.
160 1142 195 1168 et
212 1137 297 1174 neg.
324 1138 399 1181 (sed
424 1146 462 1170 αι
492 1152 510 1170 a
529 1151 573 1170 m.
602 1151 669 1170 see.
700 1139 826 1171 Medic.
868 1140 960 1182 ll'r.)

1311 1097 1381 1130 700
1413 1099 1461 1128 Et
1496 1097 1574 1128 Me-

1062 1144 1131 1176 702
1167 1141 1334 1174 ,Ηοιαὸαί
1361 1143 1429 1174 duo
1463 1144 1562 1174 Burm

67 1181 125 1214 hic
158 1189 195 1214 ut
229 1183 323 1215 alibi.
351 1196 381 1216 v.
409 1185 465 1223 lii,
497 1187 576 1220 581.
626 1187 769 1217 iactans
798 1192 879 1218 tert.
907 1187 1073 1220 I’nottend.
1124 1188 1256 1221 dubius
1284 1189 1394 1221 codex
1425 1189 1573 1221 Pierian.

66 1228 212 1273 propius
238 1230 283 1262 ad
314 1230 490 1273 vulgarem
521 1231 702 1263 rationem.
755 1244 880 1264 versas
909 1233 1016 1266 Goth.
1047 1242 1122 1266 tert.

1173 1235 1305 1267 Siculis
1332 1236 1508 1267 restderec
1535 1237 1572 1267 in

67 1277 169 1307 arvis
196 1275 251 1308 ed.
287 1277 373 1308 Ven.
424 1277 583 1309 Ceterum
618 1277 879 1310 distinctionem
908 1279 998 1311 inter
1032 1280 1222 1320 Μιιιαὺαι,
1259 1294 1413 1314 versans
1440 1281 1572 1321 sustuli,

66 1332 109 1353 ne
134 1321 178 1353 ad
209 1321 401 1355 orationem
431 1323 626 1367 pedestrem
658 1336 712 1355 res
744 1324 887 1358 rediret.

528 1371 597 1404 703
630 1371 785 1402 Jcalz'sne
817 1373 900 1415 Heg,
950 1373 1114 1405 scalas-zie
1146 1377 1263 1418 Sprot.
1311 1375 1380 1406 Sed
1408 1375 1574 1406 Italasne

67 1378 128 1399 ore
159 1379 223 1411 pro
252 1368 433 1402 versabat.

946 1326 1116 1358 mutabat
1150 1339 1302 1359 versans
1333 1335 1385 1359 est
1416 1328 1573 1371 pleniore

66 1426 130 1459 pro
152 1426 198 1446 (ιη
217 1416 246 1446 Ι.
270 1415 426 1448 studiose
447 1416 550 1454 dixit3
578 1423 615 1448 ut
637 1418 660 1457 I,
683 1418 750 1450 308
768 1418 976 1450 hominesne
991 1419 1157 1463 seraene.
1206 1430 1409 1464 capesceret
1441 1421 1574 1464 aliquot

67 1473 121 1503 ap.
142 1461 323 1493 Burmann.
358 1472 521 1506 posceret
536 1464 625 1496 Ven.

67 1506 158 1540 Gud.
206 1516 308 1539 vates
341 1509 448 1541 Goth.
476 1516 556 1542 tert.

718 1464 788 1497 704
815 1468 897 1496 Cum
915 1465 1047 1508 aliquot
1065 1473 1098 1497 et
1118 1466 1174 1497 hic
1195 1480 1250 1510 ap.
1272 1466 1388 1499 Heius.

650 1510 717 1544 706
755 1512 856 1542 Ilaec
886 1524 913 1543 r.
944 1510 1065 1543 (labat.
1114 1512 1300 1544 salebrosa
1333 1513 1467 1553 oratio,

1438 1468 1574 1499 stactus

1513 1526 1573 1545 se-

67 1559 194 1596 quente
213 1553 370 1598 inprimis
393 1557 501 1600 Isque
519 1557 577 1588 his
593 1559 638 1588 A.
672 1556 810 1588 Malim:
838 1559 907 1589 Ilio
940 1558 1097 1599 (Nautes)
1124 1571 1300 1604 responsa
1327 1559 1457 1600 dabat,
1489 1560 1572 1592 (lare

67 1599 226 1641 solebat,
250 1612 354 1643 super
382 1601 445 1642 iis,
480 1614 573 1646 quae
602 1603 663 1635 vel
680 1622 720 1625 —
743 1604 808 1635 vel.
858 1606 966 1648 Isque
988 1623 1030 1627 -—
1049 1611 1084 1636 ut
1111 1603 1292 1648 iungatur:
1336 1608 1424 1637 Tum
1453 1618 1574 1638 semor

66 1646 211 1679 Nautes
235 1648 335 1688 infit:
370 1648 431 1679 sed
462 1646 645 1680 interiecta
673 1648 739 1680 alia
770 1649 923 1690 ratione,
966 1651 1094 1694 Isque,
1130 1652 1160 1682 Is
1190 1652 1346 1694 inquam,
1382 1653 1574 1684 subiectum

67 1698 131 1724 est.
182 1693 231 1724 Ita
266 1693 368 1726 facile
407 1706 523 1726 careas
562 1695 791 1738 interpretum
824 1696 980 1739 argutiis.
1031 1697 1073 1728 Et
1114 1705 1164 1729 est
1204 1699 1262 1730 ,¹21⁶-
1295 1697 1329 1729 in
1364 1711 1419 1741 qu.
1447 1700 1573 1731 Mon-en

65 1739 351 1772 Emendationem
369 1747 520 1772 nostram
542 1740 577 1773 in
597 1748 794 1774 contextum
813 1743 946 1786 recepit
964 1743 1109 1775 Brunek.
1139 1746 1223 1786 (llic
1242 1743 1270 1776 si
1290 1745 1469 1777 scribimus
1484 1745 1518 1777 h.
1538 1745 1573 1785 l.‚

66 1785 237 1828 generalis
275 1786 393 1819 existit
429 1787 620 1830 sententia,
665 1788 825 1832 peritiam
856 1789 1068 1822 vaticinandi
1096 1797 1241 1826 testans.
1288 1791 1358 1824 Sed
1385 1798 1455 1824 tum
1484 1792 1574 1824 circa

71 1893 125 1927 sis
151 1893 298 1928 αιιείνιῖς
319 1906 392 1944 pro
413 1891 566 1940 nimbis,
599 1908 697 1944 quos
718 1907 792 1931 an-

68 1948 138 1985 stri
169 1955 307 1998 agunt:
359 1949 435 1987 hoc
471 1951 594 1988 imbre
627 1953 793 2001 desuper

67 2005 285 2055 implentur
307 2020 439 2043 naves.

126 2065 221 2116 791.
242 2066 337 2103 702.
368 2064 506 2101 Versat
526 2078 661 2109 curas3
693 2077 792 2114 quae

69 2126 200 2157 autem
232 2127 463 2167 versantur,
504 2122 590 2158 loeo
622 2135 791 2158 moven-

68 2183 137 2213 tur
170 2182 208 2212 et
244 2183 471 2223 mutantur,
520 2177 613 2215 hinc
647 2179 790 2227 exqui-

69 2234 161 2280 site,
198 2248 358 2270 rerswzs
389 2235 585 2272 mulcebat.
641 2236 791 2272 Home-

67 2291 195 2328 ricum
218 2288 400 2342 διάνδιχα
423 2289 649 2343 μερμήριξε.
696 2293 791 2330 Mox

68 2356 284 2398 capez-seret
315 2349 361 2385 de
383 2350 544 2387 consilio
569 2364 613 2386 ac
631 2353 788 2387 conatu.

127 2403 207 2445 704
222 2430 272 2434 —-·
287 2408 380 2446 708.
399 2406 528 2456 Magni
551 2414 688 2457 poetae
708 2409 790 2445 vim

69 2467 109 2498 et
128 2461 300 2499 indolem
324 2477 487 2513 agnosce
509 2465 547 2501 in
576 2464 661 2512 lior,
682 2465 789 2515 quod

68 2531 175 2567 rem,
220 2533 338 2569 quam
380 2521 524 2558 saetam
557 2522 654 2559 alius
684 2522 789 2559 nude

69 2575 152 2612 sine
182 2578 417 2614 auctoritate
457 2585 495 2616 et
537 2580 789 2630 apparatione

70 2634 333 2683 exposuisset,
366 2649 384 2672 a
414 2637 577 2674 consilio
613 2637 791 2687 pruden—

71 2689 119 2726 tis
141 2690 305 2728 alicuius
324 2692 434 2730 amici
459 2694 653 2744 proficisci
677 2701 715 2732 et
744 2695 791 2730 ab

71 2745 263 2783 Anchisae
302 2749 442 2786 umbra
493 2764 560 2801 per
609 2766 791 2789 sonnium

71 2802 203 2840 oblata
240 2804 391 2842 Aeneae
432 2808 642 2858 approbari
677 2810 792 2857 facit,

70 2860 194 2896 multo
230 2873 325 2898 vero
358 2864 476 2913 magis
506 2864 546 2902 in
577 2877 642 2913 eo,
684 2866 792 2915 quod

849 1894 1002 1932 Nautae
1037 1908 1203 1946 persona
1251 1897 1407 1944 utitur,
1462 1898 1573 1934 cuius

851 1965 995 1988 nomen
1018 1967 1097 1989 non
1125 1953 1338 1991 obscurum
1375 1955 1478 1991 inter
1508 1968 1573 1991 eos

851 2009 1044 2046 Troianos
1064 2010 1164 2056 fuit,
1198 2024 1217 2046 a
1250 2012 1391 2059 quibus
1424 2013 1572 2048 Roma-

851 2079 923 2103 nae
943 2073 1076 2115 gentes
1106 2067 1293 2114 originem
1326 2069 1570 2118 repetebant.

851 2124 942 2160 Fuit
976 2125 1078 2159 enim
1123 2124 1263 2161 Nautia
1303 2138 1394 2174 gens
1418 2155 1426 2171 ‚
1464 2125 1572 2175 apud

850 2193 966 2230 quam
991 2180 1153 2217 Palladii
1184 2195 1277 2218 cura
1315 2189 1570 2229 remanserat,

850 2243 983 2274 ortum
1030 2237 1178 2275 ducens
1224 2252 1244 2275 a
1297 2240 1452 2287 Nauio,
1509 2240 1571 2276 vel

848 2294 1016 2342 Nautio,
1061 2297 1127 2344 qui
1163 2295 1362 2334 Minervae
1402 2297 1571 2334 l'oliadis

847 2352 1030 2388 sacerdos
1051 2352 1267 2390 Palladium
1288 2367 1419 2391 secum
1453 2355 1571 2391 Troia

849 2410 1095 2459 absportasse
1164 2412 1417 2449 narrabatur.
1498 2413 1572 2449 Res

851 2473 943 2503 nota
975 2479 1023 2502 ex
1053 2467 1212 2518 Dionys:
1247 2468 1371 2506 llalie.
1416 2469 1477 2514 Vl,
1517 2472 1570 2511 69

852 2523 904 2574 (p.
937 2522 1058 2574 303),
1099 2532 1138 2562 et
1170 2526 1309 2562 Servio
1360 2526 1409 2563 ad
1456 2526 1493 2563 h.
1532 2526 1571 2574 l.,

849 2581 915 2630 qui
941 2580 1127 2618 Varronis
1157 2582 1204 2619 de
1238 2583 1404 2620 familiis
1430 2584 1571 2620 Troia-

850 2638 910 2675 nis
934 2638 1052 2675 libros
1077 2640 1238 2677 excitat.
1301 2641 1403 2678 llinc
1423 2642 1571 2678 Pallas

850 2695 1018 2732 Nautein
1055 2695 1093 2733 h.
1129 2697 1152 2734 l.
1179 2698 1334 2745 ‹lot-nil,
1374 2704 1417 2735 ut
1459 2711 1571 2748 saepe

851 2753 956 2803 apud
973 2753 1190 2790 llomerum
1214 2769 1234 2791 a
1261 2755 1332 2792 diis
1355 2762 1457 2792 artes
1475 2755 1570 2790 edo—

852 2811 902 2846 cti
943 2810 1204 2849 inducuntur.
1264 2827 1414 2856 unam,
1462 2811 1568 2859 quod

849 2867 1002 2919 plenius
1043 2868 1231 2906 effertur:
1282 2881 1399 2918 quem
1448 2881 1570 2905 unum
