1827 3436
380 272 788 322 AENEIDOS
832 272 962 319 {ill-¹».
1005 271 1040 327 1,
1080 275 1268 321 9——16

73 409 239 464 Quam
263 402 396 447 Iuno
426 397 591 446 sertui·
615 397 763 444 terris
787 395 947 457 magis
970 393 1220 441 omnibus
1247 409 1403 440 unam

1508 277 1567 319 67

1513 401 1572 446 15

71 468 370 521 Posthabita
399 467 621 516 coluisse
650 469 837 521 Samo;
888 463 970 511 hic
994 462 1126 511 illius
1159 477 1317 523 arma,

164 608 204 642 15
234 609 337 639 Hunc
365 606 476 649 Bigot.
518 604 646 650 fertur
672 614 809 637 terram
833 600 1038 646 Sprotianus
1065 612 1128 643 pro
1155 612 1225 632 var.
1252 600 1332 632 lect.

258 654 300 688 16
326 654 377 685 Ad
403 652 533 684 hiatum
558 651 592 683 in
619 651 684 683 hoc
718 662 817 682 versu
854 646 1122 691 impugnandum
1148 645 1317 678 neminem
1344 646 1446 677 vidco
1472 647 1569 689 quic-

71 655 161 687 rhais.

1383 612 1457 631 ιιιιιι
1485 600 1571 631 Par—

70 713 169 744 quam
195 700 373 737 attulisse,
399 706 433 730 ut
460 697 580 730 mirum
607 698 674 737 sit,
717 709 776 729 cur
799 696 840 728 ad
875 694 962 727 alios
988 692 1208 725 offenderint.
1258 692 1340 736 (vid.
1367 694 1409 733 Q.
1438 693 1480 723 V.
1512 694 1572 732 Nl,

71 750 102 787 2,
130 748 161 780 b.
188 754 222 779 et
246 746 279 781 4.
311 746 403 787 Ην.)

75 867 214 904 magno
235 852 445 890 interiecto
478 851 596 898 mari,
640 863 688 886 ex
719 849 793 885 ad—

71 924 185 949 verso
212 910 347 947 Italiae
375 915 415 946 et
443 909 603 959 quidem
636 908 793 953 Romae,

72 982 190 1018 quam
212 980 283 1019 per
313 966 481 1004 Tiberim
503 963 697 1015 designari
715 977 793 1014 pu·-

73 1033 125 1062 to.
177 1026 394 1075 sludit'sque
433 1025 651 1073 asperrima
683 1020 790 1068 belli,

71 1081 245 1134 graviter
292 1081 444 1118 dictum
483 1094 580 1131 pro:
639 1078 790 1126 dedita,

71 1153 222 1176 vacans
240 1139 381 1175 studiis
401 1138 495 1174 bella·
508 1154 518 1174 :
542 1136 651 1188 quod
669 1149 791 1185 aspe-

70 1211 157 1234 rum
180 1196 255 1233 dici
288 1196 407 1244 solct;
441 1200 523 1231 tum
549 1193 675 1246 poetis
706 1198 793 1229 stu-

72 1254 182 1292 dium
203 1253 350 1290 dicitur
369 1265 572 1303 asperum,
606 1249 793 1288 tandem-

72 1324 146 1360 que
188 1310 276 1347 [ahs
321 1324 464 1360 aspera
504 1310 645 1345 madiis
684 1306 789 1343 belli.

74 1368 207 1405 Virtus
228 1367 366 1404 bellica
397 1380 417 1403 a
440 1366 567 1417 poetis
594 1378 664 1416 per
690 1365 793 1400 iram

74 1425 311 1476 exprimitur
368 1424 527 1473 eiusque
585 1421 792 1460 attributa.

78 1485 351 1531 lit-asperatur
379 1487 512 1518 autem
542 1479 598 1527 is,
630 1478 699 1529 qui
729 1478 793 1515 of-

74 1539 250 1576 fenditur
279 1544 318 1575 et
339 1537 390 1574 ad
417 1538 516 1575 iram
536 1540 791 1588 provocatur.

74 1597 210 1646 ltaque
252 1610 392 1644 asper,
445 1591 610 1648 τραχύς,
671 1591 792 1630 modo

75 1654 213 1701 iratus,
244 1651 475 1700 vehemens,
507 1652 637 1697 ferus,
668 1651 794 1697 ferox,

73 1724 230 1758 saevus,
265 1709 384 1747 modo
411 1709 542 1756 fortis,
572 1707 794 1754 bellicosus,

75 1768 192 1805 modo
225 1780 332 1813 acer,
364 1766 528 1813 ardens,
560 1765 793 1811 concitatus,

73 1826 255 1876 flagrans,
286 1830 332 1862 ut
351 1822 389 1861 11.
414 1824 438 1861 l.
478 1822 666 1860 Similiter
684 1835 793 1858 aeres

73 1881 289 1930 iracundi‚'
326 1880 461 1928 calidi,
493 1881 667 1933 δριμεῖς,
697 1892 792 1915 111οΧ

73 1939 250 1986 strenui,
281 1937 514 1989 πρακτικοὶ,
556 1943 643 1974 tum
667 1935 794 1974 vehe-

73 2003 245 2044 mentes,
299 1994 444 2043 δεινοὶ,
494 2000 534 2031 et
567 1994 622 2031 sic
660 1994 795 2031 sortes.

74 2054 202 2091 Semel
226 2052 426 2090 monuisse
443 2051 605 2104 expedit
628 2050 678 2088 ad
698 2062 796 2100 poe-

74 2111 194 2149 ticam
228 2109 470 2158 orationem,
520 2121 638 2159 quam
665 2107 797 2159 inpri—

75 2169 147 2206 mis
182 2172 429 2220 perspectam
476 2178 557 2203 esse
597 2165 795 2213 volumus,

76 2225 364 2263 declarandam.

135 2341 198 2381 15.
240 2339 371 2386 Quam
393 2338 493 2375 Iuno
518 2337 646 2374 fertur
675 2348 794 2373 unam

77 2399 253 2434 omnium
280 2396 449 2432 maxime
471 2406 639 2441 amasse,
675 2393 794 2430 etiam

76 2456 192 2491 Samo
222 2453 476 2505 praetulisse,
507 2452 546 2489 in
576 2464 651 2501 qua
685 2449 794 2487 anti—

77 2512 264 2561 quissima
293 2516 330 2547 et
358 2509 612 2547 celeberrima
632 2507 796 2544 Iunonis

77 2569 208 2619 religio
243 2574 339 2605 erat.
383 2565 482 2617 (vid.
510 2565 687 2603 Panoska
716 2565 797 2600 Res

79 2626 303 2662 Samiorum
324 2638 361 2675 p.
383 2626 448 2665 57.
468 2636 551 2673 sqq.
593 2636 693 2659 umes
712 2633 797 2658 sae-

80 2695 126 2732 pe
169 2681 421 2734 superlativis
455 2679 703 2729 adiungitur,
753 2684 800 2715 ut

81 2739 125 2786 H,
155 2738 264 2787 426„
295 2753 386 2776 raro
410 2735 707 2788 comparatiw'S,
750 2740 796 2772 ut

82 2795 128 2831 ab
147 2795 287 2834 Horat.
307 2795 431 2847 Epod.
452 2795 540 2842 ΧΗ,
558 2793 613 2834 4.;
646 2792 795 2840 „Nam—

82 2864 155 2900 que
183 2854 417 2904 sagacius
449 2864 579 2889 unus
610 2850 796 2887 odoror.“

81 2910 199 2945 colere
243 2917 392 2958 terras,
454 2908 571 2946 urbes
610 2907 797 2944 dicuntur

85 2963 148 3009 dii,
178 2979 274 3016 quae
296 2980 388 3018 prae
408 2966 544 3003 ceteris
568 2976 684 3001 curae
706 2976 797 2999 cor-

853 844 973 895 dique
994 844 1066 882 sibi
1090 849 1203 891 sunt3
1235 844 1314 881 Ecl.
1332 844 1377 891 11,
1414 847 1479 885 60.
1496 858 1571 894 sq.:

852 903 1015 951 ‚‚Pallas‚
1035 914 1133 952 quas
1151 901 1330 938 condidit
1349 915 1469 949 arces,
1488 902 1574 952 Ipsa

853 961 1011 1008 colat;
1048 958 1162 996 nobis
1199 958 1444 1009 placeant
1483 964 1575 995 ante

853 1017 984 1054 onmia
1003 1016 1162 1054 silvae.“
1193 1015 1255 1063 ΙΙΙ,
1287 1018 1352 1057 59.
1375 1030 1451 1066 sq.:
1483 1016 1574 1063 „Io—

853 1075 910 1112 vis
935 1075 1066 1111 omnia
1087 1073 1222 1125 p10na3
1247 1072 1315 1109 Ille
1339 1074 1465 1111 colit
1489 1080 1574 1110 ter-—

851 1145 937 1180 ras,
968 1131 1023 1168 illi
1051 1144 1136 1167 mea
1165 1130 1341 1168 carmina
1373 1133 1573 1168 curae.“

857 1187 973 1241 lVr.)
1043 1187 1099 1225 De
1136 1188 1282 1238 templo
1312 1188 1472 1225 Iunonis
1500 1190 1573 1224 Sa—

851 1245 952 1283 miae
982 1259 1020 1283 v.
1054 1244 1336 1292 He1·od0t.11[‚
1368 1247 1432 1286 60.
1475 1246 1573 1281 Car-

851 1302 1014 1353 thagine
1043 1302 1115 1339 sub
1146 1302 1324 1339 &faniae
1344 1301 1505 1339 nomine
1535 1301 1573 1338 h.

852 1372 884 1397 e.
916 1372 961 1397 ea
987 1358 1270 1411 appellatione,
1309 1372 1409 1409 quae
1437 1371 1574 1409 graece

849 1417 905 1454 ita
925 1416 1041 1455 reddi
1072 1422 1224 1467 posset,
1266 1415 1365 1453 Iuno
1392 1416 1468 1453 suit
1487 1416 1574 1453 cul-

852 1480 904 1523 ta,
935 1480 1006 1511 aut
1027 1474 1103 1511 coli
1132 1472 1295 1510 eredita.
1344 1473 1443 1510 Nam
1463 1487 1574 1511 com—

849 1531 1005 1582 paratio
1044 1530 1109 1568 illa
1140 1530 1307 1568 deorum
1339 1530 1444 1581 apud
1462 1536 1574 1567 exte-

851 1602 915 1626 ras
935 1594 1070 1639 gentes
1090 1587 1165 1625 coli
1193 1588 1404 1625 solitorum
1431 1601 1575 1638 parum

853 1645 971 1683 docte
993 1660 1013 1682 a
1027 1645 1188 1682 Graecis
1208 1650 1247 1682 et
1266 1644 1453 1681 Romanis
1472 1646 1574 1682 facta

852 1708 929 1741 est:
960 1702 1017 1740 ita
1048 1702 1095 1739 ab
1118 1702 1203 1739 aliis
1233 1700 1330 1738 hacc
1358 1702 1442 1753 ipsa
1474 1703 1574 1739 Poe—

852 1774 996 1797 norum
1019 1759 1093 1797 dea
1124 1772 1214 1796 cum
1237 1759 1387 1796 Venere
1415 1774 1574 1810 compa—

851 1824 939 1855 rata
961 1823 1032 1855 est.
1063 1815 1312 1855 vid.Selden.
1336 1816 1384 1854 de
1405 1817 1483 1854 niis
1497 1820 1574 1867 sy—

851 1875 905 1913 ris
925 1877 1038 1926 Synt.
1061 1874 1106 1922 II,
1140 1887 1171 1911 c.
1193 1876 1230 1914 2.

922 1991 986 2030 16.
1034 1989 1119 2024 IIc‘c
1163 1987 1272 2024 illius
1306 1999 1421 2024 arma
1437 2016 1446 2033 ‚
1510 1986 1574 2022 llic

854 2060 988 2083 currus
1012 2045 1123 2095 suit,
1168 2043 1314 2092 ducta,
1354 2050 1474 2094 puto,
1518 2045 1572 2080 rei

853 2104 981 2153 imago
1001 2102 1048 2138 ab
1070 2101 1242 2150 antiquis
1258 2099 1468 2147 heroibus,
1508 2101 1574 2149 qui

855 2160 1040 2198 curribus
1067 2158 1172 2197 vecti
1195 2157 1245 2195 ad
1271 2171 1442 2210 pugnam
1463 2170 1574 2207 egre-

855 2217 1088 2264 diebantur,
1135 2215 1301 2253 reduces
1339 2221 1470 2252 autem
1511 2228 1575 2251 eos

854 2276 895 2313 in
914 2275 1001 2312 loco
1032 2279 1137 2310 tecto
1164 2272 1413 2309 collocabant
1443 2286 1487 2308 ac
1509 2286 1574 2308 rc-

854 2332 1065 2384 ponebant.
1096 2329 1177 2368 vid.
1206 2329 1314 2367 lliad.
1337 2334 1379 2377 θ,
1411 2328 1506 2368 441.
1546 2344 1573 2375 ε,

856 2390 949 2431 194.
983 2387 1166 2426 traducta
1188 2386 1275 2433 illa,
1321 2392 1365 2423 ut
1397 2386 1492 2431 alia,
1525 2386 1573 2422 ad

856 2447 970 2493 deos,
1002 2444 1145 2496 quibus
1171 2457 1313 2481 currus
1342 2444 1401 2481 sui
1433 2449 1573 2488 essent,

855 2503 923 2554 qui
954 2503 995 2540 in
1030 2502 1076 2538 iis
1115 2501 1231 2546 locis,
1277 2513 1375 2550 quae
1413 2499 1575 2550 potissi—

855 2573 964 2598 mum
989 2561 1289 2609 frequentarent
1322 2557 1376 2594 dii
1401 2563 1440 2594 et
1470 2556 1575 2594 cole-

856 2624 943 2656 rent
959 2647 968 2665 ‚
1000 2627 1221 2667 quarumve
1239 2615 1404 2651 tutelam
1424 2613 1480 2650 illi
1499 2612 1575 2650 ha-

856 2676 1017 2722 berent,
1046 2677 1350 2724 reponerentur.
1407 2670 1484 2708 Pro
1513 2676 1575 2707 ta-

853 2733 956 2770 libus
989 2731 1084 2769 locis
1120 2729 1320 2766 habentur
1351 2727 1476 2778 poetis
1509 2740 1575 2763 eae

854 2790 972 2827 urbes
995 2800 1117 2837 caque
1141 2786 1308 2836 templa,
1343 2797 1443 2834 quae
1471 2785 1574 2820 cele-

858 2848 986 2884 briore
1013 2846 1144 2894 aliqua
1172 2842 1359 2893 religione
1389 2842 1573 2878 eminent.

857 2903 1040 2955 Egregius
1069 2901 1173 2939 hanc
1202 2900 1244 2937 in
1274 2912 1358 2937 rem
1386 2898 1495 2935 locus
1531 2898 1573 2934 Il.

857 2978 892 3007 v,
924 2963 969 3001 21
997 2973 1078 3009 sqq.
1104 2958 1152 2996 de
1172 2956 1286 3007 Aegis
1304 2956 1485 3005 Neptuno
1510 2968 1574 2990 sa—

1218 3025 1295 3067 ᾗ*
