<?xml version="1.0" encoding="UTF-8"?>
<!DOCTYPE html PUBLIC "-//W3C//DTD XHTML 1.0 Transitional//EN"
    "http://www.w3.org/TR/xhtml1/DTD/xhtml1-transitional.dtd">
<html xmlns="http://www.w3.org/1999/xhtml" xml:lang="en" lang="en">
 <head>
  <title>
</title>
<meta http-equiv="Content-Type" content="text/html;charset=utf-8" />
  <meta name='ocr-system' content='tesseract 3.04.00' />
  <meta name='ocr-capabilities' content='ocr_page ocr_carea ocr_par ocr_line ocrx_word'/>
</head>
<body>
  <div class='ocr_page' id='page_1' title='image "./publiusvirgilius02virguoft/publiusvirgilius02virguoft_0069.png"; bbox 0 0 1827 3436; ppageno 0'>
   <div class='ocr_carea' id='block_1_1' title="bbox 370 212 1553 274">
    <p class='ocr_par' dir='ltr' id='par_1_1' title="bbox 370 212 1553 274">
     <span class='ocr_line' id='line_1_1' title="bbox 370 212 1553 274; baseline 0 -8"><span class='ocrx_word' id='word_1_1' title='bbox 370 212 793 266; x_wconf 87' lang='lat' dir='ltr'><strong>AENEIDOS</strong></span> <span class='ocrx_word' id='word_1_2' title='bbox 841 213 985 263; x_wconf 89' lang='lat' dir='ltr'>LIB.</span> <span class='ocrx_word' id='word_1_3' title='bbox 1031 212 1072 274; x_wconf 89' lang='lat'>1,</span> <span class='ocrx_word' id='word_1_4' title='bbox 1119 219 1159 262; x_wconf 92' lang='lat'>1.</span> <span class='ocrx_word' id='word_1_5' title='bbox 1197 219 1230 264; x_wconf 76' lang='lat'>2</span> <span class='ocrx_word' id='word_1_6' title='bbox 1491 221 1553 266; x_wconf 87' lang='grc'>61</span> 
     </span>
    </p>
   </div>
   <div class='ocr_carea' id='block_1_2' title="bbox 47 384 1559 543">
    <p class='ocr_par' dir='ltr' id='par_1_2' title="bbox 47 384 1559 543">
     <span class='ocr_line' id='line_1_2' title="bbox 47 384 1559 474; baseline -0.006 -11"><span class='ocrx_word' id='word_1_7' title='bbox 47 384 238 468; x_wconf 83' lang='lat' dir='ltr'>Arma</span> <span class='ocrx_word' id='word_1_8' title='bbox 273 410 556 474; x_wconf 81' lang='lat' dir='ltr'>virumque</span> <span class='ocrx_word' id='word_1_9' title='bbox 594 422 751 469; x_wconf 83' lang='lat' dir='ltr'>cano,</span> <span class='ocrx_word' id='word_1_10' title='bbox 790 404 982 454; x_wconf 80' lang='lat' dir='ltr'>Troiae</span> <span class='ocrx_word' id='word_1_11' title='bbox 1008 405 1098 471; x_wconf 82' lang='lat' dir='ltr'>qui</span> <span class='ocrx_word' id='word_1_12' title='bbox 1127 404 1333 470; x_wconf 90' lang='lat' dir='ltr'>primus</span> <span class='ocrx_word' id='word_1_13' title='bbox 1359 404 1422 453; x_wconf 84' lang='lat' dir='ltr'>ab</span> <span class='ocrx_word' id='word_1_14' title='bbox 1454 406 1559 454; x_wconf 91' lang='lat' dir='ltr'>oris</span> 
     </span>
     <span class='ocr_line' id='line_1_3' title="bbox 48 474 1282 543; baseline -0.01 -9"><span class='ocrx_word' id='word_1_15' title='bbox 48 484 282 542; x_wconf 81' lang='lat' dir='ltr'>Italiam,</span> <span class='ocrx_word' id='word_1_16' title='bbox 319 477 429 528; x_wconf 79' lang='lat' dir='ltr'>sato</span> <span class='ocrx_word' id='word_1_17' title='bbox 462 474 748 543; x_wconf 80' lang='lat' dir='ltr'>profugus,</span> <span class='ocrx_word' id='word_1_18' title='bbox 785 475 1107 541; x_wconf 81' lang='lat' dir='ltr'>Laviniaque</span> <span class='ocrx_word' id='word_1_19' title='bbox 1137 475 1282 524; x_wconf 88' lang='lat' dir='ltr'>venit</span> 
     </span>
    </p>
   </div>
   <div class='ocr_carea' id='block_1_3' title="bbox 122 571 1035 635">
    <p class='ocr_par' dir='ltr' id='par_1_3' title="bbox 122 571 1035 635">
     <span class='ocr_line' id='line_1_4' title="bbox 122 571 1035 635; baseline -0.012 -9"><span class='ocrx_word' id='word_1_20' title='bbox 122 582 162 626; x_wconf 92' lang='lat'>1.</span> <span class='ocrx_word' id='word_1_21' title='bbox 211 576 385 635; x_wconf 76' lang='lat' dir='ltr'>ARMA,</span> <span class='ocrx_word' id='word_1_22' title='bbox 526 577 573 622; x_wconf 76' lang='lat'>2.</span> <span class='ocrx_word' id='word_1_23' title='bbox 611 571 840 618; x_wconf 77' lang='lat' dir='ltr'>LAvlmA</span> <span class='ocrx_word' id='word_1_24' title='bbox 875 583 1035 618; x_wconf 81' lang='lat' dir='ltr'><strong>VENIT</strong></span> 
     </span>
    </p>
   </div>
   <div class='ocr_carea' id='block_1_4' title="bbox 47 703 1566 1830">
    <p class='ocr_par' dir='ltr' id='par_1_4' title="bbox 47 703 1566 1830">
     <span class='ocr_line' id='line_1_5' title="bbox 139 703 1562 753; baseline -0.008 -6"><span class='ocrx_word' id='word_1_25' title='bbox 139 716 162 749; x_wconf 76' lang='lat'>2</span> <span class='ocrx_word' id='word_1_26' title='bbox 186 713 346 746; x_wconf 78' lang='lat' dir='ltr'>Lavinia</span> <span class='ocrx_word' id='word_1_27' title='bbox 369 709 498 743; x_wconf 83' lang='lat' dir='ltr'>Medic.</span> <span class='ocrx_word' id='word_1_28' title='bbox 523 722 543 743; x_wconf 85' lang='lat' dir='ltr'>a</span> <span class='ocrx_word' id='word_1_29' title='bbox 567 721 612 742; x_wconf 89' lang='lat' dir='ltr'>m.</span> <span class='ocrx_word' id='word_1_30' title='bbox 636 720 690 753; x_wconf 87' lang='lat' dir='ltr'>pr.</span> <span class='ocrx_word' id='word_1_31' title='bbox 735 707 865 751; x_wconf 85' lang='lat' dir='ltr'>aliique</span> <span class='ocrx_word' id='word_1_32' title='bbox 905 707 1009 751; x_wconf 87' lang='lat' dir='ltr'>(teste</span> <span class='ocrx_word' id='word_1_33' title='bbox 1035 704 1191 738; x_wconf 83' lang='lat' dir='ltr'>Hermol.</span> <span class='ocrx_word' id='word_1_34' title='bbox 1216 704 1370 737; x_wconf 81' lang='lat' dir='ltr'>Barbaro</span> <span class='ocrx_word' id='word_1_35' title='bbox 1404 704 1450 737; x_wconf 86' lang='lat' dir='ltr'>ad</span> <span class='ocrx_word' id='word_1_36' title='bbox 1473 703 1562 737; x_wconf 90' lang='lat' dir='ltr'>Plin.</span> 
     </span>
     <span class='ocr_line' id='line_1_6' title="bbox 48 751 1563 800; baseline -0.009 -5"><span class='ocrx_word' id='word_1_37' title='bbox 48 764 90 795; x_wconf 86' lang='lat' dir='ltr'>H.</span> <span class='ocrx_word' id='word_1_38' title='bbox 117 763 161 794; x_wconf 89' lang='lat' dir='ltr'>N.</span> <span class='ocrx_word' id='word_1_39' title='bbox 190 761 248 800; x_wconf 87' lang='grc' dir='ltr'>ΙΙΙ,</span> <span class='ocrx_word' id='word_1_40' title='bbox 273 759 305 793; x_wconf 88' lang='lat'>5.</span> <span class='ocrx_word' id='word_1_41' title='bbox 343 757 487 800; x_wconf 73' lang='lat' dir='ltr'>Heins.)</span> <span class='ocrx_word' id='word_1_42' title='bbox 523 756 628 790; x_wconf 88' lang='lat' dir='ltr'><strong>codd.</strong></span> <span class='ocrx_word' id='word_1_43' title='bbox 663 755 727 787; x_wconf 90' lang='lat' dir='ltr'>sed</span> <span class='ocrx_word' id='word_1_44' title='bbox 763 753 956 799; x_wconf 74' lang='lat' dir='ltr'><strong>pauciores.</strong></span> <span class='ocrx_word' id='word_1_45' title='bbox 1011 752 1284 786; x_wconf 75' lang='lat' dir='ltr'>Commendabat</span> <span class='ocrx_word' id='word_1_46' title='bbox 1318 751 1405 783; x_wconf 84' lang='lat' dir='ltr'>illud</span> <span class='ocrx_word' id='word_1_47' title='bbox 1444 751 1563 783; x_wconf 86' lang='lat' dir='ltr'>Heius.</span> 
     </span>
     <span class='ocr_line' id='line_1_7' title="bbox 47 797 1563 853; baseline -0.008 -12"><span class='ocrx_word' id='word_1_48' title='bbox 47 808 180 853; x_wconf 83' lang='lat' dir='ltr'>recepit</span> <span class='ocrx_word' id='word_1_49' title='bbox 205 809 317 838; x_wconf 85' lang='lat' dir='ltr'>Burm.</span> <span class='ocrx_word' id='word_1_50' title='bbox 365 804 421 837; x_wconf 85' lang='lat' dir='ltr'>Sic</span> <span class='ocrx_word' id='word_1_51' title='bbox 458 811 573 836; x_wconf 87' lang='lat' dir='ltr'>tamen</span> <span class='ocrx_word' id='word_1_52' title='bbox 606 802 674 834; x_wconf 88' lang='lat' dir='ltr'>iam</span> <span class='ocrx_word' id='word_1_53' title='bbox 701 800 831 834; x_wconf 88' lang='lat' dir='ltr'>editum</span> <span class='ocrx_word' id='word_1_54' title='bbox 857 801 910 833; x_wconf 90' lang='lat' dir='ltr'>ed.</span> <span class='ocrx_word' id='word_1_55' title='bbox 936 801 1024 832; x_wconf 89' lang='lat' dir='ltr'>Iunt.</span> <span class='ocrx_word' id='word_1_56' title='bbox 1063 799 1155 835; x_wconf 75' lang='grc'>1520</span> <span class='ocrx_word' id='word_1_57' title='bbox 1179 811 1243 843; x_wconf 88' lang='lat' dir='ltr'>per</span> <span class='ocrx_word' id='word_1_58' title='bbox 1266 798 1344 831; x_wconf 88' lang='lat' dir='ltr'>Nic.</span> <span class='ocrx_word' id='word_1_59' title='bbox 1370 797 1563 841; x_wconf 75' lang='lat' dir='ltr'>Angelium‚</span> 
     </span>
     <span class='ocr_line' id='line_1_8' title="bbox 47 844 1563 890; baseline -0.008 -2"><span class='ocrx_word' id='word_1_60' title='bbox 47 855 139 888; x_wconf 89' lang='lat' dir='ltr'>unde</span> <span class='ocrx_word' id='word_1_61' title='bbox 170 854 206 886; x_wconf 90' lang='lat' dir='ltr'>in</span> <span class='ocrx_word' id='word_1_62' title='bbox 239 852 322 885; x_wconf 69' lang='lat' dir='ltr'>alias</span> <span class='ocrx_word' id='word_1_63' title='bbox 360 851 440 883; x_wconf 80' lang='lat' dir='ltr'>edd.</span> <span class='ocrx_word' id='word_1_64' title='bbox 475 849 583 882; x_wconf 85' lang='lat' dir='ltr'>veuit.</span> <span class='ocrx_word' id='word_1_65' title='bbox 623 848 712 881; x_wconf 81' lang='lat' dir='ltr'>aliae</span> <span class='ocrx_word' id='word_1_66' title='bbox 745 848 923 881; x_wconf 80' lang='lat' dir='ltr'><strong>retinuere</strong></span> <span class='ocrx_word' id='word_1_67' title='bbox 957 847 1186 890; x_wconf 78' lang='lat' dir='ltr'>Lavinaque.</span> <span class='ocrx_word' id='word_1_68' title='bbox 1249 845 1378 877; x_wconf 79' lang='lat' dir='ltr'>Eadem</span> <span class='ocrx_word' id='word_1_69' title='bbox 1411 844 1563 877; x_wconf 85' lang='lat' dir='ltr'>varietas</span> 
     </span>
     <span class='ocr_line' id='line_1_9' title="bbox 48 891 1563 945; baseline -0.008 -11"><span class='ocrx_word' id='word_1_70' title='bbox 48 902 141 945; x_wconf 82' lang='lat' dir='ltr'>apud</span> <span class='ocrx_word' id='word_1_71' title='bbox 165 899 256 933; x_wconf 90' lang='lat' dir='ltr'>Gell.</span> <span class='ocrx_word' id='word_1_72' title='bbox 282 899 330 937; x_wconf 90' lang='lat' dir='ltr'>X,</span> <span class='ocrx_word' id='word_1_73' title='bbox 367 899 422 938; x_wconf 87' lang='lat'>16,</span> <span class='ocrx_word' id='word_1_74' title='bbox 459 903 495 929; x_wconf 88' lang='lat' dir='ltr'>et</span> <span class='ocrx_word' id='word_1_75' title='bbox 520 896 567 928; x_wconf 86' lang='lat' dir='ltr'>al.</span> <span class='ocrx_word' id='word_1_76' title='bbox 615 894 802 928; x_wconf 74' lang='lat' dir='ltr'>Enimvero</span> <span class='ocrx_word' id='word_1_77' title='bbox 828 895 992 927; x_wconf 75' lang='lat' dir='ltr'>Lavinia</span> <span class='ocrx_word' id='word_1_78' title='bbox 1016 905 1111 926; x_wconf 83' lang='lat' dir='ltr'>arva</span> <span class='ocrx_word' id='word_1_79' title='bbox 1142 892 1203 923; x_wconf 85' lang='lat' dir='ltr'>ins.</span> <span class='ocrx_word' id='word_1_80' title='bbox 1235 893 1295 931; x_wconf 89' lang='lat' dir='ltr'>IV,</span> <span class='ocrx_word' id='word_1_81' title='bbox 1321 892 1409 932; x_wconf 72' lang='lat'>236,</span> <span class='ocrx_word' id='word_1_82' title='bbox 1446 898 1482 924; x_wconf 89' lang='lat' dir='ltr'>et</span> <span class='ocrx_word' id='word_1_83' title='bbox 1514 891 1563 924; x_wconf 89' lang='lat' dir='ltr'>sic</span> 
     </span>
     <span class='ocr_line' id='line_1_10' title="bbox 48 937 1563 992; baseline -0.008 -11"><span class='ocrx_word' id='word_1_84' title='bbox 48 948 109 981; x_wconf 85' lang='lat' dir='ltr'>alii</span> <span class='ocrx_word' id='word_1_85' title='bbox 132 956 266 992; x_wconf 79' lang='lat' dir='ltr'>poetae.</span> <span class='ocrx_word' id='word_1_86' title='bbox 302 944 414 977; x_wconf 86' lang='lat' dir='ltr'>Etiam</span> <span class='ocrx_word' id='word_1_87' title='bbox 439 943 581 976; x_wconf 84' lang='lat' dir='ltr'>Graecis</span> <span class='ocrx_word' id='word_1_88' title='bbox 605 939 814 976; x_wconf 79' lang='grc' dir='ltr'><em>Λαουΐνιον</em></span> <span class='ocrx_word' id='word_1_89' title='bbox 839 947 875 973; x_wconf 89' lang='lat' dir='ltr'>et</span> <span class='ocrx_word' id='word_1_90' title='bbox 891 939 1092 974; x_wconf 82' lang='grc' dir='ltr'><strong><em>Λαουϊνία.</em></strong></span> <span class='ocrx_word' id='word_1_91' title='bbox 1128 938 1228 971; x_wconf 86' lang='lat' dir='ltr'>Nihil</span> <span class='ocrx_word' id='word_1_92' title='bbox 1251 945 1365 970; x_wconf 81' lang='lat' dir='ltr'>autem</span> <span class='ocrx_word' id='word_1_93' title='bbox 1384 937 1451 970; x_wconf 90' lang='lat' dir='ltr'>nisi</span> <span class='ocrx_word' id='word_1_94' title='bbox 1470 939 1563 971; x_wconf 83' lang='lat' dir='ltr'>sorte</span> 
     </span>
     <span class='ocr_line' id='line_1_11' title="bbox 48 984 1563 1037; baseline -0.009 -8"><span class='ocrx_word' id='word_1_95' title='bbox 48 995 183 1029; x_wconf 83' lang='grc' dir='ltr'><strong><em>Λαῦνα</em></strong></span> <span class='ocrx_word' id='word_1_96' title='bbox 207 1006 262 1037; x_wconf 79' lang='lat' dir='ltr'>ap.</span> <span class='ocrx_word' id='word_1_97' title='bbox 287 991 431 1035; x_wconf 72' lang='lat' dir='ltr'>Dionys·</span> <span class='ocrx_word' id='word_1_98' title='bbox 456 989 570 1023; x_wconf 82' lang='lat' dir='ltr'>Halic.</span> <span class='ocrx_word' id='word_1_99' title='bbox 596 990 622 1029; x_wconf 89' lang='lat'>1,</span> <span class='ocrx_word' id='word_1_100' title='bbox 646 989 692 1023; x_wconf 87' lang='lat'>59</span> <span class='ocrx_word' id='word_1_101' title='bbox 719 988 791 1031; x_wconf 71' lang='lat' dir='ltr'>(ubi</span> <span class='ocrx_word' id='word_1_102' title='bbox 817 994 934 1020; x_wconf 87' lang='lat' dir='ltr'>tamen</span> <span class='ocrx_word' id='word_1_103' title='bbox 958 989 1039 1019; x_wconf 81' lang='lat' dir='ltr'>Vat.</span> <span class='ocrx_word' id='word_1_104' title='bbox 1064 985 1254 1019; x_wconf 85' lang='grc' dir='ltr'><strong><em>Λαουϊνία</em></strong></span> <span class='ocrx_word' id='word_1_105' title='bbox 1278 984 1401 1028; x_wconf 84' lang='lat' dir='ltr'>habet)</span> <span class='ocrx_word' id='word_1_106' title='bbox 1438 996 1563 1018; x_wconf 89' lang='lat' dir='ltr'>occur-</span> 
     </span>
     <span class='ocr_line' id='line_1_12' title="bbox 49 1031 1564 1085; baseline -0.007 -11"><span class='ocrx_word' id='word_1_107' title='bbox 49 1042 106 1083; x_wconf 86' lang='lat' dir='ltr'>rit,</span> <span class='ocrx_word' id='word_1_108' title='bbox 131 1040 224 1085; x_wconf 89' lang='lat' dir='ltr'>quod</span> <span class='ocrx_word' id='word_1_109' title='bbox 248 1039 432 1071; x_wconf 73' lang='lat' dir='ltr'>Lavinum</span> <span class='ocrx_word' id='word_1_110' title='bbox 456 1036 635 1070; x_wconf 85' lang='lat' dir='ltr'><strong>scribatur.</strong></span> <span class='ocrx_word' id='word_1_111' title='bbox 671 1035 773 1080; x_wconf 87' lang='lat' dir='ltr'>Apud</span> <span class='ocrx_word' id='word_1_112' title='bbox 796 1035 960 1078; x_wconf 88' lang='lat' dir='ltr'>Propert.</span> <span class='ocrx_word' id='word_1_113' title='bbox 986 1035 1027 1073; x_wconf 85' lang='grc' dir='ltr'>ΙΙ,</span> <span class='ocrx_word' id='word_1_114' title='bbox 1052 1032 1109 1073; x_wconf 76' lang='grc'>25,</span> <span class='ocrx_word' id='word_1_115' title='bbox 1135 1032 1180 1067; x_wconf 72' lang='grc'>64</span> <span class='ocrx_word' id='word_1_116' title='bbox 1204 1031 1312 1075; x_wconf 88' lang='lat' dir='ltr'>igitur</span> <span class='ocrx_word' id='word_1_117' title='bbox 1336 1033 1492 1064; x_wconf 76' lang='lat' dir='ltr'>Lavinis</span> <span class='ocrx_word' id='word_1_118' title='bbox 1516 1031 1564 1064; x_wconf 78' lang='lat' dir='ltr'><em>li·-</em></span> 
     </span>
     <span class='ocr_line' id='line_1_13' title="bbox 50 1079 1564 1130; baseline -0.007 -10"><span class='ocrx_word' id='word_1_119' title='bbox 50 1087 190 1122; x_wconf 79' lang='lat' dir='ltr'>toribus</span> <span class='ocrx_word' id='word_1_120' title='bbox 216 1086 282 1118; x_wconf 82' lang='lat' dir='ltr'>erit</span> <span class='ocrx_word' id='word_1_121' title='bbox 310 1095 375 1130; x_wconf 90' lang='lat' dir='ltr'>pro</span> <span class='ocrx_word' id='word_1_122' title='bbox 401 1084 581 1117; x_wconf 78' lang='lat' dir='ltr'>Laviniis.</span> <span class='ocrx_word' id='word_1_123' title='bbox 631 1083 693 1114; x_wconf 83' lang='lat' dir='ltr'>Est</span> <span class='ocrx_word' id='word_1_124' title='bbox 728 1089 842 1114; x_wconf 86' lang='lat' dir='ltr'>tamen</span> <span class='ocrx_word' id='word_1_125' title='bbox 875 1080 1046 1113; x_wconf 88' lang='lat' dir='ltr'>Iuvenalis</span> <span class='ocrx_word' id='word_1_126' title='bbox 1080 1091 1198 1111; x_wconf 79' lang='lat' dir='ltr'>versus</span> <span class='ocrx_word' id='word_1_127' title='bbox 1225 1082 1296 1112; x_wconf 78' lang='lat' dir='ltr'>Sat.</span> <span class='ocrx_word' id='word_1_128' title='bbox 1323 1079 1402 1119; x_wconf 89' lang='lat' dir='ltr'>XII,</span> <span class='ocrx_word' id='word_1_129' title='bbox 1423 1079 1465 1114; x_wconf 89' lang='lat'>71</span> <span class='ocrx_word' id='word_1_130' title='bbox 1493 1090 1564 1110; x_wconf 87' lang='lat' dir='ltr'>no-</span> 
     </span>
     <span class='ocr_line' id='line_1_14' title="bbox 50 1124 1563 1176; baseline -0.008 -9"><span class='ocrx_word' id='word_1_131' title='bbox 50 1134 187 1168; x_wconf 78' lang='lat' dir='ltr'>vercali</span> <span class='ocrx_word' id='word_1_132' title='bbox 210 1133 314 1166; x_wconf 78' lang='lat' dir='ltr'>sedes</span> <span class='ocrx_word' id='word_1_133' title='bbox 335 1131 509 1176; x_wconf 83' lang='lat' dir='ltr'>praelata</span> <span class='ocrx_word' id='word_1_134' title='bbox 531 1130 691 1162; x_wconf 79' lang='lat' dir='ltr'>Lavino:</span> <span class='ocrx_word' id='word_1_135' title='bbox 739 1127 801 1160; x_wconf 89' lang='lat' dir='ltr'>ubi</span> <span class='ocrx_word' id='word_1_136' title='bbox 825 1127 920 1160; x_wconf 81' lang='lat' dir='ltr'>nulla</span> <span class='ocrx_word' id='word_1_137' title='bbox 949 1125 1143 1159; x_wconf 85' lang='lat' dir='ltr'>contractio</span> <span class='ocrx_word' id='word_1_138' title='bbox 1168 1125 1282 1157; x_wconf 90' lang='lat' dir='ltr'>locum</span> <span class='ocrx_word' id='word_1_139' title='bbox 1308 1125 1435 1165; x_wconf 74' lang='lat' dir='ltr'>habet5</span> <span class='ocrx_word' id='word_1_140' title='bbox 1469 1124 1563 1168; x_wconf 87' lang='lat' dir='ltr'>quod</span> 
     </span>
     <span class='ocr_line' id='line_1_15' title="bbox 50 1171 1564 1218; baseline -0.008 -4"><span class='ocrx_word' id='word_1_141' title='bbox 50 1181 118 1214; x_wconf 87' lang='lat' dir='ltr'>iam</span> <span class='ocrx_word' id='word_1_142' title='bbox 148 1179 266 1213; x_wconf 88' lang='lat' dir='ltr'>monui</span> <span class='ocrx_word' id='word_1_143' title='bbox 299 1178 343 1211; x_wconf 81' lang='lat' dir='ltr'>ad</span> <span class='ocrx_word' id='word_1_144' title='bbox 377 1176 510 1210; x_wconf 85' lang='lat' dir='ltr'>Tibull.</span> <span class='ocrx_word' id='word_1_145' title='bbox 545 1176 645 1209; x_wconf 88' lang='lat' dir='ltr'>obss.</span> <span class='ocrx_word' id='word_1_146' title='bbox 672 1176 713 1215; x_wconf 86' lang='grc' dir='ltr'>Π,</span> <span class='ocrx_word' id='word_1_147' title='bbox 738 1175 771 1216; x_wconf 85' lang='grc'>5,</span> <span class='ocrx_word' id='word_1_148' title='bbox 796 1175 852 1210; x_wconf 79' lang='lat'>49.</span> <span class='ocrx_word' id='word_1_149' title='bbox 930 1174 1200 1218; x_wconf 86' lang='lat' dir='ltr'>(Plerorumque</span> <span class='ocrx_word' id='word_1_150' title='bbox 1231 1172 1420 1211; x_wconf 86' lang='lat' dir='ltr'>librorum,</span> <span class='ocrx_word' id='word_1_151' title='bbox 1460 1171 1564 1203; x_wconf 80' lang='lat' dir='ltr'>etiam</span> 
     </span>
     <span class='ocr_line' id='line_1_16' title="bbox 51 1218 1563 1266; baseline -0.008 -5"><span class='ocrx_word' id='word_1_152' title='bbox 51 1229 152 1261; x_wconf 85' lang='lat' dir='ltr'>Rom.</span> <span class='ocrx_word' id='word_1_153' title='bbox 179 1233 213 1258; x_wconf 90' lang='lat' dir='ltr'>et</span> <span class='ocrx_word' id='word_1_154' title='bbox 237 1225 359 1265; x_wconf 65' lang='lat' dir='ltr'>Palat„</span> <span class='ocrx_word' id='word_1_155' title='bbox 389 1223 496 1257; x_wconf 88' lang='lat' dir='ltr'>lectio</span> <span class='ocrx_word' id='word_1_156' title='bbox 533 1229 586 1255; x_wconf 89' lang='lat' dir='ltr'>est</span> <span class='ocrx_word' id='word_1_157' title='bbox 609 1223 836 1266; x_wconf 78' lang='lat' dir='ltr'>Lavinaque.</span> <span class='ocrx_word' id='word_1_158' title='bbox 895 1223 993 1254; x_wconf 85' lang='lat' dir='ltr'>Unus</span> <span class='ocrx_word' id='word_1_159' title='bbox 1020 1219 1209 1262; x_wconf 82' lang='lat' dir='ltr'>Hamburg.</span> <span class='ocrx_word' id='word_1_160' title='bbox 1239 1218 1381 1250; x_wconf 81' lang='lat' dir='ltr'>exhibet</span> <span class='ocrx_word' id='word_1_161' title='bbox 1405 1219 1563 1255; x_wconf 80' lang='lat' dir='ltr'>Lavina,</span> 
     </span>
     <span class='ocr_line' id='line_1_17' title="bbox 51 1264 1564 1317; baseline -0.007 -11"><span class='ocrx_word' id='word_1_162' title='bbox 51 1275 184 1317; x_wconf 81' lang='lat' dir='ltr'>absque</span> <span class='ocrx_word' id='word_1_163' title='bbox 210 1272 356 1317; x_wconf 81' lang='lat' dir='ltr'>copula,</span> <span class='ocrx_word' id='word_1_164' title='bbox 380 1282 481 1315; x_wconf 81' lang='lat' dir='ltr'>quarn</span> <span class='ocrx_word' id='word_1_165' title='bbox 505 1276 641 1309; x_wconf 82' lang='lat' dir='ltr'>tamen,</span> <span class='ocrx_word' id='word_1_166' title='bbox 676 1267 734 1312; x_wconf 86' lang='lat' dir='ltr'>qui</span> <span class='ocrx_word' id='word_1_167' title='bbox 761 1268 850 1300; x_wconf 87' lang='lat' dir='ltr'>hunc</span> <span class='ocrx_word' id='word_1_168' title='bbox 875 1279 1011 1300; x_wconf 83' lang='lat' dir='ltr'>versum</span> <span class='ocrx_word' id='word_1_169' title='bbox 1034 1266 1198 1305; x_wconf 69' lang='lat' dir='ltr'>laudaut,</span> <span class='ocrx_word' id='word_1_170' title='bbox 1235 1264 1412 1297; x_wconf 80' lang='lat' dir='ltr'>veterrimi</span> <span class='ocrx_word' id='word_1_171' title='bbox 1437 1265 1564 1296; x_wconf 84' lang='lat' dir='ltr'>Gram-</span> 
     </span>
     <span class='ocr_line' id='line_1_18' title="bbox 51 1311 1563 1362; baseline -0.007 -9"><span class='ocrx_word' id='word_1_172' title='bbox 51 1320 190 1357; x_wconf 74' lang='lat' dir='ltr'>matici,</span> <span class='ocrx_word' id='word_1_173' title='bbox 216 1319 248 1350; x_wconf 88' lang='lat' dir='ltr'>in</span> <span class='ocrx_word' id='word_1_174' title='bbox 275 1318 399 1362; x_wconf 87' lang='lat' dir='ltr'>quibus</span> <span class='ocrx_word' id='word_1_175' title='bbox 419 1316 672 1357; x_wconf 79' lang='lat' dir='ltr'>Quintilianus,</span> <span class='ocrx_word' id='word_1_176' title='bbox 698 1321 840 1346; x_wconf 87' lang='lat' dir='ltr'>tuentur</span> <span class='ocrx_word' id='word_1_177' title='bbox 865 1326 994 1347; x_wconf 84' lang='lat' dir='ltr'>omnes.</span> <span class='ocrx_word' id='word_1_178' title='bbox 1044 1315 1114 1345; x_wconf 72' lang='lat' dir='ltr'>Iam</span> <span class='ocrx_word' id='word_1_179' title='bbox 1143 1312 1291 1355; x_wconf 88' lang='lat' dir='ltr'>primum</span> <span class='ocrx_word' id='word_1_180' title='bbox 1317 1311 1478 1356; x_wconf 85' lang='lat' dir='ltr'>copulam</span> <span class='ocrx_word' id='word_1_181' title='bbox 1497 1322 1563 1342; x_wconf 89' lang='lat' dir='ltr'>ne—</span> 
     </span>
     <span class='ocr_line' id='line_1_19' title="bbox 52 1359 1563 1407; baseline -0.007 -8"><span class='ocrx_word' id='word_1_182' title='bbox 52 1366 202 1399; x_wconf 78' lang='lat' dir='ltr'>cessario</span> <span class='ocrx_word' id='word_1_183' title='bbox 228 1365 262 1397; x_wconf 85' lang='lat' dir='ltr'>h.</span> <span class='ocrx_word' id='word_1_184' title='bbox 290 1365 311 1396; x_wconf 86' lang='lat' dir='ltr'>l.</span> <span class='ocrx_word' id='word_1_185' title='bbox 338 1363 491 1407; x_wconf 78' lang='lat' dir='ltr'>requiri,</span> <span class='ocrx_word' id='word_1_186' title='bbox 527 1363 801 1394; x_wconf 74' lang='lat' dir='ltr'>demonstratum</span> <span class='ocrx_word' id='word_1_187' title='bbox 827 1367 880 1392; x_wconf 83' lang='lat' dir='ltr'>est</span> <span class='ocrx_word' id='word_1_188' title='bbox 906 1363 948 1401; x_wconf 85' lang='lat' dir='ltr'>Q.</span> <span class='ocrx_word' id='word_1_189' title='bbox 983 1361 1027 1392; x_wconf 76' lang='lat' dir='ltr'>V.</span> <span class='ocrx_word' id='word_1_190' title='bbox 1053 1360 1236 1399; x_wconf 83' lang='lat' dir='ltr'><strong>XXXIII,</strong></span> <span class='ocrx_word' id='word_1_191' title='bbox 1271 1361 1302 1392; x_wconf 88' lang='lat'>1.</span> <span class='ocrx_word' id='word_1_192' title='bbox 1331 1365 1366 1390; x_wconf 82' lang='lat' dir='ltr'>et</span> <span class='ocrx_word' id='word_1_193' title='bbox 1391 1359 1443 1397; x_wconf 84' lang='lat'>8.;</span> <span class='ocrx_word' id='word_1_194' title='bbox 1486 1368 1563 1389; x_wconf 79' lang='lat' dir='ltr'>me—</span> 
     </span>
     <span class='ocr_line' id='line_1_20' title="bbox 53 1403 1565 1449; baseline -0.007 -4"><span class='ocrx_word' id='word_1_195' title='bbox 53 1426 128 1446; x_wconf 87' lang='lat' dir='ltr'>cum</span> <span class='ocrx_word' id='word_1_196' title='bbox 153 1412 305 1444; x_wconf 86' lang='lat' dir='ltr'>sentiunt</span> <span class='ocrx_word' id='word_1_197' title='bbox 329 1408 516 1443; x_wconf 80' lang='lat' dir='ltr'>Wunderl.</span> <span class='ocrx_word' id='word_1_198' title='bbox 555 1415 587 1441; x_wconf 91' lang='lat' dir='ltr'>et</span> <span class='ocrx_word' id='word_1_199' title='bbox 615 1407 731 1446; x_wconf 82' lang='lat' dir='ltr'>Iahn.;</span> <span class='ocrx_word' id='word_1_200' title='bbox 771 1419 849 1439; x_wconf 90' lang='lat' dir='ltr'>nam</span> <span class='ocrx_word' id='word_1_201' title='bbox 875 1407 1058 1439; x_wconf 83' lang='lat' dir='ltr'>Paldarnus</span> <span class='ocrx_word' id='word_1_202' title='bbox 1084 1418 1184 1449; x_wconf 79' lang='lat' dir='ltr'>quam</span> <span class='ocrx_word' id='word_1_203' title='bbox 1209 1404 1381 1437; x_wconf 85' lang='lat' dir='ltr'>rationem</span> <span class='ocrx_word' id='word_1_204' title='bbox 1417 1404 1496 1436; x_wconf 87' lang='lat' dir='ltr'>iniit</span> <span class='ocrx_word' id='word_1_205' title='bbox 1521 1403 1565 1436; x_wconf 83' lang='lat' dir='ltr'>ad</span> 
     </span>
     <span class='ocr_line' id='line_1_21' title="bbox 52 1446 1563 1503; baseline -0.007 -11"><span class='ocrx_word' id='word_1_206' title='bbox 52 1461 214 1503; x_wconf 83' lang='lat' dir='ltr'>Propert.</span> <span class='ocrx_word' id='word_1_207' title='bbox 252 1470 331 1502; x_wconf 79' lang='lat' dir='ltr'>pag.</span> <span class='ocrx_word' id='word_1_208' title='bbox 364 1457 456 1497; x_wconf 69' lang='lat'>238„</span> <span class='ocrx_word' id='word_1_209' title='bbox 493 1466 696 1498; x_wconf 80' lang='lat' dir='ltr'>comparans</span> <span class='ocrx_word' id='word_1_210' title='bbox 730 1454 838 1498; x_wconf 90' lang='lat' dir='ltr'>Soph.</span> <span class='ocrx_word' id='word_1_211' title='bbox 874 1454 959 1486; x_wconf 89' lang='lat' dir='ltr'>Oed.</span> <span class='ocrx_word' id='word_1_212' title='bbox 985 1452 1058 1485; x_wconf 88' lang='lat' dir='ltr'>Col.</span> <span class='ocrx_word' id='word_1_213' title='bbox 1085 1452 1183 1487; x_wconf 74' lang='lat'>114.:</span> <span class='ocrx_word' id='word_1_214' title='bbox 1231 1447 1308 1492; x_wconf 84' lang='lat' dir='ltr'><em>„6v&#39;</em></span> <span class='ocrx_word' id='word_1_215' title='bbox 1333 1447 1377 1494; x_wconf 85' lang='grc' dir='ltr'>μ’</span> <span class='ocrx_word' id='word_1_216' title='bbox 1404 1447 1440 1492; x_wconf 75' lang='grc' dir='ltr'>ἐξ</span> <span class='ocrx_word' id='word_1_217' title='bbox 1469 1446 1563 1485; x_wconf 82' lang='grc' dir='ltr'>ὁδοῦ</span> 
     </span>
     <span class='ocr_line' id='line_1_22' title="bbox 52 1495 1566 1548; baseline -0.008 -8"><span class='ocrx_word' id='word_1_218' title='bbox 52 1504 156 1540; x_wconf 82' lang='grc' dir='ltr'><em>πόδα</em></span> <span class='ocrx_word' id='word_1_219' title='bbox 180 1502 364 1548; x_wconf 76' lang='grc' dir='ltr'><strong><em>κρύψον,“</em></strong></span> <span class='ocrx_word' id='word_1_220' title='bbox 391 1515 431 1535; x_wconf 88' lang='lat' dir='ltr'>ea</span> <span class='ocrx_word' id='word_1_221' title='bbox 457 1501 667 1534; x_wconf 78' lang='lat' dir='ltr'>alienissima</span> <span class='ocrx_word' id='word_1_222' title='bbox 693 1507 746 1533; x_wconf 87' lang='lat' dir='ltr'>est</span> <span class='ocrx_word' id='word_1_223' title='bbox 771 1512 790 1533; x_wconf 89' lang='lat' dir='ltr'>a</span> <span class='ocrx_word' id='word_1_224' title='bbox 824 1506 946 1532; x_wconf 86' lang='lat' dir='ltr'>nostro</span> <span class='ocrx_word' id='word_1_225' title='bbox 980 1505 1097 1543; x_wconf 84' lang='lat' dir='ltr'>poeta.</span> <span class='ocrx_word' id='word_1_226' title='bbox 1149 1500 1261 1538; x_wconf 89' lang='lat' dir='ltr'>Quum</span> <span class='ocrx_word' id='word_1_227' title='bbox 1293 1504 1407 1529; x_wconf 89' lang='lat' dir='ltr'>autem</span> <span class='ocrx_word' id='word_1_228' title='bbox 1441 1495 1566 1541; x_wconf 80' lang='lat' dir='ltr'>copula</span> 
     </span>
     <span class='ocr_line' id='line_1_23' title="bbox 55 1543 1564 1595; baseline -0.007 -10"><span class='ocrx_word' id='word_1_229' title='bbox 55 1559 91 1585; x_wconf 86' lang='lat' dir='ltr'>et</span> <span class='ocrx_word' id='word_1_230' title='bbox 114 1552 148 1584; x_wconf 88' lang='lat' dir='ltr'>in</span> <span class='ocrx_word' id='word_1_231' title='bbox 170 1549 414 1595; x_wconf 81' lang='lat' dir='ltr'>antiquissimis</span> <span class='ocrx_word' id='word_1_232' title='bbox 442 1548 544 1581; x_wconf 88' lang='lat' dir='ltr'>codd.</span> <span class='ocrx_word' id='word_1_233' title='bbox 571 1554 791 1592; x_wconf 82' lang='lat' dir='ltr'>compareat,</span> <span class='ocrx_word' id='word_1_234' title='bbox 818 1553 853 1579; x_wconf 87' lang='lat' dir='ltr'>et</span> <span class='ocrx_word' id='word_1_235' title='bbox 877 1547 920 1579; x_wconf 91' lang='lat' dir='ltr'>ab</span> <span class='ocrx_word' id='word_1_236' title='bbox 947 1545 1031 1591; x_wconf 89' lang='lat' dir='ltr'>ipsis</span> <span class='ocrx_word' id='word_1_237' title='bbox 1058 1544 1286 1589; x_wconf 83' lang='lat' dir='ltr'>scriptoribus</span> <span class='ocrx_word' id='word_1_238' title='bbox 1309 1543 1472 1576; x_wconf 84' lang='lat' dir='ltr'>Romanis</span> <span class='ocrx_word' id='word_1_239' title='bbox 1496 1554 1564 1575; x_wconf 88' lang='lat' dir='ltr'>uuo</span> 
     </span>
     <span class='ocr_line' id='line_1_24' title="bbox 54 1589 1565 1641; baseline -0.007 -10"><span class='ocrx_word' id='word_1_240' title='bbox 54 1610 222 1632; x_wconf 85' lang='lat' dir='ltr'>consensu</span> <span class='ocrx_word' id='word_1_241' title='bbox 246 1602 475 1641; x_wconf 82' lang='lat' dir='ltr'>agnoscatur,</span> <span class='ocrx_word' id='word_1_242' title='bbox 509 1601 779 1627; x_wconf 82' lang='lat' dir='ltr'>consentaneum</span> <span class='ocrx_word' id='word_1_243' title='bbox 805 1600 878 1634; x_wconf 85' lang='lat' dir='ltr'>est,</span> <span class='ocrx_word' id='word_1_244' title='bbox 913 1593 1059 1625; x_wconf 87' lang='lat' dir='ltr'>eandem</span> <span class='ocrx_word' id='word_1_245' title='bbox 1085 1592 1190 1623; x_wconf 80' lang='lat' dir='ltr'>etiam</span> <span class='ocrx_word' id='word_1_246' title='bbox 1225 1591 1260 1622; x_wconf 91' lang='lat' dir='ltr'>in</span> <span class='ocrx_word' id='word_1_247' title='bbox 1286 1590 1327 1622; x_wconf 93' lang='lat' dir='ltr'>iis</span> <span class='ocrx_word' id='word_1_248' title='bbox 1353 1589 1565 1635; x_wconf 83' lang='lat' dir='ltr'>exemplari-</span> 
     </span>
     <span class='ocr_line' id='line_1_25' title="bbox 54 1637 1565 1686; baseline -0.007 -8"><span class='ocrx_word' id='word_1_249' title='bbox 54 1646 117 1678; x_wconf 88' lang='lat' dir='ltr'>bus</span> <span class='ocrx_word' id='word_1_250' title='bbox 143 1643 337 1683; x_wconf 79' lang='lat' dir='ltr'>exstitisse,</span> <span class='ocrx_word' id='word_1_251' title='bbox 380 1642 503 1686; x_wconf 84' lang='lat' dir='ltr'>quibus</span> <span class='ocrx_word' id='word_1_252' title='bbox 530 1653 609 1673; x_wconf 89' lang='lat' dir='ltr'>usus</span> <span class='ocrx_word' id='word_1_253' title='bbox 643 1648 695 1672; x_wconf 88' lang='lat' dir='ltr'>est</span> <span class='ocrx_word' id='word_1_254' title='bbox 718 1640 868 1673; x_wconf 90' lang='lat' dir='ltr'>Servius.</span> <span class='ocrx_word' id='word_1_255' title='bbox 919 1639 988 1680; x_wconf 90' lang='lat' dir='ltr'>Qui</span> <span class='ocrx_word' id='word_1_256' title='bbox 1022 1650 1123 1683; x_wconf 91' lang='lat' dir='ltr'>quum</span> <span class='ocrx_word' id='word_1_257' title='bbox 1150 1638 1183 1670; x_wconf 89' lang='lat' dir='ltr'>h.</span> <span class='ocrx_word' id='word_1_258' title='bbox 1219 1637 1242 1670; x_wconf 91' lang='lat' dir='ltr'>l.</span> <span class='ocrx_word' id='word_1_259' title='bbox 1281 1637 1456 1680; x_wconf 86' lang='lat' dir='ltr'>disputet,</span> <span class='ocrx_word' id='word_1_260' title='bbox 1490 1644 1565 1669; x_wconf 86' lang='lat' dir='ltr'>utra</span> 
     </span>
     <span class='ocr_line' id='line_1_26' title="bbox 52 1683 1565 1732; baseline -0.007 -7"><span class='ocrx_word' id='word_1_261' title='bbox 52 1693 184 1732; x_wconf 84' lang='lat' dir='ltr'>forma,</span> <span class='ocrx_word' id='word_1_262' title='bbox 209 1690 370 1724; x_wconf 80' lang='lat' dir='ltr'>Lavinia</span> <span class='ocrx_word' id='word_1_263' title='bbox 393 1701 435 1722; x_wconf 81' lang='lat' dir='ltr'>au</span> <span class='ocrx_word' id='word_1_264' title='bbox 461 1690 626 1729; x_wconf 68' lang='lat' dir='ltr'>Lauina,</span> <span class='ocrx_word' id='word_1_265' title='bbox 651 1687 834 1732; x_wconf 86' lang='lat' dir='ltr'>probanda</span> <span class='ocrx_word' id='word_1_266' title='bbox 859 1686 1039 1725; x_wconf 85' lang='lat' dir='ltr'>videatur,</span> <span class='ocrx_word' id='word_1_267' title='bbox 1064 1697 1135 1717; x_wconf 90' lang='lat' dir='ltr'>non</span> <span class='ocrx_word' id='word_1_268' title='bbox 1160 1685 1228 1716; x_wconf 91' lang='lat' dir='ltr'>hoc</span> <span class='ocrx_word' id='word_1_269' title='bbox 1253 1684 1349 1716; x_wconf 86' lang='lat' dir='ltr'>illum</span> <span class='ocrx_word' id='word_1_270' title='bbox 1376 1695 1481 1727; x_wconf 82' lang='lat' dir='ltr'>agere</span> <span class='ocrx_word' id='word_1_271' title='bbox 1507 1683 1565 1715; x_wconf 87' lang='lat' dir='ltr'>in-</span> 
     </span>
     <span class='ocr_line' id='line_1_27' title="bbox 52 1729 1566 1782; baseline -0.007 -11"><span class='ocrx_word' id='word_1_272' title='bbox 52 1738 244 1782; x_wconf 85' lang='lat' dir='ltr'>telligitur,</span> <span class='ocrx_word' id='word_1_273' title='bbox 285 1743 342 1777; x_wconf 86' lang='lat' dir='ltr'>ut,</span> <span class='ocrx_word' id='word_1_274' title='bbox 374 1742 487 1767; x_wconf 83' lang='lat' dir='ltr'>utrum</span> <span class='ocrx_word' id='word_1_275' title='bbox 512 1736 669 1767; x_wconf 77' lang='lat' dir='ltr'>Lavinia</span> <span class='ocrx_word' id='word_1_276' title='bbox 694 1734 806 1766; x_wconf 79' lang='lat' dir='ltr'>litora</span> <span class='ocrx_word' id='word_1_277' title='bbox 839 1745 881 1766; x_wconf 82' lang='lat' dir='ltr'>an</span> <span class='ocrx_word' id='word_1_278' title='bbox 907 1734 1125 1777; x_wconf 77' lang='lat' dir='ltr'>Lavinaque</span> <span class='ocrx_word' id='word_1_279' title='bbox 1157 1731 1269 1764; x_wconf 83' lang='lat' dir='ltr'>litora</span> <span class='ocrx_word' id='word_1_280' title='bbox 1293 1731 1479 1774; x_wconf 86' lang='lat' dir='ltr'>legendum</span> <span class='ocrx_word' id='word_1_281' title='bbox 1508 1729 1566 1769; x_wconf 86' lang='lat' dir='ltr'>sit,</span> 
     </span>
     <span class='ocr_line' id='line_1_28' title="bbox 54 1778 1565 1830; baseline -0.006 -12"><span class='ocrx_word' id='word_1_282' title='bbox 54 1785 228 1830; x_wconf 78' lang='lat' dir='ltr'>exquirat,</span> <span class='ocrx_word' id='word_1_283' title='bbox 254 1783 316 1816; x_wconf 91' lang='lat' dir='ltr'>sed</span> <span class='ocrx_word' id='word_1_284' title='bbox 340 1789 453 1815; x_wconf 89' lang='lat' dir='ltr'>utrum</span> <span class='ocrx_word' id='word_1_285' title='bbox 477 1782 707 1826; x_wconf 68' lang='lat' dir='ltr'>Laviniaque</span> <span class='ocrx_word' id='word_1_286' title='bbox 730 1780 754 1813; x_wconf 88' lang='lat' dir='ltr'>l.</span> <span class='ocrx_word' id='word_1_287' title='bbox 780 1791 823 1813; x_wconf 86' lang='lat' dir='ltr'>an</span> <span class='ocrx_word' id='word_1_288' title='bbox 847 1781 1064 1824; x_wconf 72' lang='lat' dir='ltr'>Lavinaque</span> <span class='ocrx_word' id='word_1_289' title='bbox 1089 1778 1112 1811; x_wconf 91' lang='lat' dir='ltr'>l.</span> <span class='ocrx_word' id='word_1_290' title='bbox 1162 1778 1258 1819; x_wconf 84' lang='lat' dir='ltr'>Hoc,</span> <span class='ocrx_word' id='word_1_291' title='bbox 1283 1779 1427 1810; x_wconf 71' lang='lat' dir='ltr'>Lauina</span> <span class='ocrx_word' id='word_1_292' title='bbox 1443 1803 1451 1818; x_wconf 93' lang='lat'>,</span> <span class='ocrx_word' id='word_1_293' title='bbox 1479 1779 1565 1810; x_wconf 86' lang='lat' dir='ltr'>Ser-</span> 
     </span>
    </p>
   </div>
   <div class='ocr_carea' id='block_1_5' title="bbox 54 1891 784 2975">
    <p class='ocr_par' dir='ltr' id='par_1_5' title="bbox 54 1891 784 2975">
     <span class='ocr_line' id='line_1_29' title="bbox 114 1891 776 1940; baseline -0.008 -8"><span class='ocrx_word' id='word_1_294' title='bbox 114 1896 235 1935; x_wconf 86' lang='lat'>1—3.</span> <span class='ocrx_word' id='word_1_295' title='bbox 265 1893 320 1930; x_wconf 86' lang='lat' dir='ltr'>De</span> <span class='ocrx_word' id='word_1_296' title='bbox 351 1891 536 1931; x_wconf 86' lang='lat' dir='ltr'>Aeneidis</span> <span class='ocrx_word' id='word_1_297' title='bbox 562 1902 776 1940; x_wconf 84' lang='lat' dir='ltr'>argumen—</span> 
     </span>
     <span class='ocr_line' id='line_1_30' title="bbox 54 1948 777 2002; baseline -0.01 -11"><span class='ocrx_word' id='word_1_298' title='bbox 54 1959 97 1991; x_wconf 86' lang='lat' dir='ltr'>to</span> <span class='ocrx_word' id='word_1_299' title='bbox 148 1952 226 1990; x_wconf 88' lang='lat' dir='ltr'>hoc</span> <span class='ocrx_word' id='word_1_300' title='bbox 279 1957 316 1988; x_wconf 90' lang='lat' dir='ltr'>et</span> <span class='ocrx_word' id='word_1_301' title='bbox 353 1956 495 2002; x_wconf 87' lang='lat' dir='ltr'>poetae</span> <span class='ocrx_word' id='word_1_302' title='bbox 534 1948 777 2000; x_wconf 83' lang='lat' dir='ltr'>professione</span> 
     </span>
     <span class='ocr_line' id='line_1_31' title="bbox 55 2005 776 2059; baseline -0.008 -11"><span class='ocrx_word' id='word_1_303' title='bbox 55 2010 254 2048; x_wconf 85' lang='lat' dir='ltr'>monitum</span> <span class='ocrx_word' id='word_1_304' title='bbox 289 2022 334 2045; x_wconf 83' lang='lat' dir='ltr'>ae</span> <span class='ocrx_word' id='word_1_305' title='bbox 366 2008 615 2059; x_wconf 83' lang='lat' dir='ltr'>disputatum</span> <span class='ocrx_word' id='word_1_306' title='bbox 646 2011 705 2043; x_wconf 84' lang='lat' dir='ltr'>est</span> <span class='ocrx_word' id='word_1_307' title='bbox 733 2005 776 2042; x_wconf 87' lang='lat' dir='ltr'>in</span> 
     </span>
     <span class='ocr_line' id='line_1_32' title="bbox 54 2063 772 2119; baseline -0.008 -14"><span class='ocrx_word' id='word_1_308' title='bbox 54 2066 276 2119; x_wconf 83' lang='lat' dir='ltr'>praemissis</span> <span class='ocrx_word' id='word_1_309' title='bbox 303 2065 469 2115; x_wconf 82' lang='lat' dir='ltr'>Disquis.</span> <span class='ocrx_word' id='word_1_310' title='bbox 499 2064 528 2101; x_wconf 94' lang='lat' dir='ltr'>I.</span> <span class='ocrx_word' id='word_1_311' title='bbox 550 2063 597 2101; x_wconf 88' lang='lat' dir='ltr'>II.</span> <span class='ocrx_word' id='word_1_312' title='bbox 626 2063 772 2111; x_wconf 81' lang='lat' dir='ltr'>Arma,</span> 
     </span>
     <span class='ocr_line' id='line_1_33' title="bbox 55 2120 775 2175; baseline -0.007 -13"><span class='ocrx_word' id='word_1_313' title='bbox 55 2124 96 2162; x_wconf 87' lang='lat' dir='ltr'>h.</span> <span class='ocrx_word' id='word_1_314' title='bbox 127 2137 158 2162; x_wconf 88' lang='lat' dir='ltr'>e.</span> <span class='ocrx_word' id='word_1_315' title='bbox 187 2124 287 2161; x_wconf 82' lang='lat' dir='ltr'>bella</span> <span class='ocrx_word' id='word_1_316' title='bbox 320 2121 410 2175; x_wconf 87' lang='lat' dir='ltr'>(sub</span> <span class='ocrx_word' id='word_1_317' title='bbox 439 2123 590 2160; x_wconf 82' lang='lat' dir='ltr'>Aeneae</span> <span class='ocrx_word' id='word_1_318' title='bbox 619 2120 775 2159; x_wconf 89' lang='lat' dir='ltr'>adven-</span> 
     </span>
     <span class='ocr_line' id='line_1_34' title="bbox 56 2178 781 2232; baseline -0.008 -13"><span class='ocrx_word' id='word_1_319' title='bbox 56 2188 144 2220; x_wconf 84' lang='lat' dir='ltr'>tum</span> <span class='ocrx_word' id='word_1_320' title='bbox 173 2182 212 2219; x_wconf 90' lang='lat' dir='ltr'>in</span> <span class='ocrx_word' id='word_1_321' title='bbox 243 2181 352 2218; x_wconf 78' lang='lat' dir='ltr'>ltalia</span> <span class='ocrx_word' id='word_1_322' title='bbox 389 2178 514 2232; x_wconf 77' lang='lat' dir='ltr'>orta),</span> <span class='ocrx_word' id='word_1_323' title='bbox 573 2180 781 2229; x_wconf 58' lang='lat' dir='ltr'>virumque</span> 
     </span>
     <span class='ocr_line' id='line_1_35' title="bbox 57 2235 780 2289; baseline -0.006 -14"><span class='ocrx_word' id='word_1_324' title='bbox 57 2253 181 2285; x_wconf 81' lang='lat' dir='ltr'>carm,</span> <span class='ocrx_word' id='word_1_325' title='bbox 226 2240 296 2289; x_wconf 66' lang='lat' dir='ltr'>qui</span> <span class='ocrx_word' id='word_1_326' title='bbox 332 2239 462 2275; x_wconf 64' lang='lat' dir='ltr'>venit.-</span> <span class='ocrx_word' id='word_1_327' title='bbox 503 2235 581 2273; x_wconf 87' lang='lat' dir='ltr'>hoc</span> <span class='ocrx_word' id='word_1_328' title='bbox 615 2241 694 2284; x_wconf 79' lang='lat' dir='ltr'>est,</span> <span class='ocrx_word' id='word_1_329' title='bbox 732 2240 780 2272; x_wconf 83' lang='lat' dir='ltr'>ut</span> 
     </span>
     <span class='ocr_line' id='line_1_36' title="bbox 57 2293 781 2346; baseline -0.007 -13"><span class='ocrx_word' id='word_1_330' title='bbox 57 2296 188 2334; x_wconf 74' lang='lat' dir='ltr'>verbis</span> <span class='ocrx_word' id='word_1_331' title='bbox 239 2295 465 2346; x_wconf 68' lang='lat' dir='ltr'>vulgaribus</span> <span class='ocrx_word' id='word_1_332' title='bbox 509 2293 659 2331; x_wconf 75' lang='lat' dir='ltr'>diceres</span> <span class='ocrx_word' id='word_1_333' title='bbox 681 2321 691 2341; x_wconf 85' lang='lat'>‚</span> <span class='ocrx_word' id='word_1_334' title='bbox 743 2297 781 2328; x_wconf 86' lang='lat' dir='ltr'>et</span> 
     </span>
     <span class='ocr_line' id='line_1_37' title="bbox 57 2349 781 2402; baseline -0.006 -12"><span class='ocrx_word' id='word_1_335' title='bbox 57 2353 275 2391; x_wconf 83' lang='lat' dir='ltr'>adventum</span> <span class='ocrx_word' id='word_1_336' title='bbox 307 2352 386 2391; x_wconf 87' lang='lat' dir='ltr'>viri</span> <span class='ocrx_word' id='word_1_337' title='bbox 415 2365 435 2388; x_wconf 83' lang='lat' dir='ltr'>a</span> <span class='ocrx_word' id='word_1_338' title='bbox 468 2351 585 2388; x_wconf 84' lang='lat' dir='ltr'>Troia</span> <span class='ocrx_word' id='word_1_339' title='bbox 625 2349 781 2402; x_wconf 86' lang='lat' dir='ltr'>profugi</span> 
     </span>
     <span class='ocr_line' id='line_1_38' title="bbox 57 2408 781 2459; baseline -0.006 -11"><span class='ocrx_word' id='word_1_340' title='bbox 57 2411 97 2448; x_wconf 91' lang='lat' dir='ltr'>in</span> <span class='ocrx_word' id='word_1_341' title='bbox 117 2411 249 2459; x_wconf 84' lang='lat' dir='ltr'>Latio,</span> <span class='ocrx_word' id='word_1_342' title='bbox 292 2423 337 2447; x_wconf 87' lang='lat' dir='ltr'>eo</span> <span class='ocrx_word' id='word_1_343' title='bbox 362 2408 522 2459; x_wconf 88' lang='lat' dir='ltr'>quidem</span> <span class='ocrx_word' id='word_1_344' title='bbox 550 2408 659 2456; x_wconf 88' lang='lat' dir='ltr'>loco,</span> <span class='ocrx_word' id='word_1_345' title='bbox 701 2420 781 2457; x_wconf 90' lang='lat' dir='ltr'>quo</span> 
     </span>
     <span class='ocr_line' id='line_1_39' title="bbox 58 2464 782 2518; baseline -0.006 -13"><span class='ocrx_word' id='word_1_346' title='bbox 58 2468 265 2505; x_wconf 81' lang='lat' dir='ltr'>Lavinium</span> <span class='ocrx_word' id='word_1_347' title='bbox 320 2465 510 2518; x_wconf 86' lang='lat' dir='ltr'>posthaec</span> <span class='ocrx_word' id='word_1_348' title='bbox 562 2465 610 2502; x_wconf 84' lang='lat' dir='ltr'>ab</span> <span class='ocrx_word' id='word_1_349' title='bbox 649 2464 782 2502; x_wconf 86' lang='lat' dir='ltr'>Aenea</span> 
     </span>
     <span class='ocr_line' id='line_1_40' title="bbox 59 2521 784 2562; baseline -0.007 0"><span class='ocrx_word' id='word_1_350' title='bbox 59 2525 134 2562; x_wconf 87' lang='lat' dir='ltr'>suit</span> <span class='ocrx_word' id='word_1_351' title='bbox 158 2525 375 2562; x_wconf 86' lang='lat' dir='ltr'>conditum.</span> <span class='ocrx_word' id='word_1_352' title='bbox 436 2524 505 2561; x_wconf 88' lang='lat' dir='ltr'>Est</span> <span class='ocrx_word' id='word_1_353' title='bbox 531 2529 663 2561; x_wconf 82' lang='lat' dir='ltr'>autem</span> <span class='ocrx_word' id='word_1_354' title='bbox 684 2521 784 2559; x_wconf 86' lang='lat' dir='ltr'>haec</span> 
     </span>
     <span class='ocr_line' id='line_1_41' title="bbox 60 2579 784 2631; baseline -0.004 -12"><span class='ocrx_word' id='word_1_355' title='bbox 60 2581 241 2619; x_wconf 86' lang='lat' dir='ltr'>Aeneidis</span> <span class='ocrx_word' id='word_1_356' title='bbox 269 2594 446 2629; x_wconf 85' lang='lat' dir='ltr'>summa,</span> <span class='ocrx_word' id='word_1_357' title='bbox 477 2593 577 2631; x_wconf 83' lang='lat' dir='ltr'>quae</span> <span class='ocrx_word' id='word_1_358' title='bbox 609 2579 784 2617; x_wconf 87' lang='lat' dir='ltr'>absolvi-</span> 
     </span>
     <span class='ocr_line' id='line_1_42' title="bbox 61 2637 783 2690; baseline -0.004 -14"><span class='ocrx_word' id='word_1_359' title='bbox 61 2645 128 2676; x_wconf 87' lang='lat' dir='ltr'>tur</span> <span class='ocrx_word' id='word_1_360' title='bbox 151 2640 240 2676; x_wconf 86' lang='lat' dir='ltr'>sede</span> <span class='ocrx_word' id='word_1_361' title='bbox 269 2640 310 2676; x_wconf 90' lang='lat' dir='ltr'>in</span> <span class='ocrx_word' id='word_1_362' title='bbox 329 2639 440 2676; x_wconf 83' lang='lat' dir='ltr'>ltalia</span> <span class='ocrx_word' id='word_1_363' title='bbox 465 2643 639 2690; x_wconf 79' lang='lat' dir='ltr'>accepta,</span> <span class='ocrx_word' id='word_1_364' title='bbox 675 2637 783 2674; x_wconf 87' lang='lat' dir='ltr'>Tur-</span> 
     </span>
     <span class='ocr_line' id='line_1_43' title="bbox 63 2694 783 2734; baseline -0.001 -3"><span class='ocrx_word' id='word_1_365' title='bbox 63 2695 105 2732; x_wconf 90' lang='lat' dir='ltr'>ni</span> <span class='ocrx_word' id='word_1_366' title='bbox 125 2697 241 2733; x_wconf 85' lang='lat' dir='ltr'>caede</span> <span class='ocrx_word' id='word_1_367' title='bbox 261 2703 300 2733; x_wconf 89' lang='lat' dir='ltr'>et</span> <span class='ocrx_word' id='word_1_368' title='bbox 321 2709 370 2734; x_wconf 77' lang='lat' dir='ltr'>ex</span> <span class='ocrx_word' id='word_1_369' title='bbox 398 2695 555 2733; x_wconf 82' lang='lat' dir='ltr'>foedere</span> <span class='ocrx_word' id='word_1_370' title='bbox 587 2708 677 2732; x_wconf 84' lang='lat' dir='ltr'>curn</span> <span class='ocrx_word' id='word_1_371' title='bbox 706 2694 783 2730; x_wconf 86' lang='lat' dir='ltr'>La·-</span> 
     </span>
     <span class='ocr_line' id='line_1_44' title="bbox 66 2752 784 2803; baseline 0 -15"><span class='ocrx_word' id='word_1_372' title='bbox 66 2752 169 2789; x_wconf 86' lang='lat' dir='ltr'>tino:</span> <span class='ocrx_word' id='word_1_373' title='bbox 209 2754 296 2802; x_wconf 78' lang='lat' dir='ltr'>XII,</span> <span class='ocrx_word' id='word_1_374' title='bbox 331 2756 411 2793; x_wconf 76' lang='lat'>187</span> <span class='ocrx_word' id='word_1_375' title='bbox 445 2766 528 2803; x_wconf 88' lang='lat' dir='ltr'>sqq.</span> <span class='ocrx_word' id='word_1_376' title='bbox 559 2754 687 2790; x_wconf 84' lang='lat' dir='ltr'>Arma</span> <span class='ocrx_word' id='word_1_377' title='bbox 719 2752 784 2789; x_wconf 71' lang='grc' dir='ltr'>ι’ἰ-</span> 
     </span>
     <span class='ocr_line' id='line_1_45' title="bbox 64 2808 783 2860; baseline 0.001 -16"><span class='ocrx_word' id='word_1_378' title='bbox 64 2822 223 2860; x_wconf 75' lang='lat' dir='ltr'>mmque</span> <span class='ocrx_word' id='word_1_379' title='bbox 247 2811 384 2848; x_wconf 89' lang='lat' dir='ltr'>melius</span> <span class='ocrx_word' id='word_1_380' title='bbox 419 2810 472 2847; x_wconf 82' lang='lat' dir='ltr'>ita</span> <span class='ocrx_word' id='word_1_381' title='bbox 511 2823 581 2847; x_wconf 88' lang='lat' dir='ltr'>nos</span> <span class='ocrx_word' id='word_1_382' title='bbox 614 2815 655 2846; x_wconf 81' lang='lat' dir='ltr'>et</span> <span class='ocrx_word' id='word_1_383' title='bbox 686 2808 783 2860; x_wconf 89' lang='lat' dir='ltr'>epici</span> 
     </span>
     <span class='ocr_line' id='line_1_46' title="bbox 66 2866 784 2918; baseline 0.003 -18"><span class='ocrx_word' id='word_1_384' title='bbox 66 2867 246 2903; x_wconf 84' lang='lat' dir='ltr'>carminis</span> <span class='ocrx_word' id='word_1_385' title='bbox 279 2867 464 2918; x_wconf 72' lang='lat' dir='ltr'>dignitati</span> <span class='ocrx_word' id='word_1_386' title='bbox 501 2866 784 2904; x_wconf 75' lang='lat' dir='ltr'>convenienter</span> 
     </span>
     <span class='ocr_line' id='line_1_47' title="bbox 67 2920 784 2975; baseline 0.006 -19"><span class='ocrx_word' id='word_1_387' title='bbox 67 2920 318 2973; x_wconf 80' lang='lat' dir='ltr'>interpretari</span> <span class='ocrx_word' id='word_1_388' title='bbox 338 2930 538 2975; x_wconf 83' lang='lat' dir='ltr'>putamus,</span> <span class='ocrx_word' id='word_1_389' title='bbox 569 2937 688 2974; x_wconf 80' lang='lat' dir='ltr'>quam</span> <span class='ocrx_word' id='word_1_390' title='bbox 710 2936 784 2975; x_wconf 87' lang='lat' dir='ltr'>pro</span> 
     </span>
    </p>
   </div>
   <div class='ocr_carea' id='block_1_6' title="bbox 835 1886 1573 2973">
    <p class='ocr_par' dir='ltr' id='par_1_6' title="bbox 835 1886 1573 2973">
     <span class='ocr_line' id='line_1_48' title="bbox 835 1886 1565 1936; baseline -0.004 -10"><span class='ocrx_word' id='word_1_391' title='bbox 835 1897 992 1927; x_wconf 74' lang='lat' dir='ltr'>armato</span> <span class='ocrx_word' id='word_1_392' title='bbox 1016 1891 1098 1926; x_wconf 69' lang='lat' dir='ltr'>viro</span> <span class='ocrx_word' id='word_1_393' title='bbox 1113 1918 1122 1936; x_wconf 91' lang='lat'>,</span> <span class='ocrx_word' id='word_1_394' title='bbox 1159 1894 1202 1925; x_wconf 91' lang='lat' dir='ltr'>ut</span> <span class='ocrx_word' id='word_1_395' title='bbox 1227 1887 1312 1924; x_wconf 85' lang='lat' dir='ltr'>aliis</span> <span class='ocrx_word' id='word_1_396' title='bbox 1336 1886 1433 1924; x_wconf 91' lang='lat' dir='ltr'>locis</span> <span class='ocrx_word' id='word_1_397' title='bbox 1456 1892 1565 1924; x_wconf 83' lang='lat' dir='ltr'>recte</span> 
     </span>
     <span class='ocr_line' id='line_1_49' title="bbox 836 1944 1565 1995; baseline -0.004 -11"><span class='ocrx_word' id='word_1_398' title='bbox 836 1946 1007 1995; x_wconf 82' lang='lat' dir='ltr'>dicitur,</span> <span class='ocrx_word' id='word_1_399' title='bbox 1040 1959 1079 1984; x_wconf 84' lang='lat' dir='ltr'>v.</span> <span class='ocrx_word' id='word_1_400' title='bbox 1102 1959 1134 1983; x_wconf 92' lang='lat' dir='ltr'>c.</span> <span class='ocrx_word' id='word_1_401' title='bbox 1155 1945 1223 1983; x_wconf 82' lang='lat' dir='ltr'>ins.</span> <span class='ocrx_word' id='word_1_402' title='bbox 1251 1945 1321 1993; x_wconf 85' lang='lat' dir='ltr'>XI,</span> <span class='ocrx_word' id='word_1_403' title='bbox 1353 1944 1450 1992; x_wconf 77' lang='lat'>747,</span> <span class='ocrx_word' id='word_1_404' title='bbox 1483 1949 1565 1992; x_wconf 85' lang='lat' dir='ltr'>aut,</span> 
     </span>
     <span class='ocr_line' id='line_1_50' title="bbox 837 2002 1567 2054; baseline -0.004 -13"><span class='ocrx_word' id='word_1_405' title='bbox 837 2009 884 2042; x_wconf 82' lang='lat' dir='ltr'>ut</span> <span class='ocrx_word' id='word_1_406' title='bbox 923 2006 985 2041; x_wconf 75' lang='grc' dir='ltr'>νίν</span> <span class='ocrx_word' id='word_1_407' title='bbox 1028 2003 1079 2041; x_wconf 90' lang='lat' dir='ltr'>ad</span> <span class='ocrx_word' id='word_1_408' title='bbox 1115 2016 1188 2040; x_wconf 79' lang='lat' dir='ltr'>sex</span> <span class='ocrx_word' id='word_1_409' title='bbox 1223 2002 1377 2054; x_wconf 85' lang='lat' dir='ltr'>priores</span> <span class='ocrx_word' id='word_1_410' title='bbox 1389 2031 1399 2050; x_wconf 84' lang='lat'>,</span> <span class='ocrx_word' id='word_1_411' title='bbox 1450 2015 1567 2038; x_wconf 80' lang='lat' dir='ltr'>arma</span> 
     </span>
     <span class='ocr_line' id='line_1_51' title="bbox 836 2059 1566 2112; baseline -0.005 -13"><span class='ocrx_word' id='word_1_412' title='bbox 836 2061 887 2105; x_wconf 80' lang='lat' dir='ltr'>ad</span> <span class='ocrx_word' id='word_1_413' title='bbox 920 2074 991 2099; x_wconf 75' lang='lat' dir='ltr'>sex</span> <span class='ocrx_word' id='word_1_414' title='bbox 1022 2061 1262 2112; x_wconf 87' lang='lat' dir='ltr'>posteriores</span> <span class='ocrx_word' id='word_1_415' title='bbox 1286 2059 1408 2097; x_wconf 87' lang='lat' dir='ltr'>libros</span> <span class='ocrx_word' id='word_1_416' title='bbox 1438 2059 1566 2110; x_wconf 85' lang='lat' dir='ltr'>perti-</span> 
     </span>
     <span class='ocr_line' id='line_1_52' title="bbox 836 2116 1567 2167; baseline -0.005 -11"><span class='ocrx_word' id='word_1_417' title='bbox 836 2125 951 2167; x_wconf 80' lang='lat' dir='ltr'>neat,</span> <span class='ocrx_word' id='word_1_418' title='bbox 1001 2125 1072 2156; x_wconf 86' lang='lat' dir='ltr'>aut</span> <span class='ocrx_word' id='word_1_419' title='bbox 1109 2132 1201 2156; x_wconf 83' lang='lat' dir='ltr'>curn</span> <span class='ocrx_word' id='word_1_420' title='bbox 1240 2118 1473 2154; x_wconf 80' lang='lat' dir='ltr'>Burmanno</span> <span class='ocrx_word' id='word_1_421' title='bbox 1510 2116 1567 2154; x_wconf 87' lang='lat' dir='ltr'>ita</span> 
     </span>
     <span class='ocr_line' id='line_1_53' title="bbox 838 2174 1567 2227; baseline -0.007 -13"><span class='ocrx_word' id='word_1_422' title='bbox 838 2177 1036 2227; x_wconf 78' lang='lat' dir='ltr'>accipere,</span> <span class='ocrx_word' id='word_1_423' title='bbox 1067 2174 1407 2226; x_wconf 84' lang='lat' dir='ltr'>quemadmodum</span> <span class='ocrx_word' id='word_1_424' title='bbox 1437 2174 1475 2210; x_wconf 90' lang='lat' dir='ltr'>in</span> <span class='ocrx_word' id='word_1_425' title='bbox 1501 2187 1567 2210; x_wconf 91' lang='lat' dir='ltr'>so-</span> 
     </span>
     <span class='ocr_line' id='line_1_54' title="bbox 837 2233 1568 2282; baseline -0.007 -10"><span class='ocrx_word' id='word_1_426' title='bbox 837 2234 945 2272; x_wconf 86' lang='lat' dir='ltr'>lenni</span> <span class='ocrx_word' id='word_1_427' title='bbox 986 2234 1174 2271; x_wconf 77' lang='lat' dir='ltr'>formula:</span> <span class='ocrx_word' id='word_1_428' title='bbox 1226 2246 1343 2269; x_wconf 83' lang='lat' dir='ltr'>arma</span> <span class='ocrx_word' id='word_1_429' title='bbox 1387 2233 1568 2282; x_wconf 66' lang='lat' dir='ltr'>virosque</span> 
     </span>
     <span class='ocr_line' id='line_1_55' title="bbox 839 2287 1568 2340; baseline -0.004 -12"><span class='ocrx_word' id='word_1_430' title='bbox 839 2292 898 2328; x_wconf 78' lang='lat' dir='ltr'>ad</span> <span class='ocrx_word' id='word_1_431' title='bbox 925 2291 1029 2328; x_wconf 75' lang='lat' dir='ltr'>bella</span> <span class='ocrx_word' id='word_1_432' title='bbox 1050 2291 1254 2340; x_wconf 73' lang='lat' dir='ltr'>polliceri,</span> <span class='ocrx_word' id='word_1_433' title='bbox 1286 2295 1327 2326; x_wconf 87' lang='lat' dir='ltr'>et</span> <span class='ocrx_word' id='word_1_434' title='bbox 1356 2287 1399 2325; x_wconf 85' lang='lat' dir='ltr'>in</span> <span class='ocrx_word' id='word_1_435' title='bbox 1429 2288 1568 2326; x_wconf 85' lang='lat' dir='ltr'>simili—</span> 
     </span>
     <span class='ocr_line' id='line_1_56' title="bbox 837 2345 1569 2386; baseline -0.005 0"><span class='ocrx_word' id='word_1_436' title='bbox 837 2349 926 2386; x_wconf 87' lang='lat' dir='ltr'>bus.</span> <span class='ocrx_word' id='word_1_437' title='bbox 995 2348 1165 2386; x_wconf 84' lang='lat' dir='ltr'>Videtur</span> <span class='ocrx_word' id='word_1_438' title='bbox 1202 2346 1307 2384; x_wconf 91' lang='lat' dir='ltr'>enim</span> <span class='ocrx_word' id='word_1_439' title='bbox 1354 2345 1452 2383; x_wconf 80' lang='lat' dir='ltr'>haec</span> <span class='ocrx_word' id='word_1_440' title='bbox 1492 2345 1569 2383; x_wconf 89' lang='lat' dir='ltr'>alia</span> 
     </span>
     <span class='ocr_line' id='line_1_57' title="bbox 838 2403 1568 2456; baseline -0.005 -13"><span class='ocrx_word' id='word_1_441' title='bbox 838 2405 1028 2456; x_wconf 85' lang='lat' dir='ltr'>loquendi</span> <span class='ocrx_word' id='word_1_442' title='bbox 1059 2406 1185 2443; x_wconf 85' lang='lat' dir='ltr'>forma</span> <span class='ocrx_word' id='word_1_443' title='bbox 1215 2416 1339 2454; x_wconf 90' lang='lat' dir='ltr'>eaque</span> <span class='ocrx_word' id='word_1_444' title='bbox 1364 2403 1490 2440; x_wconf 86' lang='lat' dir='ltr'>aliena</span> <span class='ocrx_word' id='word_1_445' title='bbox 1519 2403 1568 2439; x_wconf 90' lang='lat' dir='ltr'>ab</span> 
     </span>
     <span class='ocr_line' id='line_1_58' title="bbox 838 2460 1569 2513; baseline -0.005 -12"><span class='ocrx_word' id='word_1_446' title='bbox 838 2463 879 2501; x_wconf 81' lang='lat' dir='ltr'>h.</span> <span class='ocrx_word' id='word_1_447' title='bbox 901 2464 923 2500; x_wconf 92' lang='lat' dir='ltr'>l.</span> <span class='ocrx_word' id='word_1_448' title='bbox 948 2468 986 2499; x_wconf 90' lang='lat' dir='ltr'>et</span> <span class='ocrx_word' id='word_1_449' title='bbox 1010 2463 1208 2513; x_wconf 82' lang='lat' dir='ltr'>gravitate</span> <span class='ocrx_word' id='word_1_450' title='bbox 1235 2462 1343 2512; x_wconf 84' lang='lat' dir='ltr'>epica</span> <span class='ocrx_word' id='word_1_451' title='bbox 1371 2460 1484 2499; x_wconf 85' lang='lat' dir='ltr'>haud</span> <span class='ocrx_word' id='word_1_452' title='bbox 1505 2474 1569 2497; x_wconf 89' lang='lat' dir='ltr'>sa-</span> 
     </span>
     <span class='ocr_line' id='line_1_59' title="bbox 839 2519 1569 2571; baseline -0.005 -13"><span class='ocrx_word' id='word_1_453' title='bbox 839 2521 891 2558; x_wconf 79' lang='lat' dir='ltr'>tis</span> <span class='ocrx_word' id='word_1_454' title='bbox 913 2520 1029 2571; x_wconf 88' lang='lat' dir='ltr'>digna</span> <span class='ocrx_word' id='word_1_455' title='bbox 1049 2533 1151 2569; x_wconf 79' lang='lat' dir='ltr'>esse3</span> <span class='ocrx_word' id='word_1_456' title='bbox 1183 2525 1220 2557; x_wconf 86' lang='lat' dir='ltr'>et</span> <span class='ocrx_word' id='word_1_457' title='bbox 1249 2519 1458 2557; x_wconf 78' lang='lat' dir='ltr'>exsisteret</span> <span class='ocrx_word' id='word_1_458' title='bbox 1478 2531 1569 2555; x_wconf 87' lang='lat' dir='ltr'>sen-</span> 
     </span>
     <span class='ocr_line' id='line_1_60' title="bbox 841 2576 1571 2629; baseline -0.004 -14"><span class='ocrx_word' id='word_1_459' title='bbox 841 2592 929 2616; x_wconf 88' lang='lat' dir='ltr'>sus:</span> <span class='ocrx_word' id='word_1_460' title='bbox 971 2583 1207 2629; x_wconf 82' lang='lat' dir='ltr'>apparatum</span> <span class='ocrx_word' id='word_1_461' title='bbox 1235 2576 1422 2614; x_wconf 86' lang='lat' dir='ltr'>bellicum</span> <span class='ocrx_word' id='word_1_462' title='bbox 1451 2587 1571 2613; x_wconf 85' lang='lat' dir='ltr'>cane-</span> 
     </span>
     <span class='ocr_line' id='line_1_61' title="bbox 842 2632 1571 2687; baseline -0.005 -13"><span class='ocrx_word' id='word_1_463' title='bbox 842 2647 886 2674; x_wconf 85' lang='lat' dir='ltr'>re</span> <span class='ocrx_word' id='word_1_464' title='bbox 920 2635 1078 2687; x_wconf 89' lang='lat' dir='ltr'>incipio.</span> <span class='ocrx_word' id='word_1_465' title='bbox 1139 2635 1264 2672; x_wconf 87' lang='lat' dir='ltr'>Immo</span> <span class='ocrx_word' id='word_1_466' title='bbox 1298 2646 1396 2672; x_wconf 77' lang='lat' dir='ltr'>vero</span> <span class='ocrx_word' id='word_1_467' title='bbox 1424 2632 1571 2670; x_wconf 78' lang='lat' dir='ltr'>bellam</span> 
     </span>
     <span class='ocr_line' id='line_1_62' title="bbox 843 2692 1573 2744; baseline -0.007 -13"><span class='ocrx_word' id='word_1_468' title='bbox 843 2706 1009 2731; x_wconf 85' lang='lat' dir='ltr'>narrare</span> <span class='ocrx_word' id='word_1_469' title='bbox 1037 2692 1249 2744; x_wconf 87' lang='lat' dir='ltr'>pollicetur</span> <span class='ocrx_word' id='word_1_470' title='bbox 1269 2693 1453 2737; x_wconf 78' lang='lat' dir='ltr'>Aeneae,</span> <span class='ocrx_word' id='word_1_471' title='bbox 1503 2692 1573 2741; x_wconf 79' lang='lat' dir='ltr'>qni</span> 
     </span>
     <span class='ocr_line' id='line_1_63' title="bbox 849 2749 1569 2801; baseline -0.004 -14"><span class='ocrx_word' id='word_1_472' title='bbox 849 2752 970 2787; x_wconf 77' lang='lat' dir='ltr'>&#39;l&#39;roia</span> <span class='ocrx_word' id='word_1_473' title='bbox 992 2750 1198 2801; x_wconf 73' lang='lat' dir='ltr'>proficgus</span> <span class='ocrx_word' id='word_1_474' title='bbox 1225 2751 1264 2786; x_wconf 84' lang='lat' dir='ltr'>in</span> <span class='ocrx_word' id='word_1_475' title='bbox 1301 2749 1471 2785; x_wconf 82' lang='lat' dir='ltr'>Lalium</span> <span class='ocrx_word' id='word_1_476' title='bbox 1501 2762 1569 2784; x_wconf 62' lang='lat' dir='ltr'>re-</span> 
     </span>
     <span class='ocr_line' id='line_1_64' title="bbox 842 2807 1571 2858; baseline -0.005 -14"><span class='ocrx_word' id='word_1_477' title='bbox 842 2815 978 2856; x_wconf 74' lang='lat' dir='ltr'>uerat,</span> <span class='ocrx_word' id='word_1_478' title='bbox 1015 2815 1107 2858; x_wconf 77' lang='lat' dir='ltr'>post</span> <span class='ocrx_word' id='word_1_479' title='bbox 1140 2807 1284 2844; x_wconf 70' lang='lat' dir='ltr'>multos</span> <span class='ocrx_word' id='word_1_480' title='bbox 1317 2818 1571 2842; x_wconf 75' lang='lat' dir='ltr'>aemmnosos</span> 
     </span>
     <span class='ocr_line' id='line_1_65' title="bbox 842 2861 1570 2916; baseline -0.004 -15"><span class='ocrx_word' id='word_1_481' title='bbox 842 2879 997 2901; x_wconf 74' lang='lat' dir='ltr'>errores.</span> <span class='ocrx_word' id='word_1_482' title='bbox 1045 2863 1114 2916; x_wconf 87' lang='lat' dir='ltr'>(At</span> <span class='ocrx_word' id='word_1_483' title='bbox 1135 2878 1217 2902; x_wconf 87' lang='lat' dir='ltr'>non</span> <span class='ocrx_word' id='word_1_484' title='bbox 1248 2862 1359 2900; x_wconf 82' lang='lat' dir='ltr'>facile</span> <span class='ocrx_word' id='word_1_485' title='bbox 1388 2863 1475 2909; x_wconf 83' lang='lat' dir='ltr'>erit,</span> <span class='ocrx_word' id='word_1_486' title='bbox 1508 2861 1570 2899; x_wconf 81' lang='lat' dir='ltr'>cui</span> 
     </span>
     <span class='ocr_line' id='line_1_66' title="bbox 842 2922 1570 2973; baseline -0.005 -14"><span class='ocrx_word' id='word_1_487' title='bbox 842 2922 998 2973; x_wconf 86' lang='lat' dir='ltr'>placeat</span> <span class='ocrx_word' id='word_1_488' title='bbox 1037 2935 1154 2959; x_wconf 83' lang='lat' dir='ltr'>arma</span> <span class='ocrx_word' id='word_1_489' title='bbox 1193 2922 1249 2959; x_wconf 79' lang='lat' dir='ltr'>ita</span> <span class='ocrx_word' id='word_1_490' title='bbox 1279 2924 1507 2971; x_wconf 85' lang='lat' dir='ltr'>separatum</span> <span class='ocrx_word' id='word_1_491' title='bbox 1549 2931 1570 2954; x_wconf 85' lang='lat' dir='ltr'>a</span> 
     </span>
    </p>
   </div>
  </div>
 </body>
</html>
