1779 3420
113 256 214 303 858

449 251 504 299 P.
542 250 898 299 VIRGILII
934 248 1315 298 MARONIS

110 377 208 426 Hic
231 375 385 425 labor
406 374 496 424 ille
521 375 739 438 domus,
781 384 833 423 et
853 375 1219 424 inextricabilis
1246 391 1422 436 error3

109 451 367 511 Magnum
385 446 599 509 reginae
621 445 716 494 sed
742 445 883 493 enim
905 446 1183 494 miseratus
1205 461 1448 494 amorem

109 516 404 578 Daedalus,
443 517 555 581 ipse
581 515 734 564 dolos
758 516 883 563 tecti
910 515 1267 581 ambagesque
1294 515 1529 579 resolvit,

112 589 278 636 Caeca
300 601 492 650 regens
512 584 604 633 filo
631 585 858 648 vestigia.

933 588 1017 634 Tu
1042 602 1262 651 quoque
1289 602 1538 650 magnam
1567 592 1634 636 30

109 659 325 706 Partem
362 671 528 721 opere
569 655 622 703 in
660 663 838 718 tanto,
876 655 1075 704 sineret
1110 655 1292 720 dolor,
1329 658 1500 720 Icare,
1538 655 1634 704 ha-

895 723 1067 775 heres,

109 796 194 845 Bis
221 804 439 844 conatus
466 802 577 843 erat
601 810 746 842 casus
771 791 1030 858 effingere
1059 795 1112 842 in
1139 810 1292 844 auro:

201 914 247 948 27
272 912 339 945 illa
363 912 492 946 domus
518 912 627 945 Goth.
652 918 736 946 tert.

110 960 200 1005 legit
225 959 406 1002 Theseus,
434 960 511 1003 fila
543 966 577 992 et
601 958 667 991 iter
692 960 786 991 rexit
819 959 1003 993 Daedalus.
1040 960 1084 992 cf.
1121 960 1304 992 Burmann.

830 912 877 946 30
914 913 1043 957 legens
1068 914 1188 956 Sprot.
1214 920 1247 944 et
1274 909 1438 952 Vsatisl.,
1473 911 1537 943 sed
1574 909 1631 944 fila

1401 958 1445 992 31
1483 971 1631 1003 operum

109 1007 215 1039 Goth.
243 1018 297 1051 pr.
345 1008 383 1038 in
409 1007 509 1039 abest
542 1006 586 1039 ab
621 1005 732 1038 altero
767 1007 957 1050 Hamburg.
1007 1006 1111 1039 labor
1147 1007 1235 1040 Ven.
1272 1017 1337 1050 pro
1374 1017 1443 1038 var.
1479 1004 1562 1038 lect.
1600 1012 1633 1037 et

110 1054 164 1086 ed.
190 1055 278 1087 Ven.
328 1054 448 1087 Verba
472 1056 579 1086 Icare
603 1051 756 1086 haberes
780 1066 799 1086 a
831 1053 1007 1087 nonnullis
1042 1053 1167 1095 codd.,
1202 1053 1294 1085 inter
1329 1064 1415 1097 quos
1453 1053 1630 1084 Romanus

110 1107 177 1142 est,
203 1101 326 1133 abesse
352 1100 438 1133 vidit
461 1100 606 1133 Pierius.

106 1190 182 1235 put
200 1183 277 1222 viri
306 1183 466 1221 barbati
495 1189 686 1232 exeunte,
726 1182 838 1234 quod

107 1241 172 1278 alii
190 1241 337 1279 Bacchi
359 1254 426 1279 seu
447 1242 594 1279 Ebonis
608 1271 617 1288 ,
651 1241 690 1279 h.
711 1254 743 1279 e.
768 1255 838 1279 so-

106 1300 171 1348 lis,
213 1300 279 1337 alii
314 1300 440 1351 patrii
470 1300 607 1347 fluvii,
647 1300 712 1337 alii
745 1313 838 1337 ara-

107 1357 228 1395 tionis
287 1364 327 1395 et
379 1359 594 1396 fertilitatis
649 1372 835 1409 agrorum

105 1416 332 1467 symbolum
374 1429 456 1453 esse
492 1417 670 1454 voluere.
739 1415 838 1453 Mihi

105 1474 286 1512 nondum
311 1475 459 1525 liquet;
491 1475 726 1524 obscurata,
758 1488 837 1526 pu-

106 1537 172 1581 to,
206 1533 284 1570 iam
307 1532 462 1571 dudum
492 1534 571 1570 suit
597 1546 693 1571 vera
725 1546 836 1583 sym-

103 1590 186 1627 boli
206 1591 415 1629 sententia.
448 1592 551 1629 cons.
572 1590 623 1628 ad
650 1590 835 1642 Apollod.

103 1648 230 1686 Notae
261 1663 298 1700 p.
330 1650 425 1690 537.
484 1650 584 1687 Nam
619 1649 748 1686 multa
787 1650 836 1685 de

103 1705 165 1743 his
186 1708 369 1745 virorum
396 1707 609 1745 doctorum
632 1707 837 1758 disputata

103 1765 249 1816 passim
287 1771 458 1812 extant,
507 1765 689 1816 inprimis
728 1765 835 1802 inter

105 1822 224 1860 [talos
277 1822 471 1860 Mazochii
522 1829 563 1860 et
618 1823 834 1872 Ignarrae3

103 1880 231 1917 multa
249 1893 408 1931 quoque
436 1881 479 1918 in
511 1894 728 1918 numorum
757 1879 834 1917 do-

104 1939 254 1988 ctrina,
285 1938 465 1990 inprimis
485 1938 533 1975 ab
560 1937 718 1975 Eekhel.
742 1943 833 1989 post

103 1997 323 2034 Neumann.
369 1999 436 2039 27.
450 1995 719 2047 Labyrinthus
731 1996 834 2033 Dae—

104 2054 180 2092 dali
203 2068 322 2106 opus,
354 2055 393 2091 in
427 2054 639 2105 Pasiphaes
666 2054 834 2105 gratiam

102 2119 352 2164 susceptum,
391 2119 438 2149 ut
480 2112 755 2150 Minotaurum
793 2112 834 2149 in

102 2184 147 2208 eo
171 2170 447 2208 absconderet.
508 2171 572 2208 Sic
604 2170 722 2209 Ovid.
746 2170 834 2209 VllI

101 2229 191 2266 Met.
219 2229 311 2271 157.
331 2229 475 2280 Hygin.
497 2230 522 2267 s.
544 2231 611 2269 40.
634 2228 747 2266 Diod.
766 2228 832 2277 IV,

101 2290 168 2328 77.
200 2286 387 2338 Apollod.
423 2286 487 2335 Ill,
536 2290 570 2335 1,
613 2286 651 2335 4,
693 2288 756 2335 15,
793 2288 832 2327 8.

101 2344 219 2396 Apud
250 2345 470 2382 Homerum
507 2358 602 2383 vero
636 2344 831 2382 Daedalus

100 2402 141 2439 in
164 2402 365 2440 Ariadnae
388 2404 554 2453 gratiam
572 2402 740 2441 chorum
760 2415 830 2440 seu

101 2460 353 2498 saltationem
385 2460 630 2511 Labyrintho
662 2461 829 2498 similem

100 2517 301 2555 effinxisse
334 2524 520 2556 narratur
547 2519 659 2557 Iliad.
688 2531 722 2567 σ,
745 2521 825 2560 591

99 2588 205 2625 seqq.
274 2576 419 2612 Habita
461 2582 594 2613 tamen
640 2590 732 2614 vere
763 2576 828 2613 illa

100 2645 181 2670 esse
215 2633 368 2684 potuit,
418 2639 458 2670 et
493 2647 626 2671 annuo
665 2634 831 2672 sollenni

99 2691 259 2738 iterari,
295 2691 345 2727 ad
376 2691 652 2728 celebrandam
683 2692 831 2728 scilicet

99 2749 257 2800 publica
278 2748 478 2786 hilaritate
502 2749 652 2786 felicem
676 2763 694 2785 e
712 2749 829 2799 laby-

98 2806 236 2844 rintho
273 2808 426 2856 sugam,
466 2819 650 2858 expressa
693 2812 826 2857 postea

99 2865 147 2902 ab
200 2865 352 2902 artifice
404 2877 522 2915 opere
575 2863 825 2914 anaglypho:

100 2923 209 2973 quod
231 2923 310 2960 iam
342 2922 526 2971 Homeri,
559 2922 697 2959 saltem
728 2935 826 2972 poc-

99 2987 178 3029 tae,
211 2981 275 3019 eui
294 2980 358 3018 illa
382 2980 567 3019 carminis
588 2994 678 3032 pars
704 2980 825 3018 debe-

895 1190 987 1232 tur,
1017 1189 1146 1221 aetate
1165 1182 1314 1220 extitit.
1375 1181 1511 1218 Simile
1531 1195 1629 1218 ana-

895 1240 1089 1293 glyphum
1104 1240 1276 1279 candido
1289 1252 1500 1287 marmore,
1519 1240 1629 1289 quod

896 1299 1147 1337 saltationem
1177 1298 1374 1336 Ariadnes
1402 1296 1629 1346 exhibebat,

895 1372 969 1410 pro
1006 1357 1169 1395 Daedali
1221 1368 1339 1408 opere
1393 1370 1414 1392 a
1457 1355 1629 1392 Cnossiis

896 1421 1142 1453 ostentatum
1181 1415 1348 1452 Pausan.
1384 1414 1454 1461 IX,
1486 1416 1553 1462 40,
1587 1427 1626 1464 p.

896 1476 979 1515 793
1003 1479 1157 1512 narrat.
1214 1472 1381 1511 Homeri
1404 1472 1537 1509 locum
1556 1484 1625 1508 re-

895 1532 1010 1583 spicit
1045 1531 1231 1583 Virgilius
1260 1530 1300 1568 h.
1330 1531 1354 1568 l.
1386 1536 1427 1567 et
1459 1542 1546 1580 sup.
1580 1529 1627 1577 V,

896 1591 980 1631 588
1008 1604 1115 1641 sqq.;
1163 1595 1204 1626 at
1234 1588 1340 1627 idem
1374 1593 1510 1625 noster
1540 1600 1626 1624 rem

893 1647 1088 1686 hactenus
1108 1648 1294 1696 variavit,
1322 1652 1368 1685 ut
1388 1659 1496 1684 nunc
1523 1645 1626 1682 Dae-

895 1706 1032 1744 dalum
1064 1712 1203 1743 narret
1232 1705 1272 1742 in
1298 1706 1486 1755 reginae,
1521 1703 1621 1753 regis

892 1764 1036 1801 Minois
1065 1764 1181 1811 filiae,
1212 1762 1425 1810 Ariadnae,
1455 1761 1624 1811 gratiam

893 1821 1045 1859 Theseo
1065 1822 1142 1858 iter
1160 1833 1232 1872 per
1250 1818 1541 1871 Labyrinthum
1554 1818 1622 1856 filo

892 1879 1175 1917 monstravisse
1193 1908 1202 1926 ,
1253 1878 1362 1928 quod
1409 1877 1623 1915 inventum

893 1937 957 1974 alii
975 1943 1115 1989 poetae
1135 1936 1367 1988 simpliciter
1399 1935 1450 1972 ad
1475 1934 1623 1972 Ariad-

891 2008 966 2033 nae
984 1994 1201 2033 sollertiam
1219 1995 1410 2032 reserunt.
1472 1996 1538 2034 27.
1557 1993 1614 2030 la-

892 2053 962 2090 bor
988 2054 1128 2091 (lomus
1158 2052 1385 2090 declaratur
1414 2064 1485 2102 per
1518 2051 1622 2087 alte-

891 2125 1003 2160 rum,
1035 2110 1321 2148 inextricabilis
1348 2124 1471 2157 emor,
1507 2109 1621 2146 labor

891 2183 1008 2220 quem
1033 2170 1115 2222 ipse
1136 2167 1392 2220 labyrinthus
1412 2167 1504 2204 facit
1530 2166 1620 2203 exi-

890 2235 979 2265 tum
1011 2227 1307 2278 quaerentibus.
1368 2224 1499 2278 (labor
1529 2237 1618 2262 ma—

888 2286 1140 2337 gnitudinem
1168 2291 1207 2322 et
1229 2283 1500 2322 admirabilem
1528 2295 1618 2333 spe—

888 2344 986 2381 ciem
1006 2345 1120 2382 istius
1140 2343 1306 2380 aedificii
1323 2348 1501 2393 spectare
1519 2339 1619 2377 mihi

887 2402 1051 2440 videtur
1062 2417 1071 2450 3
1103 2408 1150 2439 ut
1167 2415 1330 2451 operam
1347 2399 1461 2437 labor
1478 2400 1547 2436 Ge.
1568 2398 1617 2446 ll,

891 2461 982 2502 155.
1030 2460 1147 2511 lVr.)
1210 2460 1294 2496 dola·
1326 2464 1366 2495 et
1403 2456 1613 2507 ambages,

886 2518 1015 2555 flexus
1031 2517 1120 2556 viae
1140 2524 1180 2555 et
1198 2529 1353 2555 errores
1367 2513 1615 2566 Labyrinthi.

890 2576 938 2613 cf.
960 2576 1099 2613 Cerda.
1126 2575 1198 2613 hos
1215 2576 1397 2621 resoluit,
1423 2573 1557 2610 reditu
1578 2577 1616 2608 et

889 2646 1045 2683 egressu
1066 2638 1300 2670 monstrato.
1332 2645 1469 2676 caeca,
1494 2630 1615 2667 etiam

888 2690 928 2729 h.
962 2692 986 2729 l.
1040 2697 1135 2727 sunt
1175 2690 1372 2737 obscura,
1418 2688 1613 2738 ambigua,

888 2745 1106 2799 δυςνόητας
1139 2746 1276 2800 (caeca
1294 2748 1482 2796 1⁷¹eslz'gia,
1501 2758 1613 2797 gres-

885 2820 971 2854 sus,
1003 2819 1092 2857 p03,
1123 2812 1272 2843 temere
1308 2818 1456 2842 errans.
1494 2802 1612 2855 VVr.)

885 2864 986 2914 regit
1008 2865 1070 2900 ille
1099 2864 1271 2913 glomere
1298 2863 1374 2900 iter
1402 2863 1612 2900 incertum.

885 2922 1081 2960 Vcrsuuni
1102 2925 1219 2962 30-
1234 2924 1286 2962 33
1315 2922 1363 2959 de
1386 2920 1494 2958 Icaro
1519 2934 1613 2958 sua—

886 2980 1049 3018 vitatem
1082 2986 1121 3017 et
1156 2980 1236 3019 vim
1269 2979 1382 3018 saeile
1412 2979 1533 3017 sentis
1564 2991 1613 3016 ex
