1779 3420
119 225 221 271 382
532 210 1237 264 EXCURSUSI

121 364 222 403 opus
252 346 455 402 particula
487 346 556 385 illa
597 344 737 386 haberi
778 347 930 396 posset,
969 339 1163 393 suspicari
1202 340 1328 393 possis
1368 353 1418 379 ex
1458 339 1583 379 Cicer.
1615 340 1647 378 V

122 408 175 447 ad
205 408 294 447 Div.
331 410 395 448 12.

241 467 342 504 Cum
374 464 423 502 ab
463 461 526 501 his
558 461 845 514 scriptoribUS,
885 458 953 509 qui
993 470 1057 495 res
1096 457 1160 496 vel
1198 459 1413 497 universae
1445 456 1649 503 Graeciae,

123 525 191 565 vel
224 524 473 576 singularum
513 520 727 559 civitatum
769 517 948 567 certique
979 516 1172 568 temporis
1203 522 1475 569 exponerent,
1514 523 1653 554 tamen

125 583 347 623 Troianum
379 580 529 618 bellum
568 592 650 616 non
689 578 806 630 plane
847 577 1255 627 praetermitteretur:
1310 575 1396 615 fieri
1439 576 1481 613 id
1521 574 1652 612 multo

129 641 253 694 magis
295 639 436 679 debuit
476 637 525 675 ab
566 637 640 684 iis,
707 636 775 686 qui
827 634 1100 672 Historiarum
1149 640 1368 685 systemata
1417 634 1653 680 conderent,

126 706 175 740 ut
220 713 285 738 res
328 696 520 736 Troianas
568 695 810 744 omninoque
850 699 985 730 totum
1030 692 1189 744 cyclum
1240 691 1467 744 mythicum
1518 691 1654 744 operi-

128 759 205 797 bus
245 756 326 795 suis
372 756 601 793 intexerent
642 758 713 789 aut
751 751 1028 803 praefigerent.
1088 751 1139 788 Et
1170 749 1249 788 hoc
1286 751 1438 788 factum
1478 750 1593 788 vides
1633 762 1654 785 a

129 816 313 856 Diodoro
345 813 480 851 Siculo
517 811 557 849 in
588 810 700 848 libris
731 809 906 860 quinque
938 809 1159 860 prioribuS,
1193 809 1262 859 qui
1294 815 1451 857 extant,
1490 809 1533 847 in
1564 807 1657 859 qui-

132 875 209 914 bus
250 886 342 911 eum
386 869 621 922 Dionysium
663 868 836 906 maxime
876 867 1074 905 Milesium
1114 881 1234 919 supra
1273 874 1541 906 memoratum
1581 879 1658 903 ex-

132 932 335 985 scripsisse
355 928 547 980 suspicor.
580 928 626 965 cf.
646 927 712 964 lib.
734 927 798 975 III,
822 928 889 974 52,
909 926 979 963 ubi
1001 939 1038 964 v.
1060 926 1221 966 Wessel.
1239 925 1289 980 *).
1319 926 1430 964 Idem
1452 932 1545 963 ante
1566 938 1657 963 eum

134 991 184 1029 ab
213 990 470 1028 Anaximene
498 987 782 1036 Lampsaceno
810 986 974 1032 sactum,
1007 984 1076 1035 qui
1096 984 1318 1022 Alexandri
1345 991 1526 1037 tempore
1555 983 1660 1022 vixit

135 1055 176 1088 et
217 1048 266 1086 ab
298 1043 580 1097 antiquissimis
610 1043 799 1082 Graeciae
830 1043 949 1081 rebus
986 1040 1085 1095 (οἷπό
1112 1044 1333 1098 θεογονίας
1370 1044 1439 1083 καὶ
1468 1039 1549 1083 cino*
1585 1043 1661 1082 τοῦ

134 1102 299 1160 πρώτου
331 1103 474 1159 γένους
508 1105 592 1142 ταῖν
626 1097 883 1155 ἀνθρώπων)
919 1116 1032 1139 orsus
1067 1099 1156 1151 (τοὶς
1189 1098 1352 1155 πρώτας
1387 1102 1566 1155 ἱστορίας
1596 1099 1662 1139 vel

135 1163 213 1217 τήν
234 1160 399 1216 πρώτην
428 1163 509 1201 τῶν
537 1158 801 1213 Ἑλληνικῶν)
837 1159 1049 1198 historiam
1091 1173 1218 1211 usque
1249 1160 1301 1197 ad
1334 1174 1511 1211 pugnam
1542 1158 1662 1197 Man-

138 1224 359 1262 tineensem
397 1223 668 1272 pertexuerat.
705 1218 790 1256 vid.
832 1218 997 1256 Diodor.
1029 1219 1117 1267 XV,
1150 1221 1204 1260 89
1238 1224 1278 1256 et
1317 1219 1429 1257 Voss.
1469 1218 1519 1256 de
1558 1218 1663 1255 Hist.

137 1283 207 1319 Gr.
242 1281 269 1329 1,
305 1282 370 1327 10,
402 1291 475 1315 nec
508 1291 591 1314 non
621 1277 662 1314 in
685 1276 866 1314 Pisandri
899 1290 1018 1329 opere
1049 1277 1151 1315 infra
1183 1276 1402 1315 laudando.
1443 1277 1537 1314 Fuit
1558 1290 1663 1327 quo-

139 1353 217 1391 que
248 1337 423 1390 scriptor
463 1336 654 1386 antiquus
696 1333 974 1389 (συγγραφεῦς
1013 1332 1187 1383 παλαιὸς
1218 1331 1331 1375 πάνυ
1362 1335 1473 1388 apud
1503 1336 1664 1386 Dionys

138 1397 268 1436 Halic.
302 1396 331 1443 I,
365 1397 433 1442 72,
465 1400 504 1431 et
539 1394 566 1441 l,
598 1393 654 1435 49
687 1390 854 1445 ἄρχαῑος
879 1393 947 1433 καὶ
982 1390 1102 1447 λόγου
1134 1391 1265 1446 ἄξιος)
1313 1395 1493 1446 Cephalo
1524 1393 1666 1444 Gergi-

143 1455 255 1494 thius
297 1467 368 1492 seu
407 1451 647 1503 Gergethius
689 1449 753 1503 (τοὶ
795 1452 987 1504 Γέργηθα
1028 1453 1125 1490 urbs
1160 1452 1370 1505 Aeolidis),
1401 1453 1470 1503 qui
1506 1448 1667 1504 Τρωῖκᾶ

143 1514 376 1567 scripserat:
409 1511 458 1549 cf.
490 1510 617 1548 Notae
648 1510 699 1548 ad
734 1510 922 1561 Apollod.
955 1525 990 1561 p.
1023 1512 1127 1552 740:
1162 1511 1347 1549 diversus
1377 1511 1455 1559 ille,
1487 1511 1562 1548 etsi
1592 1509 1668 1547 ob—

141 1573 333 1623 loquatur
363 1570 442 1607 Leo
473 1568 646 1606 Allatius
690 1568 740 1606 de
771 1569 903 1620 patria
936 1569 1102 1607 Homeri
1134 1583 1167 1608 e.
1202 1572 1238 1617 1,
1270 1583 1290 1606 a
1327 1570 1572 1621 Cephalione
1604 1567 1672 1606 vel

146 1630 438 1681 Ceplzalczeone,
470 1627 584 1665 cuius
615 1622 817 1678 σύντομος
847 1625 1050 1679 ἱστορικός
1077 1627 1152 1665 suit
1172 1629 1396 1665 fllusarum
1426 1626 1671 1666 nominein*

145 1689 338 1740 scriptus,
389 1694 453 1724 res
491 1699 513 1722 a
553 1684 656 1722 Nino
699 1685 749 1722 ad
789 1685 1068 1723 Alexandrum
1111 1686 1345 1723 narratione
1382 1691 1671 1738 persequutus,

145 1747 274 1785 lectus
314 1745 380 1783 ille
420 1742 562 1781 Photio
607 1757 640 1785 c.
674 1745 748 1791 68,
795 1750 834 1781 et
873 1743 914 1781 in
956 1744 1156 1796 epitomen
1188 1744 1378 1782 redactus
1416 1758 1438 1781 a
1476 1746 1672 1796 Sopatro:

146 1804 243 1843 ibid,
276 1817 308 1842 c.
343 1805 435 1843 161.
477 1801 569 1839 add.
601 1802 772 1853 Syncell.
804 1816 841 1853 p.
876 1805 970 1850 167,
1003 1808 1043 1839 et
1073 1802 1125 1840 ib.
1156 1808 1242 1840 not.
1303 1803 1414 1850 Quid
1445 1809 1579 1840 tamen
1608 1802 1672 1839 sa-

148 1864 229 1901 cias
260 1860 468 1900 Athenaeo
501 1860 571 1908 IX,
604 1874 640 1911 p.
674 1862 756 1901 393
788 1861 832 1907 E,
864 1860 933 1897 ubi
965 1860 1214 1912 Hegesianax
1247 1859 1550 1899 Alexandrinus
1583 1855 1672 1901 dvo}

150 1920 420 1972 Κεφαλίωνος
462 1913 761 1971 ἐπιγραφόμενα
807 1915 967 1971 Τρωϊκοέ
1016 1918 1212 1967 συνθείςῖ)
1283 1920 1440 1957 Scilicet
1479 1917 1675 1970 suspicari

149 1980 264 2028 licet,
314 1983 494 2016 veterem
530 1977 645 2014 illum
685 1976 833 2014 librum
863 1976 1059 2014 interiisse
1100 1983 1138 2014 et
1168 1978 1220 2021 in,
1240 1978 1323 2015 eius
1353 1979 1489 2016 locuni
1527 1984 1677 2015 temere

151 2052 172 2076 a
213 2035 418 2075 nonnullis
467 2034 732 2072 substitutum
781 2034 902 2072 fuisse
950 2035 1119 2073 similem
1170 2036 1319 2074 librum
1369 2035 1677 2087 Hegesianactis.

151 2096 337 2134 Fuerunt
366 2093 442 2130 alia
480 2090 640 2146 Τρωϊκά
672 2094 898 2130 Ῐίίείνοιῖονί
927 2092 1037 2143 Chii,
1087 2094 1155 2144 qui
1195 2094 1454 2147 Hippocratis
1493 2095 1678 2146 magister

153 2155 251 2203 suit,
292 2151 458 2190 laudata
505 2150 612 2202 apud
659 2149 805 2189 Athen.
847 2151 914 2190 lib.
950 2152 1003 2190 IV
1041 2158 1240 2202 exeunte,
1282 2168 1319 2205 p.
1364 2153 1446 2195 184
1481 2152 1527 2194 A.
1589 2153 1679 2190 Non

153 2212 253 2252 mihi
284 2216 462 2258 constat,
498 2209 550 2247 ad
582 2209 692 2260 quod
722 2215 880 2261 tempus
911 2211 1147 2248 referendus
1178 2212 1228 2248 sit
1256 2212 1486 2250 'l'lzeoclorzcs
1516 2210 1679 2258 Iliensis,

154 2270 225 2322 qui
256 2269 299 2310 ἐν
333 2264 368 2322 β’
406 2269 598 2320 Τρωϊκῶν
630 2267 833 2306 excitatur
863 2269 970 2320 apud
1002 2269 1167 2307 Suidam
1198 2270 1240 2307 in
1272 2272 1538 2317 Παλαίφατος
1564 2265 1682 2321 Ἀβυ-

156 2324 295 2380 δηνός.
356 2325 603 2364 Fabulosum
644 2327 795 2377 §flagri
834 2341 981 2365 nomen
1025 2340 1075 2365 ex
1117 2327 1271 2366 Aeliani
1309 2329 1355 2367 V.
1398 2328 1448 2367 H.
1480 2328 1586 2375 XIV,
1626 2328 1675 2368 21

156 2386 323 2425 laudare
358 2385 413 2422 nil
445 2384 605 2424 attinet.
666 2385 826 2423 Servius
858 2385 902 2426 ἐν
920 2387 1039 2439 τρίτῳ
1068 2389 1151 2425 τῶν
1185 2389 1378 2439 Τρωϊκῶν
1408 2387 1611 2424 excitatur
1641 2385 1684 2422 in

158 2444 291 2483 Schol.
324 2443 421 2480 Ven.
453 2443 497 2480 B.
518 2442 569 2480 ad
591 2442 701 2480 Iliad.
722 2459 766 2493 φ,
798 2445 895 2485 242.
957 2444 1106 2481 Verum
1138 2444 1179 2481 hi
1211 2444 1262 2481 ad
1293 2445 1461 2482 seriores
1481 2442 1684 2494 relegandi

159 2516 242 2541 esse
272 2500 484 2539 videntur:
519 2501 567 2538 de
599 2501 743 2551 quibus
777 2508 914 2552 postea
944 2502 1248 2540 memorabitur.

275 2558 536 2609 Aliquamdiu
580 2573 640 2596 res
686 2561 885 2596 Troianae
930 2561 1133 2597 communi
1182 2561 1314 2609 aliquo
1359 2559 1465 2596 inter
1513 2558 1685 2609 scripto-

159 2631 224 2657 res
255 2629 452 2655 consensu
482 2622 599 2654 erant
630 2616 825 2665 traditae,
866 2623 990 2668 prout
1030 2618 1078 2655 ab
1110 2618 1286 2655 Homero
1326 2622 1365 2653 et
1403 2616 1530 2668 poetis
1562 2617 1686 2668 cycli-

258 2789 284 2832 *)
311 2789 363 2822 Cs.
391 2787 721 2821 commentationem
750 2788 868 2832 paullo
895 2795 975 2820 autc
1000 2789 1186 2821 lanulatznn.
1237 2789 1337 2822 Viam
1364 2790 1408 2821 ad
1442 2789 1532 2822 hanc
1557 2790 1689 2834 mythi—

164 2849 226 2871 cae
259 2849 335 2869 cum
360 2848 441 2869 vera
470 2835 621 2868 historia
647 2835 887 2867 conserendae
922 2835 1094 2868 rationem
1120 2835 1292 2869 munierat
1314 2836 1505 2880 Dionysius
1532 2837 1690 2869 Milesius

165 2883 285 2930 paullo
312 2888 393 2916 ante
419 2889 649 2919 memoratum
697 2888 732 2914 et
757 2881 832 2927 ipse
858 2881 1059 2915 Hellanicus
1085 2882 1253 2923 Lesbius,
1291 2883 1349 2927 qui
1383 2883 1418 2916 in
1452 2884 1552 2917 libris
1587 2896 1692 2929 supra

165 2930 316 2966 laudatis
354 2929 529 2974 mythicae
568 2928 762 2963 narrationi
808 2929 975 2962 historias
1016 2930 1232 2963 subtvxuissc
1266 2931 1414 2964 videtur.

166 2978 278 3013 Halia.
303 2978 328 3021 1,
354 2977 399 3012 48
426 2989 479 3021 pr,
1467 2932 1510 2965 cs.
1546 2932 1692 2976 Dionys.
