1811 3388
394 167 806 219 AENEIDOS
845 167 989 215 LIB.
1028 168 1088 226 V,
1123 168 1416 218 520—526

1566 177 1659 221 791

153 300 388 361 Seraque
424 291 640 343 terrifici
668 292 978 341 cecinerunt
1009 290 1191 338 omina
1221 298 1376 341 vates

150 371 394 431 Namque
420 363 601 412 volans
619 361 832 428 liquidis
848 362 903 409 in
929 361 1159 409 nubibus
1180 360 1302 408 arsit
1321 361 1543 424 arundo,
1565 366 1666 414 525

153 434 492 499 Signavitque
517 434 655 482 viam
683 430 936 496 flammis,
974 431 1258 496 tenuisque
1280 431 1498 479 recessit

243 561 311 598 524
340 562 492 609 fatidici
534 562 696 595 Pan-has.
747 562 868 595 omnia
907 568 942 594 et
970 559 1029 592 hic
1061 566 1228 602 corrupte
1263 559 1356 592 libri.
1404 561 1567 592 carmina
1595 567 1667 593 tres

150 610 241 655 apud
263 612 397 652 Burm.,
429 609 491 642 sed
514 611 632 642 omina
655 607 755 641 etiam
780 608 824 640 de
848 607 1144 652 interpretatione
1175 607 1396 640 oraculorum
1431 612 1467 639 et
1497 606 1667 650 augurio-

151 669 236 690 rum·

331 658 398 692 526
422 656 555 690 lamnis
570 655 698 690 Medic.
719 667 739 689 a
756 666 801 689 m.
820 667 873 700 pr.

152 752 219 803 qui
254 751 393 788 urbem
433 751 616 800 Siciliae,
667 751 882 802 Segestam,

151 817 326 857 teneret,
356 810 438 846 sata
472 809 626 846 Siciliae
656 822 765 846 nunc
806 821 881 845 au-

150 867 264 918 gurio
303 867 542 904 denuntiare
591 872 699 904 recte
741 871 881 918 potest.

151 925 332 962 Conserri
354 931 531 962 meretur
558 924 726 962 imitatio
761 924 878 961 Statii

151 983 202 1021 Vl
226 981 348 1020 Theb.
375 983 456 1023 938
491 995 587 1032 sqq.,
618 981 687 1020 ubi
719 980 882 1020 Adrasti

150 1040 275 1078 telum
290 1070 299 1088 ,
332 1039 429 1077 dum
449 1039 554 1077 redit
574 1046 614 1077 et
634 1039 685 1076 ad
705 1040 786 1077 eius
809 1053 881 1091 pe—

152 1098 220 1135 des
246 1099 288 1135 in
308 1103 459 1134 terram
480 1099 629 1145 fertur,
661 1097 881 1134 infaustum

151 1155 418 1206 expeditionis
440 1161 627 1192 eventum
656 1155 755 1192 bene
778 1155 881 1192 omi-

151 1220 295 1262 natur,
328 1219 367 1249 et
386 1212 461 1249 alia
480 1213 564 1249 Silii
592 1213 697 1261 XVI,
719 1215 802 1254 586
830 1235 874 1240 -

151 1273 247 1312 594.
308 1269 431 1317 Quod
460 1271 601 1320 sagitta
643 1271 882 1318 exardescit,

152 1328 391 1366 arundinem
421 1335 517 1379 puta
541 1329 670 1379 ignem
694 1329 881 1379 concipe-

150 1398 224 1434 re,
273 1399 355 1423 non
394 1386 575 1433 serrum,
615 1384 725 1423 haud
762 1386 881 1423 dubie

151 1443 291 1481 melius
316 1443 366 1480 ad
400 1449 634 1494 portentum
665 1449 779 1494 poeta
813 1456 880 1481 re-

152 1501 269 1548 tulit,
301 1514 422 1551 quam
445 1514 495 1537 ex
521 1500 780 1552 hyperbolica
813 1514 880 1538 ce-

150 1557 318 1597 leritatis
366 1558 635 1609 designatione
687 1559 880 1610 repetiit:

150 1622 198 1654 ut
215 1617 366 1653 factum
385 1622 444 1653 est
464 1617 504 1653 in
525 1616 669 1667 glande
693 1617 880 1668 plumbea

150 1674 220 1711 inf.
240 1673 310 1722 IX,
327 1675 423 1727 588.
454 1680 587 1712 motus
608 1674 808 1711 celeritate
828 1674 879 1711 li-

151 1732 348 1782 quefacta.
381 1731 614 1769 Portentum
629 1738 759 1769 autem
772 1734 881 1783 ignis

150 1790 251 1826 aerii
269 1802 308 1827 v.
332 1788 415 1829 527
434 1802 490 1840 sq.
521 1789 644 1827 simile
669 1790 738 1838 illi,
770 1789 880 1840 quod

150 1846 217 1884 lib.
251 1846 299 1895 II,
330 1849 425 1889 693.
463 1846 569 1897 694,
611 1848 680 1885 ubi
714 1861 752 1886 v.
788 1847 878 1885 Not.

150 1904 296 1955 Popius
325 1904 532 1942 consilium
563 1912 702 1956 poetae
730 1905 773 1942 in
802 1904 881 1943 hoc

149 1961 330 2013 prodigio
354 1961 616 2000 desiderabat.
649 1977 687 2000 v.
716 1976 805 2000 eum
828 1963 879 2000 ad

151 2019 261 2056 lliad.
280 2019 416 2056 XXIIl
444 2034 481 2057 n.
506 2020 572 2060 45.
635 2020 695 2057 Ad
726 2021 880 2057 lulium

150 2077 260 2113 stelas
278 2075 377 2113 haec
398 2077 545 2114 referre
566 2078 687 2125 velle,
719 2077 796 2114 hoc
819 2085 878 2115 est

150 2133 348 2185 ingeniose
376 2134 545 2183 ludere,
588 2141 627 2171 et
665 2135 878 2172 intercedit

149 2192 231 2243 ipse
251 2197 391 2242 poeta,
433 2205 523 2229 cuni
552 2192 738 2239 terrificos
766 2198 877 2229 vates

151 2250 348 2300 apposuit.
411 2248 524 2299 (Mihi
558 2249 656 2286 haec
683 2249 876 2287 videntur

150 2306 201 2343 ad
222 2306 372 2343 bellum
403 2307 500 2344 illud
529 2313 727 2359 spectare,
766 2307 875 2357 quod

150 2363 202 2401 ad
240 2364 392 2401 Italiam
433 2365 564 2402 delato
607 2365 736 2401 Aenea
774 2366 879 2402 inter

150 2422 343 2459 Troianos
404 2428 442 2460 et
497 2422 669 2460 Rutulos
718 2423 879 2460 exarsit.

149 2480 248 2517 Nam
277 2493 399 2530 quum
431 2481 644 2518 obscurum
674 2480 881 2530 reliquerit

148 2542 287 2589 poeta,
319 2538 480 2588 quando
499 2551 613 2576 omen
634 2538 734 2575 illud
753 2551 878 2576 even-

153 2601 237 2632 tum
276 2594 493 2644 habuerit,
547 2595 759 2633 verisimile
804 2602 875 2643 est,

150 2652 282 2689 adres
315 2667 409 2690 mox
442 2654 490 2690 ab
522 2655 649 2691 Aenea
684 2653 876 2704 gerendas

149 2709 302 2760 respici.
374 2710 498 2749 Aliter
528 2711 717 2749 vitiosum
747 2711 876 2749 videri

151 2773 293 2818 potest,
313 2780 399 2805 rem
422 2770 527 2819 tangi
554 2783 574 2805 a
595 2775 723 2820 poeta,
755 2782 876 2819 quam

151 2825 218 2861 vix
259 2825 339 2861 ulla
378 2839 585 2876 assequare
633 2827 874 2864 coniectura.

154 2880 269 2933 er.)
331 2882 425 2922 524.
469 2884 642 2934 Seraqae
672 2892 699 2920 ι.
732 2897 804 2934 per
836 2897 874 2920 se

940 749 1115 787 incertus
1136 755 1176 786 et
1197 748 1404 799 ambiguus
1428 753 1488 785 est
1517 760 1667 797 sensus,

939 821 1013 859 pro
1035 807 1247 858 temporis,
1279 819 1359 856 quo
1376 812 1488 843 vates
1513 805 1667 843 cecine-

939 878 1006 913 re,
1037 866 1234 904 varietate
1244 878 1254 913 3
1284 863 1377 914 quia
1393 869 1527 900 tamen
1550 870 1667 901 ante—

940 923 1066 961 cedit:
1097 924 1231 960 docuit
1244 930 1338 972 post
1358 924 1486 958 exitas
1507 923 1663 971 ingens,

940 994 1098 1018 necesse
1121 986 1179 1017 est
1198 980 1248 1018 ad
1269 985 1450 1030 tempora
1482 977 1561 1016 hoc
1585 993 1667 1016 non

940 1039 1026 1088 illa,
1065 1038 1209 1089 quibus
1243 1043 1445 1075 ostentum
1487 1035 1667 1075 oblatum

940 1103 1021 1146 est,
1049 1096 1117 1134 sed
1139 1096 1283 1146 quibus
1303 1101 1493 1134 eventum
1513 1093 1667 1143 habuit,

939 1160 1131 1206 spectare.
1204 1154 1435 1191 cecinerunt
1472 1157 1532 1189 est
1565 1152 1665 1190 adeo

939 1211 979 1250 h.
1021 1212 1047 1252 l.
1093 1211 1349 1263 interpretati
1393 1215 1500 1248 sunt.
1563 1224 1663 1258 sero,

940 1283 1033 1307 cum
1055 1283 1118 1307 res
1136 1271 1242 1322 ipsae
1273 1268 1501 1315 evenirent,
1531 1273 1578 1304 ut
1602 1280 1667 1305 eas

936 1327 1016 1364 iam
1049 1328 1142 1365 olim
1174 1327 1242 1364 illo
1275 1332 1432 1364 ostento
1462 1330 1666 1362 monstra-

937 1391 996 1422 tas
1047 1397 1127 1422 esse
1177 1385 1368 1422 dicerent.
1429 1383 1499 1420 Est
1547 1395 1665 1433 ergo:

939 1443 1068 1480 Etiam
1090 1449 1220 1490 vates,
1260 1442 1332 1480 etsi
1364 1441 1487 1478 serius
1516 1446 1555 1477 et
1586 1440 1665 1477 iam

939 1506 1027 1552 post
1051 1507 1264 1549 eventum,
1293 1513 1410 1550 quem
1426 1511 1489 1535 res
1512 1497 1664 1547 habuit,

938 1572 1073 1596 casum
1092 1558 1146 1596 ita
1166 1557 1418 1609 interpretati
1437 1561 1542 1593 sunt.
1586 1556 1666 1593 Nec

939 1616 1055 1653 aliter
1075 1622 1312 1667 acceperant
1329 1616 1382 1653 Io.
1403 1614 1468 1651 Fr.
1486 1613 1664 1651 Gronov.

939 1673 1052 1711 Obss.
1081 1674 1125 1711 in
1162 1673 1266 1711 Add.
1298 1686 1335 1724 p.
1366 1675 1461 1713 272.
1522 1672 1666 1707 Exitus

938 1733 1080 1782 ingens
1099 1731 1307 1783 praeclare
1330 1730 1379 1768 <le
1401 1735 1551 1767 eventu
1578 1741 1666 1765 ma-

937 1802 1014 1840 gno
1038 1802 1083 1825 ac
1102 1789 1285 1827 mirabili.
1336 1789 1476 1839 (Sera,
1512 1799 1666 1836 „gra-

937 1846 1072 1894 via,“
1116 1846 1172 1884 ait
1207 1846 1389 1895 Servius,
1439 1845 1509 1882 cfr.
1545 1843 1663 1881 eund.

939 1904 990 1941 ad
1021 1904 1084 1952 VI,
1118 1907 1214 1947 569.
1265 1904 1350 1952 Xll,
1390 1902 1505 1950 8643
1555 1901 1666 1951 quod

938 1975 1011 1998 nec
1028 1962 1186 2013 probat,
1219 1975 1292 1999 nec
1311 1962 1464 1998 refutat
1486 1958 1665 1996 Doeder-

937 2019 1029 2056 lein.
1061 2019 1102 2056 in
1145 2020 1246 2057 libro
1269 2049 1279 2067 ‚
1323 2018 1387 2056 cui
1427 2016 1664 2067 inscriptum

938 2078 1032 2113 Lat.
1048 2077 1091 2127 1521
1103 2092 1270 2127 nonyme
1285 2092 1325 2113 ιι.
1344 2075 1660 2126 Elymologieen,

938 2134 976 2171 P.
998 2134 1025 2170 I.
1047 2148 1083 2184 p.
1105 2137 1171 2174 78.
1221 2133 1402 2171 Iahnius:
1426 2143 1554 2181 „quae
1574 2143 1663 2167 sero

934 2191 1136 2228 intellecta
1160 2198 1199 2228 et
1216 2192 1381 2229 inventa
1397 2190 1534 2236 su11t;“
1554 2187 1662 2226 laud.

935 2247 1162 2287 Broukhus.
1202 2250 1251 2286 ad
1281 2249 1461 2300 Propert.
1498 2245 1560 2294 ΙΙΙ,
1597 2248 1662 2294 11,

934 2306 1001 2347 55.
1061 2306 1158 2343 Mihi
1210 2306 1369 2356 quidem
1392 2335 1401 2353 ,
1457 2317 1507 2342 ex
1551 2314 1664 2340 more

935 2364 1149 2414 Virgiliano
1179 2378 1261 2401 rem
1292 2363 1471 2401 breviter
1505 2360 1662 2399 indica-

936 2427 1019 2459 tam
1042 2422 1330 2473 amplificandi,
1361 2435 1450 2458 sera
1471 2419 1519 2456 ad
1543 2431 1662 2469 prae—

935 2492 1110 2530 gressum
1124 2489 1218 2530 pos-t
1231 2510 1241 2528 ,
1276 2479 1436 2527 lerrcstei
1454 2477 1503 2515 ad
1521 2478 1663 2526 ingens

934 2537 1142 2574 reserenda
1164 2537 1357 2575 videntur
1385 2542 1574 2585 totusque
1599 2533 1662 2571 lo-

937 2609 1005 2631 cus
1023 2595 1076 2632 ita
1094 2596 1368 2647 accipiendus:
1402 2599 1524 2639 vates,
1546 2604 1660 2628 omen

934 2652 1036 2689 illud
1070 2653 1407 2704 interpretanteS,
1455 2651 1660 2700 aliquanto

933 2716 1025 2762 post
1058 2710 1170 2762 gravi
1201 2725 1292 2749 cum
1320 2723 1456 2748 rerum
1490 2720 1659 2745 conver-

933 2768 1041 2805 sione
1063 2775 1301 2807 eventurum
1323 2767 1530 2805 canebant.
1586 2766 1659 2800 Ce-

933 2831 1064 2863 terum
1105 2827 1314 2864 manifesto
1345 2825 1445 2862 haec
1477 2823 1659 2860 imitatur

935 2883 1063 2921 valer.
1085 2884 1142 2921 ΕΙ.
1165 2884 1208 2933 V,
1228 2886 1321 2927 260.
1343 2895 1446 2932 sqq.:
1478 2880 1658 2929 „Interea
