1779 3420
42 242 144 293 344
357 237 412 286 P.
460 232 828 285 VIRGILII
872 228 1253 279 MARONIS

46 366 226 418 Traxit
247 372 300 414 et
322 363 376 412 in
400 360 576 411 multo
599 358 898 409 labsantem
926 357 1184 420 sanguine
1213 354 1336 416 nati,

44 436 406 504 Inplicuitque
427 447 641 481 comam
662 429 838 492 laeva,
879 426 1169 493 dextraque
1199 438 1483 474 coruscum

45 507 245 560 Extulit
265 522 323 555 ac
342 503 495 552 lateri
518 500 707 568 capulo
732 509 890 548 tenus
915 496 1121 546 abdidit
1146 513 1347 546 ensem.

46 582 192 629 Haec
216 575 338 625 finis
359 572 558 624 Priami
580 570 843 630 fatorum3
881 567 968 616 hic
994 567 1160 617 exitus
1181 566 1331 616 illum

52 652 211 699 Sorte
233 646 382 709 tulit,
422 643 643 693 Troiam
678 642 980 702 incensam,
1021 646 1074 686 et
1110 637 1358 704 prolahsa
1393 633 1582 683 viden-

844 718 959 758 tem
1480 707 1584 756 555

50 792 324 852 Pergama,
350 793 431 834 tot
454 781 733 850 quondam
756 778 972 846 populis
996 778 1262 843 terrisque
1287 774 1585 841 superbum

50 862 418 923 Regnatorem
444 854 611 904 Asiae.
684 854 827 901 Iacet
852 851 1040 915 ingens
1060 848 1218 898 litore
1242 855 1479 910 truncus,

122 944 238 993 553.
276 941 534 999 EXTULIT,
643 949 879 998 ABDIDIT,

148 1059 214 1095 551
242 1058 429 1091 laxantem
451 1056 540 1089 Ven.
572 1065 625 1099 pr.
653 1053 781 1086 Hamb.
813 1058 849 1085 et
876 1051 986 1085 Goth.
1020 1062 1073 1094 pr.
1156 1048 1227 1083 552
1251 1046 1487 1094 implevitque
1515 1058 1587 1079 sec.

54 1107 179 1141 Hamb.
227 1116 329 1138 coma
356 1103 447 1136 Gud.
476 1115 496 1135 a
527 1115 572 1135 m.
599 1113 666 1147 pr„
701 1112 773 1133 non
799 1099 903 1142 male,
930 1098 959 1132 si
979 1098 1124 1131 laevam
1152 1095 1252 1140 legas
1275 1108 1350 1128 cum
1374 1096 1585 1127 Burmanno.

54 1155 124 1190 553
146 1152 298 1199 scapulo
319 1154 440 1195 Sprot.
471 1162 491 1182 a
522 1162 567 1182 m.
596 1161 665 1182 sec.
693 1155 731 1181 et
759 1147 867 1182 Witt.
907 1148 958 1190 (et
978 1145 1057 1178 Alb.
1082 1143 1179 1186 lVr.)
1231 1143 1378 1175 addidit
1400 1141 1493 1174 idem
1513 1153 1590 1174 cum

55 1201 164 1235 Goth.
183 1212 253 1232 sec.
280 1199 331 1243 (et
351 1198 429 1231 Alb.
458 1197 556 1240 lVr.)
652 1196 723 1232 554
741 1194 952 1238 Haec-sinis
968 1205 1000 1226 v.
1020 1191 1111 1225 Gell.
1131 1191 1228 1230 XIII,
1249 1192 1309 1231 ΞΟ,
1333 1196 1368 1222 et
1396 1188 1518 1222 Heius.
1544 1187 1589 1221 ad

56 1253 140 1283 Aen.
159 1249 216 1288 111,
242 1246 317 1281 145.
346 1242 513 1290 (Haecfi
537 1255 580 1277 an
603 1243 759 1276 habeant
781 1242 933 1283 codices,
958 1252 1031 1273 nou
1052 1238 1185 1271 indicat
1208 1237 1398 1277 Heinsius3
1425 1243 1463 1268 ut
1481 1235 1589 1280 igitur

57 1308 118 1330 sua
140 1294 219 1327 huic
239 1292 384 1326 lectioni
405 1298 544 1325 constet
563 1291 672 1333 fides,
698 1289 878 1323 sciendum
893 1315 901 1330 ‚
936 1300 1012 1321 eam
1044 1292 1181 1319 exstare
1201 1284 1238 1317 in
1258 1283 1399 1325 Medic.,
1423 1285 1535 1317 Paris.
1556 1284 1590 1318 2.

56 1345 89 1379 3.
108 1341 142 1377 4.
165 1343 219 1376 12.
248 1347 283 1374 et
301 1347 417 1385 utroq.
438 1339 536 1384 Lips.
560 1338 655 1381 IVr.)
706 1339 777 1370 Hic
793 1339 828 1383 j.
846 1337 917 1369 duo
949 1334 1059 1368 Goth.
1081 1335 1132 1378 (et
1157 1332 1236 1367 Alb.
1257 1332 1353 1375 Wr.)
1381 1331 1473 1365 Gen.
1494 1331 1591 1372 XIII,

56 1393 121 1426 20:
148 1389 212 1422 Sed
230 1390 268 1421 in
288 1388 355 1420 illo
374 1399 517 1433 quoque
535 1386 660 1419 itidem
684 1385 845 1431 Vergilii
865 1395 991 1416 versu:
1037 1382 1134 1414 Haec
1165 1380 1242 1412 finis
1274 1379 1404 1412 Priami
1426 1380 1591 1419 fatorum,

59 1439 92 1472 Si
113 1445 231 1470 mutes
252 1444 299 1476 et,
325 1434 383 1468 hic
409 1434 506 1476 finis,
532 1434 646 1474 dicas,
673 1434 807 1465 durum
831 1440 944 1476 atque
965 1429 1142 1463 absonum
1160 1429 1232 1460 erit
1253 1435 1500 1472 respuentque
1521 1438 1593 1458 au-

60 1497 131 1526 res,
157 1483 254 1530 quod
274 1482 496 1521 mumz·er1's;
532 1482 627 1513 sicut
655 1480 753 1513 illud
773 1487 905 1512 contra
936 1477 1098 1510 eiusdem
1129 1475 1287 1521 Vergilii
1314 1472 1592 1518 insuaviusfa—

60 1533 147 1573 cias,
173 1533 206 1564 si
227 1539 360 1563 mutes:
390 1531 501 1570 Quem
522 1528 584 1560 das
604 1527 730 1569 finem,
764 1538 825 1558 rex
844 1536 990 1568 magne,
1023 1524 1203 1563 laborum3
1240 1533 1325 1554 nam
1353 1522 1387 1554 si
1405 1523 1459 1554 ita
1480 1521 1594 1561 dicas,

60 1592 162 1624 quam
183 1578 245 1611 das
274 1577 389 1617 finem,
414 1575 657 1609 iniucundum
683 1574 805 1607 nescio
835 1586 906 1618 quo
922 1580 1032 1618 pacto
1061 1579 1097 1603 et
1125 1570 1303 1603 laxiorem
1333 1569 1434 1601 vocis
1465 1580 1596 1601 sonum

55 1627 207 1673 jeceris.
255 1626 326 1657 Iam
343 1623 388 1656 ad
408 1635 505 1655 suum
525 1621 672 1667 quisque
702 1621 836 1654 aurium
862 1619 1028 1652 iudicmm
1056 1618 1101 1650 de
1131 1618 1198 1650 hac
1224 1615 1422 1648 subtilitate
1450 1620 1594 1648 statuat.

62 1675 134 1706 Hir:
144 1671 178 1719 J:
191 1672 341 1711 Priami,
367 1671 425 1703 hic
439 1669 610 1715 sutorum
629 1669 752 1701 exitus
769 1669 892 1700 Franc.
927 1667 998 1699 huc
1018 1666 1139 1698 exitus
1156 1664 1260 1697 illum
1273 1661 1381 1708 forte
1396 1662 1484 1695 tulit
1503 1661 1594 1695 coni.

62 1720 184 1753 Heius.

64 1768 160 1801 rhas.
194 1773 228 1799 et
260 1765 372 1799 Wall.

65 1816 202 1849 Asiae!
239 1812 309 1845 vid.
340 1813 428 1845 Not.
474 1811 571 1853 Wr.)

278 1719 348 1753 555
374 1726 410 1750 et
429 1717 536 1762 lapsa
556 1717 692 1760 aliquot
717 1715 812 1760 apud
832 1716 946 1746 Burm.

1042 1712 1111 1747 556
1128 1711 1281 1758 populis
1299 1709 1483 1755 quondam
1507 1710 1597 1742 Par-

418 1764 575 1808 (Wakef.
616 1762 824 1806 distinguit:
870 1760 1053 1804 terrisque
1090 1756 1306 1805 Superbum3
1346 1760 1597 1803 Regnatorem

667 1810 736 1844 557
762 1821 923 1854 aequore
950 1818 1015 1852 pro
1050 1806 1160 1839 litore
1186 1804 1348 1845 Dorvill.,
1382 1805 1597 1837 Burmannus

67 1861 157 1896 coni.
174 1860 297 1893 limine
316 1872 363 1892 sc.
383 1857 514 1902 regiae.
563 1858 645 1890 Non
670 1863 724 1890 est
743 1855 969 1890 sollicitanda
988 1854 1083 1887 bona
1100 1851 1229 1895 lectio,
1264 1863 1365 1897 quam
1394 1851 1599 1885 confirmant

66 1907 231 1943 Manilius
252 1914 285 1940 et
304 1909 449 1940 Seneca.
473 1917 505 1938 v.
524 1910 599 1937 not.

68 1990 270 2031 videndus
317 1995 378 2028 est
411 1988 559 2041 Popius
600 1986 652 2026 ad
688 1986 802 2026 Iliad.

70 2050 164 2089 XIII
186 2049 280 2088 Obs.
303 2050 372 2091 31.

127 2107 211 2151 550
248 2120 332 2158 sqq.
390 2102 567 2159 (Seneca
610 2103 807 2157 expressit

70 2165 219 2205 Troad.
245 2164 301 2207 44
318 2177 402 2216 sqq.
424 2163 494 2202 ubi
504 2163 714 2201 Aeacidae
736 2176 807 2202 re-

71 2221 318 2276 tinendum).
379 2222 424 2260 In
451 2222 537 2274 ipsa
570 2235 653 2271 ara,
684 2235 704 2259 e
727 2234 806 2272 qua

73 2287 305 2320 surrexerat
353 2279 509 2318 hastam
556 2280 808 2319 immissurus

73 2341 256 2379 Priamus
278 2369 287 2387 ,
349 2345 558 2390 tamquam
599 2338 809 2377 victimam

74 2397 298 2437 immolavit
344 2396 549 2435 Priamum
590 2397 811 2449 Neoptole—

75 2470 176 2495 mus.
247 2455 448 2505 implicuit
485 2469 645 2493 comam
662 2485 673 2504 ,
717 2467 810 2506 ergo

77 2528 170 2553 cum
209 2512 348 2551 ceteris
396 2512 515 2551 asinis
550 2526 589 2551 v.
628 2514 712 2555 509
752 2525 809 2562 sq.

77 2574 228 2625 galeam
267 2584 350 2608 non
391 2576 600 2608 sumserat.
672 2571 813 2607 extulit.

79 2645 231 2679 ensem,
282 2642 388 2678 non,
438 2629 580 2679 vagina
617 2628 812 2677 extraxit,

80 2694 219 2727 monet
238 2688 515 2724 Burmannus:
547 2685 615 2723 sed
639 2686 815 2734 sustulit,

80 2746 308 2785 intentavit.
355 2745 485 2783 Versu
513 2744 608 2785 529.
630 2743 816 2788 5SOJ1a-

81 2814 144 2843 sla
164 2804 358 2843 utebatur
379 2801 582 2854 Pyrrhu33
605 2815 696 2840 cum
716 2801 817 2839 emi-

82 2878 158 2902 nus
177 2867 332 2915 peteret
353 2861 521 2899 Politen.

141 2919 403 2963 554-559,
453 2917 731 2970 Epiphoneina
765 2916 816 2954 ad

83 2977 445 3018 commiserationis
478 2977 665 3016 affectum
696 2988 816 3027 prae-

863 1985 971 2024 clare
995 1983 1289 2037 compositum3
1333 1981 1504 2035 simplex
1531 1988 1598 2020 ta-

862 2057 957 2084 men
987 2050 1028 2082 et
1060 2042 1246 2091 obvium,
1291 2040 1361 2079 sed
1390 2041 1600 2093 magnifice

864 2108 1067 2142 ornatum.
1128 2100 1264 2139 Placet
1292 2113 1372 2145 non
1395 2100 1528 2138 minus
1548 2100 1599 2138 il—

863 2161 937 2201 lud
962 2161 1011 2199 de
1047 2158 1200 2198 Achille
1229 2158 1339 2211 apud
1367 2158 1488 2198 Ovid.
1506 2158 1599 2197 Met.

864 2220 955 2269 XII,
977 2220 1072 2261 615.
1096 2220 1192 2261 616.
1214 2219 1310 2256 Iam
1339 2219 1441 2254 einis
1460 2226 1531 2266 est,
1565 2225 1603 2255 et

866 2279 915 2316 cle
928 2287 1013 2316 tam
1032 2291 1186 2328 magno
1198 2283 1320 2314 restat
1331 2275 1493 2313 Achille
1508 2277 1561 2314 N
1558 2290 1593 2313 e-

867 2339 950 2375 scio
994 2336 1118 2388 quid,
1164 2348 1347 2385 parvam
1385 2333 1495 2386 quod
1522 2348 1602 2371 non

866 2394 961 2432 hene
980 2395 1180 2444 compleat
1199 2407 1357 2430 urnam.
1399 2392 1603 2430 Sententia

868 2452 964 2490 inde
998 2466 1019 2489 a
1055 2451 1193 2489 inultis
1228 2464 1429 2502 expressa.
1484 2459 1601 2500 serie,

868 2510 977 2549 fatali
1008 2510 1243 2548 necessitate
1271 2509 1450 2549 abstulit.
1491 2510 1603 2548 Serv.

868 2569 1008 2617 Asiae,
1022 2580 1183 2619 magnae
1195 2566 1336 2604 saltem
1348 2565 1604 2617 partisAsiae,

872 2627 1050 2664 minoris.
1083 2640 1120 2664 v.
1143 2624 1275 2663 Sti-ab.
1299 2625 1393 2662 XIII
1414 2639 1500 2676 pag.
1520 2625 1605 2667 875

874 2684 919 2722 Α.
946 2693 1198 2735 regnalorem
1214 2684 1405 2733 populis,
1436 2697 1511 2734 pro
1529 2697 1605 2734 po-

874 2743 1086 2794 pulorum:
1138 2739 1308 2792 (Similes
1346 2741 1606 2792 compositio-

877 2816 944 2838 nes
974 2800 1055 2839 vid.
1091 2800 1276 2837 collectas
1296 2798 1342 2836 ad
1372 2799 1516 2838 Tibull.
1541 2799 1605 2849 IV,

877 2865 913 2907 1,
943 2859 1035 2900 115.
1062 2858 1191 2897 chlz.
1221 2881 1271 2886 —
1297 2858 1365 2896 ubi
1385 2858 1467 2897 vid.
1487 2859 1607 2897 etiam

876 2916 996 2955 Bacli.
1028 2914 1141 2969 llsr.)
1172 2916 1248 2954 nisi
1273 2917 1414 2955 melius
1435 2923 1513 2966 est,
1542 2930 1606 2954 re-

873 2983 1086 3025 gnatorem
1117 2974 1266 3025 Asiae,
1308 2975 1520 3027 superbum
1554 2983 1609 3012 lot
