1827 3436
332 230 737 279 AENEmos
777 230 913 279 Llss.
953 232 991 292 1,
1029 237 1320 285 235—242

1497 242 1590 288 113

86 355 326 411 Solabar.
363 352 478 402 satis
501 354 757 402 contraria
784 352 883 401 sata
906 354 1224 419 rependens,

84 429 234 474 Nunc
261 422 448 470 cadoni
477 421 690 471 fortuna
713 424 852 470 viros
879 431 958 471 tot
984 423 1186 472 casibus
1209 432 1349 472 actos

1489 430 1589 477 240

83 492 398 557 Insequitur.
439 495 613 553 Quom
636 491 725 539 das
748 491 931 553 finem,
963 508 1052 539 rex
1073 507 1281 555 magne,
1312 492 1590 544 laborum?

83 564 324 610 Antenor
344 561 541 625 potuit,
582 560 774 610 mediis
797 560 1002 627 elapsus
1020 560 1242 622 Achivis,

150 658 266 705 241.
301 654 415 702 REx

175 790 242 825 241
274 804 338 824 rex
365 803 498 823 summe
521 789 643 822 Hamb.
670 802 737 822 sec.
762 790 797 822 in
824 792 903 823 Exc.
929 790 1048 823 Cortii.

671 837 832 869 Ceterum
859 851 878 870 ο
904 850 968 870 rex
993 837 1071 870 Alb.
1113 838 1207 881 lVr.)

580 884 711 916 Versus
736 882 903 918 242—9.
927 883 1054 917 recitat
1078 887 1208 917 Auctor
1232 884 1276 916 de
1307 884 1477 929 progenie
1500 888 1586 930 Aug.

82 837 200 869 sitims
226 837 438 882 superlativo
473 836 613 868 sortior.

81 884 170 916 alter
195 884 317 917 Haunb.
344 890 378 915 et
413 885 530 916 Franc.

81 943 110 963 c.
148 934 201 966 10.

80 1038 152 1076 per
185 1030 335 1076 poetae.
416 1024 469 1062 Ut
504 1024 623 1061 semel
655 1023 804 1062 dicam:

81 1083 243 1134 proprie
264 1084 442 1119 solamur
469 1084 663 1129 animum,
697 1082 803 1119 sola-

81 1154 173 1177 mur
197 1154 281 1188 nos,
310 1139 351 1177 h.
379 1153 409 1176 e.
445 1139 593 1176 fractos
624 1153 695 1176 nos
725 1139 805 1176 eri-

81 1197 220 1248 gimus,
242 1209 486 1234 recreamus:
518 1203 605 1234 tum
630 1196 804 1234 solamur

84 1254 282 1302 dolorem,
324 1268 482 1302 curam,
522 1254 700 1302 luctum,
750 1254 805 1291 sic

82 1321 200 1349 cantu
221 1313 527 1360 longum-solata
549 1310 722 1348 laborem
735 1312 804 1348 Ge.

82 1370 109 1417 l,
140 1372 242 1410 293:
289 1368 453 1406 tandem
493 1382 629 1405 earum
667 1381 804 1406 rerum

83 1440 250 1474 caussas,
281 1427 383 1463 mala
407 1432 446 1463 et
467 1439 578 1463 casus
597 1426 722 1462 ¹solari
742 1425 805 1462 di·-

83 1485 224 1532 cimur,
242 1483 282 1521 h.
298 1497 329 1521 e.
350 1483 515 1520 solando
539 1491 607 1520 aut
629 1483 803 1520 tollimus

83 1548 154 1580 aut
172 1541 386 1578 minuimus
407 1554 475 1578 seu
495 1540 610 1588 mala,
624 1553 692 1577 seu
711 1553 803 1577 sen-

82 1613 170 1636 sum
198 1599 409 1636 malorum.
477 1598 540 1635 Sic
567 1597 607 1635 h.
634 1598 659 1635 l.
692 1600 801 1634 exci-

81 1657 194 1693 dium
224 1658 364 1692 Troiae
387 1655 540 1693 solatur
558 1655 704 1702 Venus,
726 1655 801 1692 do-

81 1713 205 1751 lorem
223 1713 315 1750 inde
337 1713 466 1750 animo
485 1718 722 1763 conceptum
743 1712 801 1749 le-

82 1777 164 1809 vat.
224 1773 320 1811 239.
352 1772 467 1807 b'alis
491 1770 801 1820 contran'aficta

81 1829 308 1878 repemlenS.
344 1828 462 1864 etiam
483 1827 561 1864 hoc
582 1826 717 1876 docte,
739 1842 801 1863 re-

76 1886 253 1935 pendens
268 1901 278 1921 .·
309 1884 692 1936 '001npensans7sala
705 1899 801 1921 eon—

82 1944 220 1989 traria,
255 1942 521 1979 Troianorum
547 1942 802 1989 calamitates,

70 2000 181 2050 siclis
204 2013 255 2037 sc.
281 2000 518 2047 melioribus,
540 2013 645 2036 novo
667 1999 803 2036 Italiae

81 2070 223 2107 regno,
254 2055 293 2094 h.
324 2070 356 2095 e.
385 2070 567 2108 sperans,
598 2057 803 2094 fortunam

83 2114 347 2151 Troianorum
380 2115 558 2152 suturam
584 2127 664 2151 esse
690 2120 802 2151 tanto

83 2171 296 2208 laetiorem.
356 2172 475 2209 Plane
499 2171 614 2209 aliter
641 2180 802 2208 eontra-

83 2231 146 2265 νία
162 2228 256 2278 sicta
277 2228 468 2266 dicuntur
490 2228 586 2266 Aen.
613 2229 683 2276 IX,
710 2231 802 2269 136.

83 2285 176 2325 241.
219 2287 348 2332 Quem
371 2287 444 2323 (las
465 2286 597 2334 finem,
623 2299 709 2337 pro,
740 2286 803 2322 sa-

83 2344 149 2391 cis,
171 2343 378 2380 constituis
392 2344 410 2381 ’Β
442 2343 619 2380 Poeticae
633 2342 802 2380 orationi

83 2406 123 2436 et
157 2399 234 2436 hoc
270 2401 454 2451 propius:
495 2401 660 2449 δοῦναι,
693 2400 801 2448 dare,

83 2470 155 2507 pro
181 2458 319 2495 facere.

140 2513 393 2555 242—249.
426 2513 628 2561 Antenor,
661 2514 803 2565 etipse

84 2570 203 2607 Troia
225 2573 425 2622 profugus,
457 2585 581 2609 novas
602 2571 712 2608 sedes
730 2585 803 2608 na-

85 2633 172 2664 ctus
209 2635 267 2665 est
307 2629 469 2666 condito
503 2629 691 2678 Patavi03
731 2642 803 2665 cur

86 2682 234 2721 Aeneas
257 2686 371 2723 simili
402 2688 561 2723 fortuna
590 2700 669 2723 non
696 2686 802 2736 poti-

87 2742 180 2778 tur‘?
210 2742 335 2780 Locus
354 2750 413 2781 est
434 2744 548 2782 valde
568 2749 744 2780 ornatus.
763 2757 801 2780 v.

89 2795 249 2836 Excurs.
274 2800 323 2836 ad
345 2800 383 2838 h.
404 2801 428 2838 l.
449 2801 515 2838 ubi
541 2801 589 2837 de
612 2806 694 2837 toto
715 2801 801 2837 loco

88 2851 274 2892 iudiciuin
296 2858 433 2895 fertur.
474 2858 606 2895 Livius
634 2858 662 2905 Ι,
693 2860 711 2897 1
746 2879 801 2885 -

88 2910 243 2946 casibus
278 2913 417 2951 deinde
448 2917 573 2952 variis
595 2917 800 2952 Antenora

155 2976 358 3029 Vmen..
394 2981 534 3030 ΤοΜ.
560 2982 620 3030 ΙΙ.

1086 791 1162 835 (sed
1187 790 1222 823 in
1247 791 1311 824 tali
1336 790 1496 825 oratione
1517 804 1587 836 po·-

1321 839 1390 872 242
1414 838 1589 885 delapsus

861 1046 918 1052 -—
956 1026 1106 1061 venisse
1155 1027 1198 1062 1¹11.
1241 1027 1426 1062 intimum
1462 1027 1587 1063 maris

862 1080 1065 1118 Adriatici
1087 1084 1221 1119 sinum
1231 1098 1245 1128 ;
1279 1082 1344 1120 hie
1362 1082 1469 1121 sinus
1487 1096 1586 1134 poe-

866 1144 925 1174 tae
950 1138 1106 1176 doctius
1126 1141 1283 1189 How-ici
1306 1142 1439 1188 sinus,
1468 1154 1584 1177 nam-

863 1208 940 1244 que
966 1196 1107 1233 maiori
1126 1195 1319 1234 Adriatici
1348 1197 1457 1234 sinus
1481 1197 1587 1248 parti

862 1253 1064 1303 Illyricum
1076 1254 1376 1304 praetenditur,
1396 1254 1501 1292 idem
1521 1257 1585 1291 ιή-

863 1312 962 1347 tima
1000 1325 1126 1360 regna
1153 1311 1421 1348 Liburnorum,
1438 1342 1449 1360 ,
1491 1325 1584 1349 nam

862 1379 1001 1404 versus
1026 1368 1238 1405 interiores
1268 1381 1443 1406 recessus
1467 1367 1584 1406 habi-

861 1430 1003 1462 tarunt
1026 1425 1202 1473 Liburni,
1232 1425 1379 1476 Illyrici
1398 1427 1585 1477 populus,

861 1487 948 1518 tum
970 1482 1073 1531 istri,
1104 1482 1199 1520 hinc
1228 1482 1370 1521 Veneti
1393 1489 1431 1520 et
1452 1484 1584 1533 Euga—

861 1539 935 1587 nei,
948 1539 989 1575 in
1011 1553 1184 1589 quorum
1200 1539 1311 1577 sedes
1332 1540 1469 1578 Veneti
1489 1555 1583 1578 suc—

859 1603 1072 1635 cesserant.
1112 1599 1273 1648 Spectat
1296 1603 1428 1635 autem
1451 1598 1503 1635 acl
1520 1598 1585 1635 di·-

858 1653 1050 1703 gnitatem
1087 1654 1277 1692 orationis
1307 1655 1504 1706 poeticae,
1536 1661 1585 1693 ut

860 1711 1114 1749 declarentur
1153 1712 1332 1762 regiones
1367 1726 1449 1751 non
1489 1713 1583 1751 vul-

858 1768 954 1818 gari,
986 1768 1055 1805 sed.
1079 1769 1336 1819 exquisitiore
1352 1770 1525 1817 nomine,
1545 1783 1583 1808 v.

860 1839 894 1863 c.
926 1839 946 1862 a
974 1824 1121 1863 finibus
1150 1840 1196 1864 ac
1226 1826 1406 1864 finitimis
1427 1827 1585 1878 populis

859 1883 1002 1934 petito:
1034 1883 1142 1933 quod
1175 1884 1207 1920 si
1237 1889 1395 1932 teneas,
1424 1890 1585 1935 poetam

861 1940 963 1977 male
999 1954 1020 1977 a
1043 1941 1182 1978 Servio
1209 1939 1583 1989 accusatum'dices,

862 1997 971 2047 quod
994 1997 1239 2036 Antenorem
1253 1999 1455 2050 Illyricum
1469 2005 1507 2036 et
1515 1999 1584 2036 Li-

859 2054 1047 2092 burniam
1065 2055 1238 2093 tenuisse
1256 2055 1322 2093 ille
1342 2056 1500 2105 dixerit,
1511 2070 1585 2094 nec

861 2112 992 2149 minus
1033 2113 1134 2150 male
1178 2119 1271 2163 post
1309 2114 1531 2151 Cori-adum
1562 2128 1584 2150 a

860 2170 1092 2207 Burmanno
1112 2170 1316 2207 defensum
1337 2184 1386 2207 ex
1401 2184 1476 2208 usu
1496 2185 1583 2209 voc.

857 2235 1095 2277 penelrasse,
1127 2227 1236 2278 quod
1258 2227 1297 2264 h.
1320 2227 1343 2265 l.
1364 2228 1426 2276 sit,
1449 2234 1584 2266 trans-

859 2284 958 2321 iisse.
1019 2285 1142 2322 Immo
1174 2298 1269 2322 vero
1296 2297 1317 2320 a
1342 2291 1462 2335 poeta
1489 2285 1584 2322 fini-

859 2341 933 2379 bus
952 2341 1070 2379 latius
1091 2341 1319 2379 constitutis
1337 2342 1585 2380 Venetorum

862 2412 931 2436 ora
953 2397 1014 2436 his
1041 2399 1135 2450 ipsis
1162 2413 1238 2437 VSS.
1260 2397 1356 2439 243.
1379 2398 1406 2441 4
1428 2398 1585 2438 doctius

862 2455 1103 2504 declaratur,
1139 2470 1258 2506 quam
1283 2455 1393 2493 nudo
1424 2457 1584 2494 nomine

860 2513 1133 2563 geographico.
1194 2513 1315 2560 Quod
1338 2526 1436 2551 vero
1458 2523 1580 2562 tutus,

860 2584 929 2607 seu
951 2570 1180 2618 incolumis,
1213 2570 1264 2607 ad
1279 2570 1450 2608 Venetos
1488 2584 1583 2621 per-

860 2628 993 2676 venit,
1025 2627 1102 2665 hoc
1131 2627 1362 2679 simpliciter
1389 2627 1441 2665 ad
1469 2640 1584 2666 erro-

860 2699 951 2722 rum
982 2685 1208 2723 discrimina
1241 2685 1422 2722 reseram.
1505 2685 1583 2722 Po-

861 2748 974 2780 tuere
994 2749 1126 2779 tamen
1146 2748 1185 2779 ct
1205 2742 1280 2778 alia
1301 2754 1384 2778 esse
1401 2740 1583 2779 Anteno—

861 2799 916 2836 ris
945 2800 1045 2847 sata,
1078 2812 1176 2850 quae
1203 2812 1311 2836 nunc
1332 2799 1581 2849 ignorantur.

861 2856 922 2893 Ita
944 2857 1081 2907 colligo
1101 2870 1151 2894 ex
1171 2858 1260 2893 Sex.
1277 2855 1410 2893 Aurel.
1432 2856 1582 2893 Victor.

859 2913 909 2950 de
927 2914 1021 2965 orig.
1044 2915 1091 2951 G.
1109 2914 1224 2952 Rom.
1251 2926 1283 2950 0.
1301 2916 1319 2952 1
1354 2914 1484 2963 Quare
1504 2927 1583 2949 αα-

1272 2980 1305 3024 8
