1779 3420
427 188 483 237 P.
520 185 668 238 VIR
683 184 894 235 GILII
930 182 1305 234 MARONIS

99 318 292 379 Magna
320 313 508 374 deum,
544 311 631 362 vel
654 328 792 378 quae
814 309 1052 360 fatorum
1082 316 1333 376 posceret
1355 307 1508 359 ordo.

100 388 262 452 Isque
286 384 368 433 his
392 389 613 434 Aenean
639 381 838 432 solatus
856 380 1076 430 vocibus
1097 379 1240 430 infit:

100 460 234 506 Nate
261 455 375 517 dea,
398 471 506 521 quo
530 452 635 502 fata
660 451 880 501 trahunt
903 450 1309 516 retrahuntque‚
1333 463 1636 514 sequamur.

104 524 383 592 Quidquid
424 524 555 588 erit,
603 521 906 589 superanda
949 521 1126 570 omnis
1154 519 1373 570 fortuna
1403 516 1637 567 ferendo

900 600 990 642 est.
1533 594 1638 640 710

172 671 204 717 7
216 671 290 717 10.
327 680 451 713 ERIT
466 687 479 726 3

105 794 286 841 generalia
313 793 574 827 subsistendum
603 798 679 826 erat
708 797 860 837 poetae,
904 801 975 823 non
1002 788 1208 832 attingenda
1237 787 1426 834 specialia,
1461 787 1555 832 quod
1588 786 1639 829 fit,

105 855 209 888 quum
229 842 383 886 loquitur
401 842 444 874 de
467 852 592 885 magna
611 840 714 872 deum
733 839 806 879 ira3
843 844 995 883 apparet
1017 837 1127 878 enim,
1161 836 1248 869 haee
1276 836 1321 868 ad
1349 848 1411 878 ea,
1446 847 1535 880 quae
1562 846 1640 868 cum

105 890 250 923 maxime
267 889 490 929 acciderant,
517 888 718 929 pertinere3
754 893 789 919 et
814 897 938 929 magna
959 885 1107 918 deorum
1138 883 1211 923 ira,
1246 895 1335 927 quae
1362 882 1572 916 cernebatur
1603 881 1640 915 in

106 937 218 970 classe
247 936 409 977 incensa,
448 935 707 980 portendebat,
748 945 836 978 quae
868 946 936 967 vss.
968 933 1039 967 713
1068 943 1145 976 sqq.
1174 931 1354 974 leguntur3
1389 938 1459 963 tum
1486 930 1640 962 fatorum

106 985 194 1017 ordo
214 995 361 1029 poscere
379 982 492 1016 videri
512 989 676 1027 poterat,
702 987 739 1013 ut
756 992 826 1013 non
849 992 968 1013 omnes
986 979 1022 1012 in
1052 979 1189 1011 Italiam
1216 977 1443 1020 devenirent,
1484 976 1547 1009 sed
1578 988 1639 1009 re·-

106 1038 288 1064 manerent
308 1031 449 1075 quidam
470 1030 505 1062 in
525 1030 655 1063 Sicilia.
706 1030 778 1061 Iam
808 1039 870 1072 per
894 1030 966 1072 Isq
980 1039 1033 1060 ue
1064 1026 1288 1062 continuatur
1308 1024 1423 1058 oratio
1443 1023 1558 1057 verbis
1580 1023 1642 1057 vel

106 1091 201 1124 quae
228 1078 630 1124 portenderet—ordo
660 1076 880 1118 interruptam
925 1087 993 1118 qua
1023 1074 1067 1106 de
1092 1085 1131 1106 re
1161 1072 1231 1106 vid.
1265 1074 1307 1113 Q.
1336 1074 1378 1105 V.
1411 1072 1571 1112 XXXV,
1606 1073 1638 1107 9.

110 1125 207 1167 Wr.)
256 1125 494 1171 pertenderet
536 1127 656 1168 Sprot.
700 1123 967 1170 praetenderet
1001 1121 1092 1154 alter
1119 1120 1243 1153 Hamb.
1287 1119 1535 1166 portenderat
1568 1118 1639 1151 Erf.

106 1174 175 1209 708
199 1176 323 1217 Atque
338 1173 396 1205 lais
415 1171 517 1204 video
548 1171 584 1204 in
614 1171 730 1214 vulgg.
780 1171 921 1215 Hisque
946 1170 980 1201 is
1008 1168 1121 1212 ssigot.
1171 1169 1322 1212 Iamque
1347 1167 1404 1199 lzis
1432 1178 1485 1209 pr.
1514 1165 1638 1198 Hamb.

107 1223 249 1266 Hisque
272 1223 425 1253 Aenean
446 1218 555 1252 Wall.
605 1219 725 1263 inquit
744 1217 814 1249 duo
833 1218 1017 1249 Burmann.
1069 1217 1184 1247 Totus
1214 1225 1333 1246 versus
1353 1213 1478 1246 deerat
1503 1214 1639 1256 Hugen.

106 1281 127 1302 a
147 1280 192 1300 m.
215 1279 267 1311 pr.
363 1268 433 1301 710
450 1265 616 1311 ferenda
637 1273 692 1298 est
712 1264 821 1298 Wall.
870 1273 925 1296 est
945 1264 1044 1296 deest
1063 1262 1199 1295 duobus
1225 1262 1339 1294 Burni.
1358 1267 1394 1293 et
1418 1260 1508 1293 binis
1529 1259 1640 1295 Goth.

106 1315 177 1349 Sed
198 1313 280 1347 talia
298 1320 424 1346 notare
446 1313 580 1345 infinita
597 1325 654 1345 res
676 1318 740 1345 est.
779 1311 857 1356 (sed
885 1311 1026 1343 minime
1060 1320 1330 1354 supervacanea.
1380 1308 1555 1340 Omittunt
1586 1315 1641 1340 εει

108 1362 212 1395 etiam
242 1364 276 1396 2.
308 1362 345 1396 3.
371 1373 447 1394 cum
477 1360 574 1405 Lips.
605 1359 680 1392 obl.
728 1362 777 1392 Ac
810 1358 949 1391 minime
979 1357 1101 1390 eadem
1131 1356 1251 1389 existit
1278 1354 1474 1396 sententia,
1522 1354 1552 1387 si
1581 1360 1642 1386 aut

108 1409 288 1442 addideris
308 1417 382 1449 est,
409 1415 468 1441 aut
490 1407 698 1440 detraxeris.
750 1407 876 1438 Demto
900 1407 967 1438 hoc
987 1405 1095 1437 verbo
1118 1403 1312 1447 generatim
1345 1409 1450 1447 atque
1479 1401 1641 1434 universe

107 1457 266 1501 loquitur
288 1462 410 1499 poeta:
438 1454 588 1488 omnis
615 1453 734 1487 omni
766 1452 943 1486 homini
974 1453 1169 1485 fortuna
1195 1449 1396 1483 ferenda
1437 1455 1531 1489 est;
1573 1449 1641 1482 ad—

108 1504 202 1537 iecto
226 1503 372 1543 eodem,
399 1503 444 1535 ad
465 1514 539 1534 rem
562 1507 787 1547 praesentem
811 1501 898 1534 haec
917 1500 1135 1532 referuntur:
1173 1497 1466 1530 subeundum
1503 1502 1574 1529 est
1599 1501 1642 1529 et

108 1550 354 1584 ferendum
381 1550 538 1589 nobis,
565 1548 800 1594 quidquid
826 1559 908 1592 per
933 1547 1019 1579 hoc
1045 1545 1319 1586 ostendunt,
1346 1543 1642 1587 portendunt

70 1618 73 1624 ·
109 1597 197 1635 dii;
228 1597 300 1630 xid.
321 1598 364 1637 Q.
390 1598 432 1629 V.
457 1598 540 1637 XV,
565 1598 606 1636 7.,
632 1596 687 1629 cui
711 1595 802 1627 adde
824 1596 853 1634 (5.
875 1596 907 1630 3.
942 1598 1056 1639 Atque
1079 1593 1166 1626 haee
1197 1592 1289 1625 ratio
1320 1590 1559 1624 commendari
1586 1589 1642 1623 vi-

110 1646 214 1678 detur
234 1644 352 1677 verbis
373 1644 559 1688 Quidquid
587 1645 702 1683 erit,
727 1644 750 1675 i.
777 1654 805 1674 e.
835 1653 1085 1686 quemeumque
1109 1639 1209 1672 huius
1241 1638 1398 1683 portenti
1426 1644 1642 1671 eventum

112 1704 189 1725 esse
212 1692 333 1724 volunt
353 1691 417 1723 dii.
467 1694 535 1723 list
555 1696 614 1722 aut
633 1702 714 1722 casu
750 1689 880 1722 excidit
910 1689 945 1721 in
976 1687 1153 1721 nonnullis
1185 1686 1308 1726 libris,
1344 1692 1404 1718 aut
1439 1698 1459 1718 a
1488 1684 1641 1717 librariis

111 1739 156 1772 de
176 1738 347 1771 industria
371 1737 535 1770 omissum
557 1744 627 1777 est,
655 1736 768 1781 quod,
796 1748 814 1768 e
835 1735 997 1780 proximo
1025 1746 1126 1767 versu
1157 1733 1346 1774 adscitum,
1383 1731 1557 1775 ingratum
1585 1731 1641 1764 vi·-

112 1786 256 1818 deretur
279 1785 359 1817 huic
381 1785 461 1817 loco
481 1784 613 1816 inferre
631 1795 768 1816 sonum.
817 1783 888 1816 Sed
916 1782 1005 1815 nihil
1023 1794 1101 1814 esse
1116 1807 1124 1823 ,
1154 1780 1248 1825 quod
1277 1792 1317 1812 ea
1348 1791 1386 1812 re
1412 1779 1642 1820 offendamur,

112 1832 200 1866 alibi
217 1831 455 1866 declarabitur
473 1844 492 1864 a
509 1831 626 1864 nobis.
653 1831 752 1875 lVr.)

114 1940 294 1979 omnium
326 1939 498 1977 maxime
527 1939 656 1977 Pallas
696 1937 847 1976 docuit.

112 1999 194 2038 Nec
233 2012 386 2036 novum
423 1997 532 2047 hoc,
576 1995 687 2048 quod
722 1996 849 2034 Pallas

112 2056 363 2097 vaticinandi
419 2063 546 2094 artem
606 2054 848 2106 impertitur.

113 2116 246 2154 Habes
268 2115 497 2166 exemplum
529 2115 570 2151 in
599 2113 750 2151 Tiresia
785 2126 848 2164 ap.

114 2174 268 2212 callim.
299 2173 347 2211 H.
378 2173 418 2210 in
452 2173 547 2211 Lav.
576 2172 616 2210 P.
655 2174 735 2213 123
763 2183 847 2221 sqq.

114 2233 240 2283 Igitur
263 2230 328 2269 hic
352 2231 501 2269 Nautes
528 2243 718 2280 responsa
746 2229 849 2266 llaec

115 2290 257 2338 (labat,
283 2302 383 2340 quae
402 2303 498 2327 mox
517 2287 703 2340 exponit:
737 2288 852 2324 Nate

115 2349 208 2386 dea.
262 2347 487 2399 Respondit
507 2353 642 2384 autem
663 2350 701 2383 et
720 2344 853 2383 inter-

116 2405 315 2458 pretando
334 2405 577 2443 vaticinatus
597 2410 658 2441 est
677 2416 733 2452 ea,
751 2415 853 2454 quae

116 2463 183 2501 vel
222 2464 281 2500 ira
320 2463 439 2501 deum
483 2462 746 2514 portenderet
786 2460 852 2499 vel

117 2522 293 2559 fatorum
328 2521 429 2558 ordo
470 2526 670 2572 posceret,
713 2525 852 2557 osten-

118 2585 161 2616 to
218 2578 296 2616 hoc
360 2578 616 2615 incensarum
672 2576 851 2615 navium.

121 2636 241 2683 (Vera
279 2635 378 2673 haee
410 2635 722 2687 interpretati03
767 2634 851 2673 vid.

118 2694 165 2732 V.
186 2694 227 2731 L.
263 2692 377 2745 ll'rr.)
440 2693 523 2730 Aut
542 2694 643 2730 llaec
667 2699 726 2729 est
758 2692 850 2728 Pal-

119 2752 197 2801 las,
230 2765 331 2802 quac
350 2751 501 2788 Nautae
522 2751 717 2788 subiicere
747 2749 851 2786 sole—

118 2809 189 2847 bat
227 2822 301 2858 ea,
334 2821 434 2859 quae
473 2808 504 2845 is
550 2807 850 2846 vaticinaretur.

118 2867 307 2906 Attamen
327 2866 369 2904 in
392 2866 453 2903 his
473 2865 624 2916 aliquid
645 2864 736 2903 duri
758 2877 853 2912 esse,

117 2926 347 2965 adsensum
367 2923 482 2964 facile
510 2929 593 2975 est3
623 2935 697 2962 nee
725 2922 854 2961 Pallas

907 1950 1100 1987 responsa
1127 1936 1224 1973 clare
1243 1935 1354 1973 solet.
1417 1931 1553 1986 (Hanc
1578 1939 1642 1971 ta-

907 2007 999 2032 men
1065 1994 1438 2044 interpretationem
1506 1998 1642 2030 tuetur

908 2052 1115 2103 Ruhkops.
1161 2051 1279 2104 lVr.)
1343 2051 1481 2101 ltaque
1520 2050 1569 2088 de
1603 2063 1640 2089 v.

908 2114 1004 2153 706.
1031 2113 1113 2153 707
1134 2110 1183 2147 cf.
1207 2110 1299 2148 Var.
1322 2110 1425 2147 Leet.

966 2170 1245 2210 709—718.
1294 2166 1493 2205 Adhibuit
1537 2165 1579 2204 h.
1617 2165 1641 2203 l.

910 2232 1044 2266 vatem
1065 2232 1183 2278 poeta
1204 2239 1254 2264 ex
1278 2225 1499 2265 vetustiore
1518 2235 1642 2271 more,

911 2299 991 2336 quo
1010 2290 1151 2323 vatum
1165 2298 1211 2321 ac
1222 2283 1515 2336 prophetarum
1533 2282 1642 2334 ipso-

911 2355 1084 2393 rumque
1120 2343 1290 2380 deorum
1330 2354 1520 2393 responsa
1560 2353 1643 2377 non

911 2402 1061 2452 ubique
1088 2401 1249 2439 futuros
1276 2406 1446 2438 eventus
1480 2397 1643 2451 praedi-

911 2465 1029 2506 cunt,
1073 2472 1214 2496 verum
1244 2459 1479 2510 plerumque
1509 2455 1642 2493 moni-

910 2518 981 2566 tis,
1013 2516 1262 2564 hortatibus,
1305 2515 1477 2554 consiliis
1509 2513 1643 2551 conti-

911 2581 1071 2613 nentur.
1131 2576 1234 2611 Sane
1255 2574 1355 2611 bene
1384 2578 1423 2609 et
1443 2572 1644 2623 sapienter

909 2633 1111 2670 monendo
1159 2631 1271 2669 haud
1329 2645 1421 2668 raro
1481 2631 1643 2668 futuros

909 2690 1167 2728 consiliorum
1188 2696 1258 2727 aut
1277 2688 1500 2726 contrarios
1519 2701 1642 2726 even—

909 2753 974 2785 tus
994 2753 1084 2784 ante
1108 2748 1244 2785 oculos
1276 2748 1481 2799 ponimus:
1522 2746 1643 2796 idque

912 2806 943 2843 si
971 2805 1225 2855 ἐνθουσιῶν,
1255 2819 1398 2856 magno
1430 2817 1521 2842 cum
1562 2803 1643 2855 spi-

909 2863 995 2902 ritu
1015 2877 1060 2900 ac
1082 2870 1198 2901 motu
1226 2863 1348 2900 animi
1374 2862 1517 2913 aliquis
1537 2861 1644 2909 facit,

910 2935 993 2960 non
1016 2922 1164 2960 mirum
1192 2921 1226 2959 si
1256 2921 1298 2960 in
1331 2920 1644 2974 *praedictionem
