1811 3388
372 199 425 245 P.
467 194 645 243 VIRG.
683 192 843 239 MAR.
882 189 1226 238 AENEIDOS
1264 191 1384 239 LIB.
1422 193 1467 241 V

167 325 358 363 coloniam
403 320 666 359 transscribit:

171 384 220 420 tit
235 406 282 410 ——
299 383 392 422 778.

1569 197 1669 244 723

721 319 803 370 ipse
848 333 938 357 cum
981 317 1177 355 exercitus
1225 317 1370 354 robore
1410 317 1561 355 ltaliam
1600 332 1671 370 pe-

451 378 615 415 Interim
655 377 883 428 Neptunus,
925 375 1086 414 Veneris
1127 374 1307 425 precibus
1346 380 1552 423 exoratus,
1598 390 1671 412 na—

166 438 315 489 viganti
344 436 494 473 Aeneae
525 447 631 472 mare
662 440 795 472 tutum
827 433 1172 485 praestat—834.
1231 432 1453 479 Palinurus,
1485 431 1525 469 in
1558 439 1671 470 tanta

167 495 379 533 securitate
418 506 556 529 sonnio
596 493 879 539 succumbens,
927 503 1006 528 una
1049 503 1138 527 cum
1176 489 1444 540 gubernaculo
1486 489 1526 527 in
1562 503 1672 528 mare

168 551 388 590 excutitur:
419 550 580 600 eiusque
609 549 737 587 vicem
769 549 926 600 supplet
956 547 1117 584 Aeneas.

226 766 302 804 Pro
337 766 512 818 episodio
552 765 776 805 habendam
809 780 890 804 esse

171 824 359 861 maiorem
404 824 493 862 libri
527 831 707 875 partein,
757 825 889 875 negari

170 881 318 931 nequit,
342 894 414 918 nec
436 889 568 919 tamen
588 882 635 918 ab
657 889 889 932 argumento

171 939 279 990 epico
304 939 404 976 illud
435 940 657 976 seiunctum
688 945 748 987 et,
791 952 891 989 quae

172 1010 192 1032 a
217 996 352 1033 multis
380 998 629 1046 frequentata
663 1003 722 1033 est
750 1010 890 1048 repre-

170 1052 322 1100 hensio,
344 1054 514 1091 alienum
528 1053 767 1091 habendum.
801 1055 892 1091 Pri-

173 1125 236 1147 mo
270 1111 370 1147 libro
403 1111 476 1149 iter
510 1123 558 1147 ex
588 1112 717 1148 Sicilia
748 1111 787 1148 in
811 1113 891 1149 lta-

173 1168 264 1205 liam
284 1168 454 1205 faciebat
477 1168 650 1217 Aeneas,
680 1169 849 1207 reiectus
872 1182 893 1205 a

174 1238 294 1262 cursu
319 1239 389 1262 suo
413 1227 452 1262 in
475 1226 645 1263 Africam
673 1239 779 1263 nunc
799 1240 894 1263 ean-

175 1288 264 1320 dem
309 1283 597 1334 navigationem
644 1284 808 1334 repetit,
856 1289 897 1320 et

175 1340 330 1376 iamiam
356 1341 405 1377 ad
429 1341 564 1377 ltaliae
591 1341 727 1378 littora
749 1341 893 1392 appul-

176 1410 313 1434 surum
331 1409 420 1434 eum
448 1411 529 1435 esse
558 1398 753 1448 sperabas,
795 1400 894 1435 Ecce

178 1455 247 1491 tibi
264 1468 367 1491 nova
386 1455 441 1492 rei
464 1469 574 1493 mora
593 1456 786 1493 inlicitur!
816 1456 894 1492 ite-

176 1525 265 1549 rum
303 1513 432 1548 ventis
475 1513 684 1550 contrariis
716 1527 737 1549 a
777 1526 896 1550 cursu

179 1569 365 1619 depulsus
408 1569 448 1606 in
497 1569 666 1607 Siciliam
707 1570 896 1607 defertur.

177 1626 303 1663 Multa
349 1627 509 1664 omnino
543 1627 583 1664 in
625 1628 755 1664 Sicilia
785 1633 899 1665 erant

178 1683 441 1720 Troianorum
472 1691 511 1721 et
544 1684 697 1722 Aeneae
722 1685 897 1735 vestigia,

178 1747 223 1777 ut
246 1740 284 1777 in
308 1742 488 1779 Excursu
507 1743 713 1779 monitum.
762 1742 900 1779 Classis

179 1812 199 1834 a
233 1799 412 1835 Troianis
456 1800 686 1837 mulieribus
725 1800 898 1847 incensa,

178 1855 310 1893 sabula
350 1861 434 1892 erat
473 1857 623 1907 vulgari
671 1858 898 1894 narratione

178 1913 287 1950 trita.
355 1914 442 1950 Non
472 1915 593 1964 igitur
633 1915 758 1951 otiose
793 1914 899 1951 desi-

181 1971 274 2007 dere
314 1970 353 2006 in
381 1972 510 2008 Sicilia
541 1978 699 2022 poterat
737 1973 898 2019 Aeneas,

181 2040 252 2064 nec
268 2028 423 2064 incensa
453 2029 581 2065 classis
604 2030 813 2066 memorari
836 2029 899 2065 ni-

181 2085 211 2121 si
252 2085 443 2134 probabili
480 2086 609 2134 aliqua
646 2087 694 2122 de
730 2087 898 2123 ratione.

185 2141 318 2189 ltaque
355 2149 468 2192 poeta
509 2144 709 2192 praeclare
741 2158 784 2180 eo
816 2157 898 2180 rein

184 2198 373 2245 adducit,
414 2206 460 2235 ut
488 2200 635 2236 Aeneas
662 2202 763 2250 patri
798 2201 898 2237 inse-

183 2256 260 2292 rias
293 2256 427 2302 saciat,
470 2256 583 2293 ludos
619 2258 802 2294 funebres
836 2258 899 2294 in-

184 2313 344 2360 stituat,
395 2314 514 2350 cta-se
557 2315 711 2350 incensa
749 2321 899 2364 partem

185 2370 374 2406 comitum
407 2370 577 2421 deponat
608 2372 644 2408 in
678 2371 821 2419 insula,
863 2378 901 2408 et

187 2427 282 2463 urbe
315 2441 418 2464 nova
442 2429 600 2464 condita
629 2442 716 2465 eum
744 2429 903 2478 reliquis

187 2484 373 2521 discedat.
435 2485 608 2535 Agnosce
645 2493 782 2536 poetae
822 2487 902 2523 sive

185 2542 385 2591 ingenium
428 2544 509 2579 sive
546 2543 738 2580 iudicium
779 2550 819 2580 et
861 2544 901 2579 in

186 2597 281 2635 hoc:
339 2600 438 2636 Dum
479 2600 667 2637 ludorum
711 2601 901 2637 festivitas

187 2656 294 2693 viros
312 2657 472 2703 detinet,
506 2658 665 2694 navium
686 2658 900 2694 incenden-

190 2712 331 2750 darum
355 2720 508 2764 teinpus
533 2729 577 2751 ac
599 2716 775 2761 facultas,
808 2728 906 2765 quae

189 2769 283 2805 alias
305 2771 371 2807 vix
402 2785 609 2808 occurrere
628 2779 804 2823 poterat,
847 2773 907 2809 se-

189 2827 324 2873 minis,
359 2841 455 2877 quae
482 2830 584 2865 solae
617 2830 776 2866 relictae
800 2836 907 2878 sunt,

191 2882 283 2920 data
323 2891 392 2921 est.
452 2885 624 2923 Aeneam
653 2895 785 2924 autem
818 2900 910 2924 cum

947 766 1093 818 pietate
1124 771 1206 801 tam
1243 764 1433 815 insignem
1465 777 1547 801 esse
1573 764 1673 803 velit

948 830 1078 875 poeta,
1097 822 1192 871 quid
1208 822 1326 871 magis
1348 829 1672 870 consentaneum,

949 895 1068 931 quam
1090 886 1136 916 ut
1157 880 1186 915 is
1207 881 1328 930 patris
1342 879 1523 917 Manibus
1543 894 1672 917 sacras

949 937 1204 976 caerimonias
1226 937 1454 987 persolvat?
1486 938 1528 974 ln
1552 938 1672 974 ludo-

949 1009 1038 1033 rum
1071 994 1356 1044 descriptione,
1398 995 1505 1044 quod
1537 1008 1674 1032 rerum

949 1066 1069 1104 genus
1107 1052 1268 1089 omnino
1304 1052 1474 1089 multum
1508 1059 1673 1089 ornatus

951 1110 1138 1157 admittit,
1170 1109 1280 1146 facile
1301 1114 1358 1145 est
1378 1109 1428 1146 ad
1449 1110 1674 1160 intelligen-

953 1168 1070 1215 dum,
1108 1166 1295 1203 maiorem
1320 1167 1540 1215 veteribus,
1581 1167 1674 1216 qui-

951 1226 1026 1263 bus
1061 1230 1177 1275 poeta
1206 1237 1322 1261 suum
1350 1236 1442 1274 epos
1466 1225 1674 1275 pangebat,

953 1282 1215 1328 suavitatem,
1261 1294 1378 1330 quam
1412 1295 1520 1319 nunc
1559 1282 1674 1319 nobis

950 1339 1042 1376 inde
1065 1338 1277 1389 provenire
1296 1345 1440 1390 potest,
1463 1339 1580 1376 fuisse
1599 1339 1674 1376 ob·-

951 1398 1104 1434 ieetam.
1181 1396 1363 1446 Inprimis
1410 1409 1506 1434 vero
1555 1397 1674 1434 ludus

953 1454 1094 1492 Troiae
1132 1454 1332 1490 Romanos
1360 1454 1526 1491 lectores
1566 1454 1674 1491 dele-

954 1518 1060 1549 ctare
1082 1510 1232 1548 debuit.
1279 1510 1365 1547 Alia
1386 1510 1504 1548 liuius
1525 1511 1674 1548 descri-

954 1568 1105 1620 ptionis
1147 1568 1346 1615 suavitas,
1396 1582 1496 1617 quae
1542 1576 1674 1606 tamen

957 1627 1076 1663 etiam
1114 1626 1226 1662 nobis
1265 1632 1405 1675 parata
1438 1633 1477 1663 et
1513 1628 1675 1676 cognitu

955 1683 1077 1722 facilis
1105 1689 1185 1730 est,
1224 1695 1273 1719 ex
1298 1683 1509 1720 Homerica
1541 1684 1674 1721 imita-

956 1742 1065 1778 tione
1085 1740 1373 1791 proficiscitur,
1414 1741 1481 1790 qui
1502 1741 1613 1778 [liad.
1641 1752 1675 1790 ψ

957 1798 1127 1836 Patrocli
1168 1799 1287 1834 sunus
1332 1803 1368 1834 et
1408 1798 1523 1835 ludos
1560 1799 1677 1836 simili

958 1857 1068 1907 copia
1105 1855 1324 1905 descripsit.
1393 1856 1566 1893 'santum
1601 1870 1677 1894 au-

956 1920 1035 1951 tem
1059 1913 1181 1959 abest,
1214 1918 1258 1950 ut
1280 1913 1487 1959 Romanis,
1520 1914 1676 1962 quibus,

956 1985 1036 2008 non
1057 1970 1190 2017 nobis,
1221 1969 1418 2006 scribebat
1447 1977 1576 2021 poeta,
1608 1978 1678 2009 aut

956 2029 1168 2077 infringere
1218 2027 1514 2064 delectationem
1539 2058 1547 2075 ,
1607 2035 1678 2065 aut

956 2085 1140 2122 carminis
1172 2084 1401 2133 dignitatem
1431 2085 1584 2121 elevare
1612 2085 1677 2122 vi-

959 2144 1122 2180 deretur
1145 2142 1230 2177 talis
1253 2141 1431 2183 imitatio,
1466 2148 1509 2178 ut
1531 2144 1676 2192 potius,

958 2200 1112 2249 ingenio
1134 2212 1178 2233 ac
1198 2211 1313 2233 sensu
1339 2198 1495 2234 illorum
1523 2206 1677 2249 tempo-

957 2271 1046 2294 rum
1077 2263 1114 2292 et
1146 2254 1375 2301 hominum,
1416 2255 1457 2291 id
1481 2258 1588 2304 quod
1613 2264 1678 2292 to-

960 2322 1022 2351 tus
1043 2312 1224 2362 Virgilius
1246 2318 1284 2348 et
1305 2312 1492 2348 lloratius
1520 2313 1678 2362 docent,

960 2371 1056 2408 nibil
1088 2369 1398 2418 magnificentius
1429 2383 1472 2406 ac
1501 2371 1679 2421 splendi-

959 2429 1046 2465 dius
1067 2427 1187 2465 suerit
1209 2427 1334 2463 visum
1353 2426 1391 2462 in
1410 2434 1538 2477 poeta,
1561 2442 1678 2477 quam

961 2487 990 2522 si
1019 2488 1258 2522 Graecorum
1290 2490 1496 2533 poetarum
1528 2485 1610 2522 loca
1642 2491 1680 2522 et

962 2544 1120 2581 inventa
1161 2541 1366 2577 commode
1405 2549 1443 2578 et
1484 2543 1680 2592 ingeniose

961 2601 1001 2637 in
1023 2615 1091 2637 sua
1116 2598 1289 2636 carmina
1313 2599 1558 2639 transferret.

1018 2658 1093 2695 Sed
1116 2664 1160 2694 ut
1184 2655 1434 2692 delectationi
1466 2657 1505 2692 in
1534 2656 1608 2693 lioc
1631 2656 1679 2692 li—

966 2716 1036 2753 bro
1070 2728 1138 2766 per
1164 2713 1425 2750 certaminum
1447 2714 1681 2763 descriptio-

967 2786 1054 2809 neni
1080 2778 1286 2820 tantopere
1309 2770 1501 2817 studeret,
1526 2778 1681 2820 poetam

966 2842 1125 2867 inovere
1157 2829 1274 2864 etiam
1306 2827 1435 2877 potuit
1464 2827 1681 2876 argumenti

967 2887 1171 2933 sterilitas,
1202 2885 1243 2922 iu
1266 2896 1309 2920 ca
1333 2891 1461 2921 tamen
1483 2885 1681 2922 narratio-

1283 2952 1407 2995 46*
