1811 3388
402 184 806 233 AENEIDOS
843 186 980 236 LIB.
1024 189 1083 249 V,
1111 193 1335 242 86—95
1534 202 1634 248 739

125 309 429 373 Libavitque
452 307 636 373 dapes,
674 326 960 376 rursusque
983 312 1222 361 innoxius
1244 315 1352 362 imo

127 378 383 425 Successit
404 377 636 439 tumulo,
677 387 729 426 et
751 378 964 445 depasta
986 380 1164 430 altaria
1186 382 1351 449 liquit.

124 447 237 493 Hoc
262 446 423 509 magis
442 446 681 511 inceptos
700 449 925 510 genitori
949 449 1199 499 instaurat
1221 452 1473 516 honores,

122 516 382 576 IncertuS,
423 516 724 564 Geniumne
751 516 881 581 loci,
923 516 1256 570 famulumne
1280 523 1515 587 parentis
1563 528 1630 576 95

193 609 271 656 95.
303 609 570 655 FAMULUM

121 724 206 754 Aen.
232 723 275 762 V,
299 722 379 756 259.
405 724 480 762 VH,
506 723 585 757 349.
611 724 702 764 634„
736 724 868 769 apicem
894 725 1001 758 habet
1026 726 1060 759 in
1086 728 1246 761 Mediceo
1282 729 1369 762 haee
1404 742 1490 771 vox,
1524 731 1628 765 le'vis.

121 769 255 800 'l‘uetur
280 768 423 801 alteram
448 770 613 809 formam,
646 771 699 803 bis
724 777 858 804 tuntum
884 780 1087 816 praeterea,
1122 787 1170 807 vs.
1196 776 1276 809 259.
1304 783 1339 808 et
1375 777 1437 818 Xl,
1473 781 1549 818 40„
1583 779 1627 811 ab

121 814 199 858 ipso
237 814 444 855 exhibitam,
489 817 644 859 Heynins
687 817 720 848 in
764 818 902 860 Iudice,
940 831 1008 851 non
1043 820 1144 853 aliam
1178 822 1222 853 ob
1256 834 1415 863 causam,
1448 835 1549 867 quam
1583 837 1628 857 ne

122 861 218 899 λεῖος
243 867 278 892 et
301 861 444 903 κοῦφος
468 873 552 894 voce
577 862 700 895 iisdem
724 864 838 896 literis
871 872 1053 898 constante
1088 868 1312 910 significetur.
1351 869 1448 912 lVr.)
1496 884 1629 916 repens

120 907 277 939 l'arrhas.
305 919 344 939 ex
371 908 497 950 glossa.

593 911 637 944 93
663 913 811 943 secessit
831 912 910 944 Exc.
936 913 1118 946 Burmann.

1168 915 1335 947 Succedit
1361 923 1396 948 et
1421 916 1553 949 [inimic
1576 930 1626 961 pr.

120 954 243 985 Hamb.
292 956 474 986 Successit
502 961 536 986 et
560 956 692 1000 linquit
719 957 842 992 Medic.
869 970 944 990 cum
969 966 1118 1003 quatuor
1142 960 1230 992 aliis.
1266 961 1342 1004 (sed
1368 955 1624 1006 liquit'Medie.

121 1012 140 1031 a
166 1011 209 1031 m.
234 1012 318 1036 εει-,ς
345 1008 449 1041 recte,
475 1000 541 1033 vid.
568 1004 608 1042 Q.
635 1004 677 1034 V.
705 1005 778 1043 vll,
804 1005 836 1038 5.
866 1003 962 1048 Wr.)

1057 1008 1101 1042 95
1121 1007 1318 1040 Gem'mnve
1341 1014 1376 1040 et
1393 1007 1627 1054 famulumve

121 1046 270 1090 quinque
294 1048 476 1079 Burmann.
517 1047 729 1093 famulosne
753 1051 896 1084 Ondart.

120 1141 354 1177 Laocoonta
367 1150 521 1190 petunt.
563 1142 676 1190 Quae
701 1144 731 1181 si
753 1158 843 1182 cum

120 1195 158 1234 h.
178 1197 202 1234 l.
223 1211 436 1248 compares,
456 1199 729 1238 eodemmodo
748 1216 844 1252 pos-

120 1254 170 1290 sis
229 1255 414 1305 accipere.
484 1257 618 1293 laevia
670 1260 838 1308 poc-ecla,

119 1313 224 1358 λεῖα,
256 1311 432 1361 adeoque
459 1313 646 1362 nitentia,
676 1322 771 1366 puta
793 1329 842 1353 ex

120 1380 207 1404 aere
227 1381 318 1405 esse.
370 1371 542 1413 (illaria,
577 1385 649 1422 pro
675 1373 841 1424 dapibus

119 1426 306 1475 appositis
329 1426 440 1463 dixit.
485 1426 651 1478 (altaria
681 1431 840 1482 proprie

119 1482 268 1519 dictum
311 1496 390 1519 esse
434 1483 550 1522 docet
588 1487 756 1524 verbum
785 1490 839 1525 li-

118 1541 215 1590 quit.
255 1539 371 1591 ll'r.)

175 1598 297 1637 94—
311 1600 375 1637 99.
396 1599 591 1636 instaurat
607 1599 644 1637 h.
668 1600 690 1637 l.
711 1602 838 1654 simpl.

116 1653 279 1704 peragit.
357 1654 484 1692 Notus
531 1663 589 1693 est
641 1657 705 1694 hic
742 1673 836 1697 usus

116 1710 226 1747 verbi
246 1724 463 1755 sacrorum.
511 1714 726 1763 fizmulum
754 1731 836 1766 pa-

113 1770 256 1815 rentis,
301 1769 409 1817 quod
439 1783 578 1819 parum
617 1773 837 1822 expediunt

114 1824 259 1874 intpp,
291 1832 389 1875 puto
419 1826 570 1864 dictum
606 1842 680 1879 pro
711 1832 835 1868 Genio

114 1881 327 1920 Anchisae:
361 1882 619 1935 (θεράποντα,
651 1899 740 1924 eum
768 1889 836 1938 qni

114 1939 409 1976 acleslslomini.
468 1942 564 1979 Nam
583 1944 695 1981 Genii
716 1946 836 1982 mini-

114 1998 276 2032 sterium
296 2003 520 2046 praestant,
553 2008 748 2049 quatenus
767 2015 834 2053 gc—

115 2053 217 2088 nitos
254 2054 501 2104 suscipiunt,
550 2063 747 2105 tuentur,
790 2060 835 2096 iis

115 2110 261 2146 adsunt
290 2112 469 2161 perpetui
501 2115 661 2150 comites
690 2129 734 2151 ac
763 2130 835 2152 cu-

114 2166 273 2214 stodes,
327 2167 401 2204 hoc
435 2175 565 2206 autem
602 2171 688 2209 loco
716 2173 834 2210 etiam

114 2223 163 2259 ad
196 2223 341 2259 inferos
372 2226 615 2264 comitantur
655 2230 834 2268 animam.

114 2280 220 2317 llaec
242 2281 370 2317 elicias
391 2295 439 2318 ex
459 2283 515 2328 iis,
548 2298 647 2333 quae
673 2299 833 2323 coacer-

113 2343 204 2373 vata
248 2345 341 2375 sunt
384 2339 421 2375 in
461 2340 555 2377 lliss.
586 2342 748 2379 l‘asserii
785 2344 833 2380 de

113 2395 236 2430 Genio
277 2395 491 2434 domestico
530 2399 572 2435 T.
614 2399 662 2436 lll
710 2400 833 2437 Musei

113 2451 278 2489 Etrusci.
339 2453 397 2490 Ab
431 2455 604 2491 Etruscis
633 2457 735 2494 enim
765 2458 831 2494 in-

111 2508 247 2560 primis
280 2510 503 2559 religionem
531 2513 635 2549 illam
669 2527 831 2565 accepe—

111 2573 207 2603 runt
235 2567 410 2604 Romani.
456 2569 540 2605 Alio
562 2570 681 2608 modo
705 2572 742 2608 in
767 2573 829 2609 lo-

112 2623 164 2658 cis
186 2637 204 2658 a
231 2623 456 2662 Burin-'inno
480 2627 528 2662 ad
551 2627 746 2665 Vulci-41²1.
766 2630 828 2676 lv,

111 2681 193 2720 520
234 2682 415 2718 excitatis
455 2683 644 2721 dicuntur
679 2688 830 2732 samaa·

111 2739 352 2781 acsamulae
373 2741 531 2776 deorum
554 2741 606 2777 dii
635 2755 703 2779 scu
733 2744 826 2780 <lone

109 2793 279 2829 minores
299 2795 358 2831 vel
385 2796 480 2832 aliae
507 2804 694 2846 naturae,
726 2814 827 2849 qna-

108 2862 197 2886 rum
256 2851 470 2891 ministerio
529 2855 585 2891 dii
644 2863 827 2895 utuntur.

903 1143 1072 1197 (Famuli
1097 1147 1256 1184 nomine
1282 1161 1330 1185 ne
1358 1150 1525 1188 Genium
1552 1165 1625 1203 ap-

900 1203 1039 1252 pellari
1074 1205 1372 1254 existimemus,
1422 1214 1534 1245 vetat
1582 1209 1624 1246 id

900 1260 1028 1310 ipsum
1054 1290 1063 1308 ,
1105 1262 1213 1311 quod
1251 1264 1453 1314 praecedit
1488 1265 1623 1315 illique

901 1317 1138 1368 opponitur,
1181 1333 1322 1357 nomen
1351 1322 1486 1371 Genii,
1531 1336 1624 1361 nam

901 1374 1087 1424 distingui
1114 1375 1179 1412 hic
1198 1377 1300 1414 iuter
1318 1391 1376 1425 se,
1409 1385 1454 1416 ut
1483 1378 1623 1417 diver-

897 1444 981 1479 sos,
1014 1433 1182 1470 Genium
1203 1440 1242 1470 et
1259 1436 1464 1484 famulum,
1487 1444 1622 1488 aperte

896 1488 1045 1526 indicat
1073 1489 1154 1541 ipse
1193 1492 1408 1529 verborum
1448 1495 1622 1544 positus;

896 1545 937 1582 id
959 1546 988 1582 si
1015 1553 1129 1597 poeta
1149 1548 1277 1585 dicere
1292 1550 1495 1599 vomisset,
1512 1553 1621 1601 quod

897 1602 1093 1640 dicentem
1134 1605 1230 1643 sacit
1265 1606 1464 1657 lleynius,
1514 1616 1620 1646 certe

894 1658 993 1696 haec
1019 1661 1075 1697 ita
1106 1663 1338 1700 collocanda
1372 1671 1501 1702 erant:
1542 1667 1621 1703 loci

898 1717 1085 1765 Genium,
1112 1732 1191 1756 non
1212 1720 1286 1757 sic:
1313 1722 1485 1759 Genium
1512 1724 1618 1771 loci‚·

895 1780 964 1810 aut
983 1776 1246 1825 repetendum
1267 1784 1372 1824 erat,
1405 1779 1514 1829 quod
1537 1781 1619 1817 sine

893 1831 992 1868 vitio
1016 1832 1100 1869 lieri
1121 1841 1298 1884 poterat,
1331 1835 1435 1874 idem
1457 1850 1618 1876 nomeu:

897 1888 1117 1926 Genimnue
1149 1891 1252 1939 loc-i,
1291 1894 1618 1945 Geniumque

888 1949 1082 1994 parentis.
1148 1949 1244 1985 Cum
1268 1955 1400 1987 autem
1429 1951 1501 2001 ipsi
1530 1966 1617 1989 ser-

891 2008 1028 2051 pentes
1048 2017 1121 2053 pro
1149 2006 1280 2042 Geniis
1308 2007 1489 2044 locorum
1519 2009 1618 2046 culti

892 2059 971 2095 sint
992 2073 1011 2095 n
1032 2062 1253 2109 veteribus,
1285 2076 1360 2111 qua
1381 2064 1404 2100 (Ζ
1451 2078 1493 2101 re
1524 2067 1616 2103 vide

892 2122 1047 2165 praeter
1067 2120 1230 2155 Santrae
1251 2118 1426 2156 scholion
1449 2121 1499 2157 ad
1535 2122 1572 2159 li.
1591 2124 1615 2162 Ι.

892 2172 1066 2223 Interpp.
1100 2175 1149 2211 ad
1185 2176 1286 2215 Pers.
1327 2179 1406 2214 Sat.
1442 2178 1469 2224 l,
1510 2182 1613 2228 113„

891 2230 1051 2277 cadem,
1094 2245 1212 2280 quam
1249 2233 1368 2270 modo
1399 2235 1613 2285 tetigimus,

891 2287 1162 2336 oppositorum
1204 2290 1304 2326 ratio
1343 2305 1421 2327 non
1463 2294 1614 2342 patitur

890 2355 939 2379 ex
976 2344 1042 2381 illo
1083 2359 1192 2382 more
1241 2348 1612 2398 interpretationem

888 2400 984 2450 peti.
1013 2402 1147 2439 Restat
1163 2403 1293 2451 igitur,
1318 2405 1356 2441 id
1379 2407 1486 2455 quod
1509 2420 1612 2444 sem-

888 2470 958 2507 per
977 2459 1214 2497 tutissimuin
1235 2467 1289 2497 est
1311 2462 1348 2498 in
1381 2465 1611 2502 enarrandis

889 2514 1084 2552 bonorum
1115 2524 1322 2567 poetarum
1357 2521 1609 2569 carminibus,

887 2578 932 2608 ut
953 2585 1035 2608 eam
1057 2575 1359 2625 explicationem
1383 2590 1608 2627 sequamur,

887 2641 986 2677 quac
1008 2630 1258 2681 simplicitate
1281 2646 1376 2683 prae
1399 2637 1537 2672 ceteris
1570 2650 1608 2672 se

886 2689 1148 2725 commendet.
1213 2690 1253 2726 ln
1293 2692 1419 2728 servii
1457 2692 1607 2729 scholio

885 2743 1011 2780 mixta
1048 2745 1208 2794 legimus
1236 2753 1325 2797 apta
1357 2748 1507 2798 inepta,
1539 2750 1604 2786 sed

885 2800 983 2836 illud
1006 2815 1084 2838 non
1113 2804 1383 2853 negligendum
1408 2806 1605 2853 duxerim,

885 2857 1010 2906 quod:
1042 2872 1138 2909 „per
1168 2860 1421 2910 apotheosin,
1462 2864 1604 2911 inquit,

1219 2929 1328 2972 47*
