1779 3420
95 199 192 246 196

420 193 865 245 P.V1RG1L11
902 192 1278 242 MARONIS

88 324 170 371 Ne
208 337 312 387 qua
334 321 467 371 scire
492 320 663 381 dolos,
697 317 974 367 mediusve
1000 335 1282 368 occurrere
1310 320 1502 385 possit;

91 395 176 440 Tu
196 389 390 440 faciem
416 391 556 441 illius
578 398 797 438 noctem
816 404 931 436 non
957 389 1185 454 amplius
1205 406 1371 438 unam

87 460 237 510 Falle
270 461 418 525 dolo,
459 471 511 511 et
534 469 692 509 notos
716 459 870 525 pueri
897 475 1034 524 puer
1057 458 1221 508 indue
1244 459 1446 509 vultus:

89 533 175 594 Ut,
215 549 384 597 quum
411 541 464 580 te
488 530 695 595 gremio
720 528 950 594 adcipiet
975 527 1258 577 laetissima
1288 529 1431 579 Dido

1520 532 1620 580 685

88 601 301 666 Regalis
325 603 465 650 inter
487 616 698 649 mensas
725 598 1049 664 laticemque
1072 601 1323 662 Lyaeum,

91 674 272 734 Quum
297 671 443 720 dabit
469 669 743 735 amplexus
766 677 925 735 atque
950 668 1129 717 oscula
1156 669 1327 718 dulcia
1353 668 1495 734 figet,

91 741 382 792 Occultum
406 741 632 806 inspires
656 740 853 804 ignem,
892 736 1151 805 fallasque
1177 756 1406 789 veneno.

88 816 246 861 Paret
268 815 435 861 Amor
457 810 609 859 dictis
633 826 781 858 carae
804 809 1087 873 genetricis
1103 850 1114 871 ‚
1155 819 1208 858 et
1231 809 1335 859 alas

87 882 270 946 Exuit,
311 891 362 930 et
383 897 566 945 gressu
587 879 826 945 gaudens
853 879 1054 928 incedit
1078 879 1193 931 Iuli.

1519 883 1620 931 690

87 955 155 1002 At
177 955 361 1004 Venus
383 951 609 1001 Ascanio
634 950 898 1017 placidam
920 966 1019 1016 per
1042 950 1290 999 membra
1314 949 1554 1017 quietem

180 1081 250 1115 682
274 1092 321 1112 ne
341 1081 423 1124 quis
441 1078 542 1112 multi
560 1092 618 1124 ap.
642 1081 755 1112 Burm.
792 1077 911 1122 (etiam
933 1078 1010 1111 Alb.
1044 1079 1137 1121 lVr.)
1195 1079 1407 1123 mediusque
1427 1077 1619 1121 Hamburg.

86 1127 187 1161 alter.
257 1127 327 1162 683
352 1128 470 1173 ipsius
489 1140 541 1172 pr.
564 1129 691 1160 Moret.

85 1175 211 1219 pherb.
233 1173 266 1206 in
289 1176 372 1207 Sax.
389 1174 530 1207 collect.
580 1175 738 1220 accipiat
757 1186 826 1206 sec.
853 1174 979 1206 Moret.
1005 1173 1108 1206 male.

447 1223 516 1256 688
547 1221 740 1255 obscurum
769 1221 859 1253 alter
886 1220 1079 1264 Hamburg.

84 1223 183 1254 inter
203 1220 374 1253 Montalb.

765 1127 833 1162 685
851 1130 900 1159 Et
922 1126 1030 1159 Goth.
1054 1132 1137 1159 tert.
1183 1134 1223 1158 ut
1245 1134 1281 1157 te
1297 1138 1377 1157 cum
1396 1137 1481 1157 unus
1505 1125 1619 1157 Guel-

1203 1174 1271 1207 686
1297 1173 1460 1218 Regales
1490 1172 1620 1218 epulas

1122 1218 1322 1265 fallaxque
1352 1232 1530 1251 venenum
1563 1219 1617 1251 ed.

83 1270 223 1309 venet„
248 1280 317 1301 non
333 1267 467 1301 infelici
487 1281 620 1301 errore.
671 1269 741 1304 690
766 1276 801 1300 et
820 1268 926 1300 vulta
945 1267 1064 1300 Schol.
1084 1270 1171 1299 Stat.
1192 1268 1222 1299 11
1241 1266 1359 1299 Theb.
1378 1268 1435 1302 96.
1482 1278 1615 1311 gressu

82 1316 262 1361 gradiens
277 1318 395 1360 Sprot.
416 1328 435 1349 a
457 1328 501 1348 m.
529 1328 582 1360 pr.
632 1316 782 1348 incessit
812 1314 959 1348 Dorvill.

83 1362 219 1408 aliquot
237 1375 293 1407 ap.
315 1362 406 1395 Pier.

84 1470 273 1523 Cytheris
300 1478 364 1518 (ut
387 1470 415 1519 Ι,
439 1471 522 1513 295
544 1471 684 1508 sedens
704 1484 824 1520 super

83 1528 247 1580 arma),
281 1535 341 1566 est
363 1543 438 1581 pro
467 1531 535 1567 in:
566 1535 615 1567 ut
635 1526 738 1582 ὑπὲρ
764 1527 821 1565 si·-

84 1587 168 1625 mili
192 1587 314 1625 modo
339 1587 492 1625 dictum
515 1587 706 1627 occurrit.
747 1586 821 1623 Ni-

83 1645 117 1684 si
144 1645 259 1682 malis
286 1645 338 1683 ad
368 1653 526 1683 motum
557 1646 731 1693 referre,
773 1650 821 1682 ut

83 1704 207 1742 lateat
231 1704 342 1742 notio
367 1707 441 1744 τοῦ
465 1703 683 1742 abductum
700 1716 820 1755 super

83 1761 260 1814 Cythera
287 1768 327 1800 et
355 1762 541 1800 Idalium.
583 1760 720 1814 (super
744 1775 819 1813 pro

82 1822 125 1858 in
155 1826 195 1858 et
218 1820 278 1858 acl
298 1820 347 1858 de
366 1820 464 1858 locis
486 1820 708 1868 altioribus,
730 1819 820 1858 edi-

84 1878 276 1926 tim-ibus,
322 1878 434 1916 haud
466 1878 722 1929 infrequens;
765 1877 820 1914 sic

82 1936 202 1974 Ovid.
225 1936 318 1975 Met.
340 1937 429 1986 XV,
452 1937 564 1978 875.;
588 1951 736 1986 „super
757 1936 819 1973 al-

82 2001 124 2032 ta
153 1995 340 2047 perennis
370 1995 486 2033 Astra
516 1995 671 2032 serar.“
719 1993 816 2031 Aen.

83 2052 157 2101 VI,
191 2056 288 2095 203.
328 2053 425 2095 515.
457 2052 542 2091 Liv.
585 2051 711 2101 XXI,
757 2052 817 2094 5.:

82 2112 250 2159 „castris
286 2125 441 2163 super
479 2111 608 2163 ripam
638 2110 817 2162 posifisf‘

82 2169 231 2207 Contra
265 2169 314 2207 de
352 2169 496 2207 humili
532 2169 643 2217 loco,
685 2174 732 2206 ut
767 2167 817 2206 de

82 2227 197 2275 valle,
210 2227 282 2265 sub
307 2227 477 2265 dicitur:
512 2227 605 2265 Aen.
618 2227 687 2275 IX,
701 2224 816 2268 244:

82 2285 295 2334 „Vidimus
324 2285 504 2324 obscuris
526 2285 698 2337 primam
720 2284 815 2322 sub

80 2343 254 2381 vallibus
305 2344 498 2382 urbem.“
557 2343 643 2384 vid.
697 2344 815 2380 etiam

80 2400 174 2440 Not.
205 2401 258 2438 ad
286 2401 355 2440 Ge.
384 2402 441 2451 H,
477 2401 572 2443 157.
610 2400 732 2440 Bach.
764 2400 817 2438 ad

80 2459 227 2497 Tibull.
253 2459 300 2508 11,
328 2462 368 2508 3,
390 2463 457 2500 21.
489 2459 631 2511 Reisig.
662 2459 713 2497 ad
734 2459 816 2496 Oe-

81 2516 162 2569 dip.
183 2517 269 2557 Col.
294 2531 351 2555 vs.
373 2520 470 2558 666.
510 2517 575 2554 Sic
599 2517 717 2555 etiam
739 2532 817 2567 per

79 2589 155 2627 pro
178 2577 235 2624 in,
271 2574 320 2612 de
346 2575 434 2613 loco
465 2575 611 2627 amplo,
642 2581 688 2613 ut
716 2575 814 2613 Aen.

79 2633 145 2681 VI,
168 2632 282 2675 743.;
314 2632 489 2682 „exinde
516 2646 607 2684 per
638 2633 814 2684 amplum

77 2690 280 2730 Mittimur
309 2691 528 2743 Elysium.“
552 2713 610 2720 -—
639 2693 815 2741 sopilum

78 2764 216 2787 somno
248 2750 427 2788 illustrat
459 2749 617 2788 Wakef.
651 2748 703 2786 ad
730 2750 813 2787 Lu-

79 2814 177 2846 eret.
202 2807 267 2857 IV,
291 2806 388 2850 455.
417 2809 486 2846 W
481 2805 529 2860 r.)
562 2815 724 2844 sacrata
746 2821 811 2844 se-

77 2867 152 2914 de,
186 2865 230 2906 ἐν
261 2864 428 2918 τεμένει.
478 2872 523 2903 ut
562 2864 812 2903 Erechtheus

77 2923 239 2962 abditus
259 2930 346 2962 erat
373 2923 414 2961 in
441 2922 646 2961 Minervae
675 2937 811 2961 sacra-

1055 1315 1121 1350 691
1148 1314 1328 1360 placitam
1354 1313 1504 1346 sollenni
1529 1313 1617 1346 vitio

881 1470 941 1507 rio
964 1466 1025 1522 (11.
1048 1470 1086 1522 β,
1104 1466 1206 1522 549)
1239 1474 1310 1506 aut
1337 1466 1548 1506 Phaethon
1576 1467 1617 1505 in

882 1528 1046 1565 Veneris
1114 1527 1265 1579 templo
1332 1541 1391 1578 ap.
1454 1525 1615 1563 Hesiod.

882 1585 1028 1637 Theog.
1052 1587 1149 1627 990.
1212 1587 1308 1626 682.
1338 1600 1386 1622 ne
1416 1600 1514 1636 qua,
1545 1599 1615 1622 ra-

881 1644 988 1681 tione
1023 1657 1069 1681 ac
1101 1644 1186 1693 via3
1224 1645 1322 1680 scire
1355 1657 1428 1694 pro
1469 1643 1614 1680 rescire

883 1702 1048 1740 dictum.
1107 1702 1264 1739 medias
1306 1716 1502 1738 occurrere
1520 1732 1528 1747 ‚
1572 1701 1613 1737 in

880 1760 1012 1797 medio
1041 1760 1224 1811 negotio,
1258 1772 1344 1811 sup.
1371 1758 1454 1799 348
1504 1760 1613 1808 Quos

879 1820 980 1855 inter
1008 1819 1164 1855 medius
1193 1820 1299 1855 vena
1319 1817 1457 1868 saror.
1512 1816 1551 1855 h.
1588 1817 1611 1854 l.

880 1876 928 1913 de
958 1889 1016 1925 eo,
1049 1876 1117 1926 qui
1137 1875 1469 1927 impedimentum
1487 1875 1611 1913 affert.

879 1934 1304 1985 6b3.saciemj}1lle,
1341 1933 1523 1982 mentire,
1556 1933 1609 1971 si-

878 1992 1008 2040 mula,
1044 1992 1183 2030 salsam
1213 1991 1370 2029 exhibe.
1427 1992 1476 2029 cf.
1507 1992 1610 2029 Ger-

876 2064 984 2092 man,
1009 2051 1146 2101 facies
1170 2065 1244 2102 pro
1272 2056 1355 2088 toto
1379 2064 1547 2102 corpore
1573 2055 1611 2086 et

876 2107 1032 2147 habitu.
1066 2122 1102 2146 v.
1124 2107 1163 2148 h.
1188 2109 1212 2146 l.
1234 2109 1370 2148 Burm.
1393 2110 1440 2146 cf.
1459 2123 1497 2147 v.
1511 2109 1609 2151 658.

875 2175 988 2204 notos
1026 2168 1185 2214 vultus,
1230 2180 1279 2204 ex
1313 2180 1426 2204 inore
1467 2174 1609 2218 poeta-

875 2238 989 2274 rum,
1023 2226 1072 2262 de
1097 2225 1213 2263 vultu
1241 2225 1434 2276 cuiusque
1456 2239 1541 2274 suo,
1565 2238 1610 2261 ac

874 2282 1053 2335 proprio.
1116 2285 1212 2324 686.
1241 2285 1403 2321 lalicem
1424 2285 1609 2335 Lyaeum

874 2355 949 2393 pro
983 2341 1159 2393 vulgari:
1200 2342 1310 2379 latex
1340 2342 1470 2393 Lyaei.
1531 2341 1607 2378 Sed

874 2406 1088 2451 poetarum
1139 2413 1250 2437 more
1303 2414 1378 2451 pro
1421 2399 1607 2438 derivato

875 2457 1097 2506 adieetiv0‚
1129 2459 1239 2494 latex
1265 2459 1461 2509 Lyaeius²
1498 2457 1605 2509 quod

873 2516 1005 2566 ipsum
1026 2516 1097 2554 vix
1129 2529 1225 2553 usus
1258 2516 1395 2566 ferret,
1426 2516 1606 2567 ponitur.

876 2575 971 2614 688.
1023 2575 1190 2624 inspires
1243 2575 1403 2623 ignem,
1473 2586 1607 2611 nonne

873 2632 1009 2682 paullo
1041 2631 1184 2670 durius
1221 2630 1329 2669 hoc'?
1361 2638 1400 2668 et
1427 2631 1607 2682 iungitur

875 2689 995 2727 etiam
1030 2704 1134 2728 nova
1170 2689 1229 2727 rei
1260 2689 1411 2740 imago:
1445 2690 1606 2739 fallas-

873 2762 949 2798 que
975 2762 1141 2795 veneno,
1182 2746 1220 2785 h.
1251 2760 1282 2784 e.
1323 2761 1394 2799 per
1424 2747 1606 2785 fraudem

872 2818 1073 2843 venenum
1094 2805 1126 2842 ei
1147 2805 1326 2843 instilles.
1387 2805 1510 2854 Quod
1531 2820 1606 2844 au-

872 2868 952 2901 tem
978 2862 1057 2900 hoc
1090 2863 1144 2901 ita
1176 2862 1355 2901 adstruit
1386 2871 1528 2916 poeta,
1559 2869 1607 2901 ut

872 2921 1065 2960 Didonem
1094 2922 1197 2959 inter
1221 2922 1395 2961 convivii
1423 2921 1607 2960 hilarita-
