1731 3420
117 266 186 311 22
514 257 1133 319 DISQUISITIO
1206 257 1229 303 Ι

120 384 284 434 hendi
329 385 494 451 possit
543 385 663 447 (etsi
702 382 949 432 nonnulli
988 382 1041 431 id
1083 380 1283 430 faciunt
1327 380 1379 427 in
1430 378 1626 427 nostris

120 471 338 521 quoque
371 454 564 520 poetiS‚
612 455 770 503 etiam
810 454 860 501 in
892 451 1338 516 ingeniosissimo,
1376 447 1627 497 Wielan-

121 525 232 588 do),
285 533 343 573 ut
371 532 587 588 poetam
626 522 844 572 doctum
882 522 1013 570 nihil
1043 520 1205 583 magis
1237 526 1417 582 arguat
1446 526 1498 566 et
1531 518 1627 568 de.-

121 603 245 644 ceat.
321 593 427 642 Sed
454 595 505 642 in
528 592 742 656 Virgilio
771 589 1222 658 reprehendendo
1247 588 1331 637 vel
1352 587 1624 638 laudando

120 663 174 713 id
190 703 202 724 ‚
242 661 387 729 quod
413 663 584 730 primo
606 663 723 711 loco
744 660 1101 727 reputandum
1125 667 1257 719 erat,
1294 674 1406 706 non
1431 660 1626 708 memi-

119 741 307 781 nerant
334 733 427 782 viri
461 732 627 793 docti,
677 740 917 797 poetam,
958 729 1159 779 etiamsi
1189 728 1465 792 ingenium
1500 745 1626 778 eum

122 802 185 852 ad
208 818 343 850 nova
369 811 420 850 et
450 803 635 850 intacta
666 801 890 863 tulisset,
929 799 1033 848 hoc
1069 815 1194 848 suae
1227 799 1381 847 aetati
1409 798 1626 865 suisque

119 871 463 938 popularibus
497 870 730 920 tribuere
772 870 1039 930 debuisse,
1087 878 1174 918 aut
1210 869 1396 917 saltem
1423 869 1477 916 in
1509 871 1626 935 opi—

121 943 282 989 nione
317 941 426 989 eius
453 941 708 1005 temporis
736 939 1008 989 communi
1043 939 1435 987 excusationem
1459 938 1627 989 habe-

118 1028 202 1073 re,
242 1027 360 1058 cum
400 1010 464 1059 ad
497 1019 662 1058 artem
688 1019 876 1076 poetae
912 1019 963 1058 et
995 1008 1059 1057 ad
1095 1010 1357 1058 maiorem
1381 1010 1626 1059 carminis

120 1080 422 1128 suavitatem
442 1080 709 1145 pertinere
732 1080 1064 1139 crederetur,
1103 1084 1145 1128 si
1174 1084 1331 1128 malta
1362 1100 1422 1129 ex
1456 1084 1626 1130 Grae-

122 1155 191 1198 cis
214 1160 370 1198 essent
393 1169 627 1213 expressa
646 1155 721 1198 vel
742 1154 1059 1200 adumbrata.

254 1221 360 1269 XII.
407 1221 521 1267 Hoc
556 1220 733 1267 aetatis
772 1237 895 1269 suae
935 1219 1155 1279 iudicio„
1205 1236 1231 1267 a
1262 1228 1448 1268 nostro
1482 1218 1625 1271 forte

119 1302 273 1335 sensu
315 1304 528 1352 prorsus
559 1289 757 1353 alieno,
805 1290 1107 1339 continetur
1142 1287 1386 1338 defensio
1416 1301 1625 1356 poetae,

122 1366 171 1405 et
208 1374 379 1405 caussa
411 1367 653 1422 perorata
687 1368 787 1419 est,
825 1359 865 1408 si
905 1359 1039 1408 illud
1072 1359 1503 1409 demonstratum
1530 1362 1623 1410 de-

121 1426 263 1476 dero,
338 1426 541 1475 Scilicet
561 1430 789 1478 Romani
815 1429 1106 1478 litterarum
1135 1429 1320 1478 lumen
1355 1448 1379 1479 a
1413 1434 1626 1480 Graecis

120 1505 451 1561 acceperant3
506 1514 812 1548 sermonem
857 1516 1013 1548 suum
1051 1499 1116 1548 ad
1156 1502 1355 1549 Graeca
1390 1502 1627 1567 expolie-

120 1574 234 1612 rant
265 1574 314 1613 et
346 1566 750 1632 locupletarant3
799 1586 857 1618 ex
895 1570 1108 1619 Graecis
1142 1570 1300 1635 primi
1331 1580 1525 1636 poetae
1547 1571 1626 1621 fa-

119 1634 290 1694 bulas,
327 1652 449 1683 mox
486 1645 537 1684 et
577 1639 721 1703 epica
751 1639 1003 1700 carmina,
1055 1643 1511 1705 converterant*);
1559 1642 1625 1691 ad

122 1707 315 1752 Graeca
342 1705 577 1771 exempla
601 1724 655 1757 se
677 1719 1091 1775 composuerant
1115 1710 1173 1772 ii,
1214 1710 1302 1776 qui
1326 1712 1484 1776 primi
1514 1711 1625 1761 ele-

118 1774 318 1835 gantiae
352 1783 402 1822 et
429 1779 679 1826 venustati
716 1781 964 1828 orationis
995 1779 1311 1829 studuerant
1332 1787 1424 1846 **).
1497 1786 1627 1831 Per—

122 1843 301 1890 lustret
326 1844 455 1891 mihi
492 1845 673 1912 aliquis
706 1858 948 1898 veterum
984 1859 1268 1916 poetarum
1300 1860 1420 1900 ante
1455 1853 1628 1918 Virgi-

125 1911 248 1959 lium
272 1912 583 1977 [rag-menta,
622 1918 860 1983 inprimis
876 1921 1056 1981 Ennii,
1097 1920 1354 1987 pleraque
1378 1939 1438 1970 ex
1461 1926 1626 1974 Grae-

123 1998 184 2027 co
217 1981 392 2046 aliquo
418 1994 574 2048 poeta
614 1996 699 2035 aut
732 1988 891 2039 latine
926 2007 1165 2056 expressa
1211 2000 1298 2040 aut
1329 1992 1624 2044 imitatione

121 2050 425 2100 adumbrata
467 2054 676 2107 videbit.
755 2060 927 2108 Etiam
981 2060 1196 2109 Plautus
1236 2078 1293 2110 ac
1340 2065 1625 2113 Terentius

120 2120 215 2167 toti
249 2119 359 2167 sere
413 2140 471 2170 ex
504 2126 711 2175 Graecis
750 2129 832 2178 vel
878 2130 941 2178 ad
975 2133 1206 2179 Graecos
1239 2135 1530 2197 comparati
1574 2145 1626 2184 et

122 2191 383 2238 constituti
409 2202 541 2243 sunt.
600 2196 680 2244 Ad
704 2200 898 2248 Graeca
922 2218 1139 2265 prorsus
1164 2202 1372 2266 ingenia
1394 2220 1449 2252 se
1475 2222 1626 2253 com-

120 2275 346 2322 posuere
391 2263 642 2324 Ronlani3
699 2267 749 2315 in
791 2271 1001 2319 Graecis
1032 2272 1313 2336 pueritiam
1349 2283 1401 2321 et
1442 2275 1625 2324 adole-

121 2329 377 2408 scentiam·
395 2336 789 2388 consumebant.
858 2342 930 2387 Ex
960 2341 1138 2389 multis
1160 2343 1505 2409 scriptorum,
1544 2346 1624 2394 in—

122 2415 300 2461 prmus
323 2401 614 2463 CiceroniS„
653 2405 780 2455 locis
800 2410 978 2457 notior
1004 2428 1087 2459 res
1111 2421 1202 2472 est,
1243 2430 1403 2478 quam
1423 2424 1481 2464 ut
1502 2416 1624 2482 plu-

120 2483 172 2513 ra
209 2466 275 2513 de.
315 2485 369 2515 ca
416 2475 682 2523 monenda
717 2477 832 2528 sint.
904 2482 1114 2546 ltaque,
1155 2483 1250 2531 etsi
1277 2485 1484 2533 exculto
1520 2487 1622 2535 iam

119 2553 368 2583 sermone
398 2542 666 2603 Romano,
716 2555 766 2593 et
802 2548 1038 2612 pluribus
1067 2554 1441 2603 Romanorum
1476 2556 1623 2621 inge-

236 2677 268 2729 ‘)
305 2679 361 2715 Ita
383 2681 450 2717 (Iu.
473 2681 617 2720 Matius
649 2686 805 2725 Iliadem
833 2688 955 2741 (uude
986 2692 1123 2744 fragm.
1153 2695 1261 2745 apud
1280 2696 1418 2748 Scalig.
1444 2698 1495 2735 ad
1519 2698 1623 2736 Var-

118 2748 202 2771 rou.
224 2735 272 2771 de
297 2737 363 2773 lili.
386 2738 450 2786 vl,
480 2754 564 2790 pag.
591 2741 670 2783 149
692 2746 920 2799 Stcpllan.),
968 2750 1094 2788 Varro
1118 2750 1312 2791 Atacinus
1342 2755 1622 2805 Argonautica.

234 2792 292 2856 *‘)·
320 2796 467 2832 Graeca
503 2801 697 2849 expressit
727 2803 766 2839 in
799 2805 916 2856 epicis
952 2807 1141 2848 Catullus.
1211 2811 1300 2850 Hoc
1334 2795 1441 2851 idein
1474 2815 1625 2853 fecerat

117 2849 157 2886 (ἶ.
177 2849 343 2914 Helvius
364 2853 486 2890 (Iiuua
514 2856 553 2892 in
572 2859 741 2909 Smyrna
772 2876 860 2909 sua,
892 2863 1078 2913 Augustei
1113 2874 1246 2906 autem
1278 2873 1364 2910 aevi
1395 2886 1624 2911 memoran—

118 2912 181 2943 tur
211 2909 344 2956 mulli,
387 2913 450 2959 qui
479 2925 548 2964 cpe
579 2928 627 2952 ex
658 2918 818 2957 Graecis
840 2921 980 2959 sabulis
1009 2936 1326 2975 composuerant.
1382 2932 1483 2969 cons.
1504 2932 1621 2971 Ovid.

116 2964 210 3016 ΕΗ).
233 2980 279 3002 cx
302 2967 425 3004 Ponto
448 2970 506 3015 W,
546 2974 608 3012 16.
