1827 3436
334 235 745 288 AENEIDOS
784 235 927 282 LIB.
966 235 1030 296 11,
1069 241 1362 288 221—235

1504 244 1601 291 301

91 370 233 416 Tum
259 380 384 413 vero
409 360 720 411 tremefacta
740 377 911 409 novus
930 377 1029 427 per
1044 369 1261 426 pectora
1283 361 1481 410 cunctis

88 437 324 487 Insinuat
343 448 533 499 pavor3
585 440 637 480 et
659 430 831 480 scelus
855 430 1166 497 expendisse
1187 439 1491 479 merentem

88 510 391 556 Laocoonta
420 500 625 563 ferunt,
663 517 870 549 sacrum
898 501 987 566 qui
1017 498 1233 565 cuspide
1255 498 1423 548 robur

1504 508 1607 553 230

89 573 343 631 Laeserit,
384 580 436 620 et
458 579 609 634 tergo
635 569 943 618 sceleratam
966 569 1237 618 intorserit
1256 570 1474 622 hastam.

87 641 408 695 Ducendum
439 639 503 688 ad
527 639 682 688 sedes
703 639 1073 703 simulacrum,
1115 638 1429 706 orandaque
1455 638 1605 689 divae

87 712 316 764 Numina
345 709 690 760 conclamant.

87 781 380 832 Dividimus
402 795 610 841 murOS‚
652 787 704 827 et
724 779 941 826 moenia
965 776 1251 843 pandimus
1270 776 1430 828 urbis

88 851 390 914 Adcingunt
413 865 603 898 omnes
625 848 798 914 operi,
837 847 1175 914 pedibusque
1198 855 1438 896 rotarum
1503 851 1604 900 235

181 993 250 1027 228
275 999 389 1024 trema
413 988 524 1035 facta
551 990 639 1032 Reg.

88 1040 211 1072 sinuat
242 1051 271 1071 v.
303 1037 346 1069 ad
375 1038 455 1071 208.

87 1088 151 1121 231
181 1086 329 1118 torserit
347 1083 480 1117 Zulich.

733 989 803 1023 229
830 987 1049 1033 expandisse
1066 987 1204 1031 Menag.
1229 997 1284 1031 pr.
1322 998 1355 1019 v.
1378 985 1493 1018 Burm.
1541 986 1604 1018 in-

550 1036 619 1070 230
652 1047 796 1068 sacrum
821 1037 907 1079 quia
936 1046 989 1079 pr.
1024 1035 1154 1067 Moret.
1211 1035 1275 1078 qui
1304 1045 1447 1066 sacrum
1478 1033 1601 1075 Puget.

560 1083 629 1116 232
655 1082 773 1114 sedem
792 1081 925 1113 Zulich.
948 1094 967 1114 a
987 1093 1030 1114 m.
1051 1092 1105 1125 pr.
1152 1081 1251 1113 sedis
1267 1091 1321 1124 pr.
1346 1080 1471 1111 Moret.
1511 1079 1603 1112 llor-

87 1132 273 1177 rendaque
291 1132 412 1163 Franc.
434 1142 452 1162 a
472 1141 516 1161 m.
535 1140 588 1173 pr.
645 1129 715 1164 233
738 1128 944 1162 conclamat
962 1134 1042 1160 tert.
1063 1127 1204 1159 Mentel.
1226 1139 1243 1159 a
1265 1139 1310 1159 m.
1335 1138 1387 1170 pr.
1444 1123 1515 1160 234
1525 1123 1603 1171 dlf—

84 1179 233 1221 fidimus
252 1177 367 1210 Schol.
394 1177 518 1220 Cruqn.
549 1177 673 1208 Horat.
700 1176 745 1207 111
767 1174 831 1207 Od.
857 1175 898 1210 16
925 1175 968 1206 ad
997 1186 1028 1207 v.
1054 1175 1097 1208 13
1127 1173 1266 1219 diffidit
1294 1173 1434 1205 urbiam
1470 1180 1603 1217 portas

92 1227 157 1259 l'ir
180 1225 346 1259 Macedo.
395 1227 438 1256 At
458 1222 597 1265 vulgata
629 1221 812 1254 retinenda
837 1232 907 1253 non
938 1221 1043 1254 modo
1078 1228 1225 1265 propter
1254 1219 1423 1252 librorum
1450 1230 1603 1251 consen—

88 1284 180 1313 sum,
222 1271 284 1303 sed
317 1277 353 1302 et
380 1270 473 1314 quod
511 1267 648 1301 doctior
688 1274 724 1300 et
755 1267 961 1311 exquisitior
999 1275 1062 1299 est.
1109 1268 1150 1299 cf.
1183 1266 1380 1298 Markland.
1402 1265 1446 1298 ad
1477 1267 1566 1298 Stat.
1587 1266 1603 1297 I

86 1319 168 1351 Silv.
193 1320 218 1358 Ι,
247 1320 289 1351 10
310 1319 420 1350 Hunc
438 1328 554 1360 neque
583 1315 746 1347 discissis
784 1316 963 1359 cepissent
993 1315 1176 1359 Pergama
1201 1314 1334 1353 muris,
1361 1323 1428 1356 quo
1449 1311 1484 1343 in
1509 1311 1602 1353 loco,

88 1378 129 1397 ex
156 1364 307 1408 Virgilio
341 1374 527 1408 expresso,
561 1360 759 1393 Marklandi
794 1360 1070 1392 emendationem
1097 1361 1224 1392 divisis
1255 1370 1326 1391 nou
1348 1359 1438 1390 bene
1467 1359 1602 1402 spernit

86 1413 200 1444 Burni.
218 1410 311 1443 adh.
333 1411 357 1442 l.
385 1408 482 1452 (urbi
506 1407 583 1441 Alb.
615 1407 709 1449 Wr.)

790 1407 858 1441 235
877 1408 979 1453 operi
998 1419 1121 1440 omnes
1141 1406 1232 1438 alter
1247 1406 1371 1438 Hamb.
1392 1417 1467 1438 cum
1489 1405 1599 1437 Goth.

85 1465 168 1491 tert.
219 1456 504 1501 tVVakefieldium
537 1455 581 1487 ad
614 1455 678 1487 Ge.
709 1454 751 1495 ΙΙ,
776 1454 834 1488 33.
865 1453 1041 1496 corrigere
1065 1454 1272 1497 Accingunt
1302 1465 1341 1484 se
1372 1454 1474 1498 operi
1499 1458 1601 1485 notat

88 1506 185 1538 Iahn.
216 1504 313 1548 IVr.)
362 1511 517 1548 stuppea
539 1500 694 1534 scribunt
714 1500 847 1545 optimi.
894 1500 1020 1544 (Palat.
1046 1508 1188 1545 stupea.
1218 1499 1315 1542 Wr.)

83 1620 274 1673 pedibus,
315 1619 355 1659 h.
388 1633 421 1658 e.
451 1620 558 1658 inter
587 1617 731 1670 pedes,
777 1623 816 1654 et

86 1685 177 1731 post
195 1678 375 1730 clipeum.
399 1678 554 1728 Egregie
568 1676 646 1714 hoc
658 1689 680 1712 a
695 1680 815 1727 poeta

87 1736 369 1774 adumbratum
400 1749 449 1773 ex
478 1748 545 1784 eo,
584 1733 694 1784 quod
722 1732 815 1770 Pal-

84 1793 185 1831 ladis
233 1794 341 1845 signa
387 1789 569 1845 (ξόανα)
608 1790 814 1828 interdum

85 1851 299 1889 draconem
328 1851 496 1902 pedibus
528 1849 815 1900 adporrectum

83 1908 255 1947 habent:
286 1908 389 1947 utin
409 1909 493 1960 ipso
511 1907 580 1945 illo
603 1911 815 1958 praestan-

85 1967 237 2004 tissimo
279 1965 444 2004 Phidiae
486 1965 596 2016 signo
644 1965 684 2001 in
725 1975 815 2000 arce

83 2023 348 2067 Athenarum.
378 2037 418 2062 v.
438 2023 551 2061 Paus.
576 2022 604 2071 I,
633 2020 701 2062 24.
761 2020 816 2059 Il-

83 2082 157 2120 lud
200 2088 333 2120 tamen
375 2081 470 2118 satis
520 2084 812 2132 portentosum,

86 2139 196 2190 quod
226 2154 248 2176 a
276 2139 377 2176 mari
402 2152 472 2190 per
500 2150 686 2188 campum
708 2136 813 2173 Tro-

85 2197 222 2235 ianum
254 2196 305 2234 ad
327 2196 466 2234 urbem
500 2201 540 2232 et
564 2207 695 2232 arcem
730 2191 811 2243 hy-

85 2254 147 2292 dri
195 2267 233 2291 se
279 2253 481 2292 volvendo
530 2255 813 2303 pervenerunt.

85 2312 325 2360 Modestius,
371 2310 480 2362 quod
507 2309 618 2347 Iliad.
648 2325 697 2356 υ,
732 2307 813 2349 147

84 2369 217 2407 bellua
238 2369 391 2407 marina
422 2364 484 2419 (7:0¹
512 2365 650 2418 κῆτος)
676 2377 814 2417 perse-

85 2427 223 2477 quitur
246 2426 459 2465 Herculem
478 2438 498 2461 a
518 2423 705 2461 littorein
724 2422 813 2474 pla-

86 2484 223 2522 nitiem
241 2480 318 2525 ἀπ’
341 2479 484 2536 ἠϊόνος
501 2482 698 2522 πεδίονδε.

145 2544 402 2584 228-232,
435 2540 571 2577 Scelus
596 2537 814 2589 expendis-

86 2615 143 2648 se,
199 2599 417 2649 exquisite,
463 2609 611 2648 poenas
653 2595 813 2633 meritas

84 2670 160 2708 pro
175 2657 332 2705 scelere,
355 2654 569 2705 sacrilegi0‚
592 2654 632 2691 in
653 2666 811 2704 equum,

85 2714 288 2753 Minervae
342 2713 492 2750 donum
515 2741 525 2760 ,
589 2711 811 2749 commisso.

86 2769 244 2823 (sc-elmi,
266 2772 290 2809 i.
312 2784 347 2821 q.
366 2781 517 2822 poenae
538 2768 714 2818 sceleris3
743 2768 811 2805 in-

85 2828 144 2866 sra
161 2829 245 2877 Vll,
275 2830 389 2869 307.:
430 2826 616 2875 „Quod
645 2825 812 2863 scelus

85 2891 156 2923 aut
190 2884 379 2937 Lapithas
414 2890 594 2933 tantum,
634 2889 704 2922 aut
734 2883 812 2920 Ca-

697 2938 811 2992 Wr.)

84 2941 233 2994 lydona
283 2942 634 2980 merentem?“

873 1625 1050 1669 tergum,
1092 1630 1132 1655 v.
1163 1629 1251 1668 sup.
1280 1615 1331 1654 ad
1359 1628 1398 1654 V.
1428 1616 1495 1665 50,
1529 1616 1599 1654 ubi

873 1676 981 1713 latas
1004 1681 1042 1712 et
1061 1675 1201 1712 alvum
1222 1674 1393 1712 dixerat.
1453 1673 1507 1711 At
1527 1687 1600 1711 va-

872 1733 993 1771 riavit
1014 1738 1061 1771 ut
1078 1738 1196 1783 poeta
1207 1747 1218 1780 3
1259 1737 1298 1769 et
1312 1736 1424 1783 patet
1442 1739 1599 1781 tergum

872 1790 1004 1828 latius.
1063 1791 1122 1827 ad
1150 1790 1285 1838 sedes,
1339 1789 1454 1837 deae,
1492 1787 1533 1827 h.
1567 1802 1598 1827 e.

871 1847 1085 1899 templum,
1135 1846 1245 1898 quod
1284 1847 1325 1884 in
1369 1858 1459 1884 arce
1500 1853 1598 1884 erat.

873 1906 1147 1943 simulacrum.
1203 1903 1462 1943 Homericum
1510 1900 1601 1957 μεγ’

873 1961 1031 2016 ἄγαλμα
1059 1965 1171 2003 θεῶν
1195 1958 1439 2014 θελκτήριον
1458 1961 1534 2000 Od.
1555 1966 1599 2011 θ,

872 2021 968 2062 509.
1000 2021 1230 2072 orandaque
1250 2020 1369 2057 divae
1390 2020 1595 2067 IVumina,

872 2090 1021 2116 numen
1059 2077 1141 2115 eius
1179 2077 1456 2125 exorandum,
1509 2077 1598 2128 pla-

870 2135 1056 2173 candum.

928 2191 1167 2234 234—236.
1196 2191 1434 2228 Dividimus
1454 2205 1598 2239 muros,

871 2249 1068 2300 exquisite
1100 2262 1173 2299 pro
1210 2248 1425 2285 dissolvere
1458 2254 1497 2285 et
1533 2248 1598 2285 di-

870 2319 1069 2358 rumpere,
1100 2311 1145 2342 ut
1166 2304 1298 2343 aditus
1330 2305 1419 2354 fiat,
1452 2311 1522 2344 aut
1551 2311 1598 2343 ut

870 2364 909 2403 h.
932 2365 957 2402 l.
978 2364 1096 2401 latius
1119 2369 1275 2414 pateat3
1304 2376 1395 2400 nam
1415 2363 1463 2400 de
1483 2369 1598 2414 porta

873 2425 993 2459 Scaea
1024 2421 1165 2471 agitur,
1209 2434 1230 2457 a
1267 2434 1343 2471 qua
1372 2434 1453 2458 non
1483 2420 1598 2472 longe

873 2480 1005 2518 stabat
1027 2492 1175 2528 equus;
1207 2478 1250 2518 ἐν
1271 2474 1428 2527 πύλαις,
1456 2485 1502 2516 ut
1514 2479 1596 2516 Eu-

871 2538 945 2589 rip.
978 2536 1124 2574 Troad.
1167 2536 1261 2577 521.
1311 2538 1470 2573 moenia
1499 2535 1539 2574 h.
1571 2536 1596 2574 l.

872 2594 1037 2647 proprio
1065 2593 1309 2644 significatu,
1343 2599 1388 2631 ut
1418 2593 1596 2631 aedificia

870 2653 979 2691 intra
1007 2665 1144 2690 muros
1170 2651 1260 2688 sint.
1291 2664 1330 2688 v.
1354 2651 1490 2689 Burm.
1511 2650 1551 2688 h.
1571 2651 1596 2689 l.

871 2716 912 2747 et
942 2709 1096 2746 Lexiea.
1153 2706 1273 2760 (adde
1302 2708 1348 2745 V.
1380 2709 1420 2747 L.
1448 2708 1498 2745 ad
1526 2709 1595 2757 IX,

872 2770 966 2808 196.
1001 2764 1127 2819 Wr.)
1204 2768 1421 2815 accingunt
1450 2778 1510 2815 se,
1557 2779 1596 2804 v.

868 2838 955 2863 var.
981 2824 1073 2864 lect.
1114 2822 1165 2860 ad
1194 2836 1233 2861 v.
1262 2824 1358 2863 208.
1419 2832 1595 2860 rotarum

870 2882 1010 2932 lapsus
1037 2880 1186 2932 egregie
1214 2893 1288 2931 pro
1313 2880 1500 2931 simplici,
1530 2895 1595 2916 ro-

870 2947 948 2989 tas,
978 2951 1079 2990 quae
1092 2938 1266 2976 labentes
1288 2936 1480 2976 dicuntur
1497 2949 1595 2988 poe-
