1779 3420
154 217 255 265 822
477 212 532 259 P.
569 208 923 260 VIRGILII
959 206 1334 257 MARONIS

154 339 305 404 Ipsae
324 335 427 384 iam
451 344 672 398 matreS‚
710 335 836 401 ipsi,
876 331 1068 399 quibus
1091 348 1273 398 aspera
1293 329 1567 398 quondam

155 408 278 461 Visa
305 405 464 454 maris
484 403 643 455 facies
665 446 677 469 ,
716 413 769 453 et
790 419 902 452 non
924 401 1201 452 tolerabile
1226 418 1448 465 numen,

228 494 342 542 768.
378 502 563 536 NOMEN

251 606 319 641 767
344 606 454 650 Ipsae
475 604 500 636 i.
520 614 564 636 m.
589 603 712 647 ipsae,
735 614 767 647 q.
797 608 946 646 quatuor
968 601 1102 641 Buvm„
1135 605 1171 632 et
1197 598 1247 632 sic
1275 611 1333 644 ap.
1360 597 1526 632 Nonium.
1564 597 1675 643 (quod

159 652 331 685 immerito
351 650 522 694 probatur
542 648 707 688 Heinsi03
741 648 785 681 cf.
805 660 856 681 vs.
884 649 966 683 770.
1004 647 1098 690 Wr.)
1194 645 1263 681 768
1296 657 1437 678 nomen.
1483 644 1582 678 Adeo
1606 643 1675 676 ssu-

160 705 256 732 ctuat
279 698 478 731 criticorum
496 707 604 740 opera
623 694 659 727 in
678 694 819 736 multis,
851 700 910 736 ut,
946 693 1041 738 quod
1071 693 1162 726 alter
1193 691 1374 736 reposuit,
1408 692 1497 724 alter
1525 690 1676 733 reiiciat,

160 746 326 779 reiectum
347 744 433 777 alius
454 743 607 775 reducat.
658 743 735 782 Quo
755 742 833 785 ipso
854 748 1022 786 apparet,
1061 739 1149 772 nihil
1174 738 1283 783 magis
1304 738 1572 782 improbandum
1598 749 1675 771 esse

161 805 263 838 quam
281 789 499 824 temerariam
520 787 683 821 lectionis
708 788 947 821 mutationem.
996 786 1111 830 Vulgo
1143 786 1275 819 editum
1301 793 1354 818 est
1382 797 1526 818 numen.
1555 785 1676 818 Heius.

163 853 181 873 e
202 838 318 872 Nonio
344 843 379 870 et
402 835 528 869 Medic.
554 848 573 868 a
591 847 636 868 m.
654 847 708 880 pr.
741 840 953 880 reposuerat
981 846 1123 867 nomen.
1173 833 1364 866 Revocavit
1393 833 1575 865 Burmann.
1601 844 1676 865 ηα-

162 899 239 919 men
255 911 263 927 ‚
288 884 383 917 nulla
406 890 541 924 tamen,
566 882 660 926 quod
677 883 906 927 expectabas,
933 880 1165 926 explicatione
1183 879 1240 913 vel
1260 879 1494 912 illustratione
1526 878 1675 911 adiecta.

163 934 238 967 Nec
274 931 455 975 quicquam
489 929 611 962 melius
651 929 881 973 suppeditant
915 928 1150 961 membranae.
1207 928 1296 960 Nam
1330 926 1424 970 quod
1464 925 1500 958 in
1530 932 1678 970 utroque

162 978 287 1012 Hamb.
307 977 521 1021 adscriptum
543 987 608 1021 pro
628 988 701 1009 var.
718 976 800 1009 lect.
823 975 878 1008 vel
898 975 1041 1017 lumen,
1074 985 1260 1019 perperam
1291 973 1431 1006 factum.
1480 973 1678 1006 Romanus:

163 1037 238 1060 non
261 1022 451 1058 tolerabile
469 1024 626 1063 coelam5
653 1022 702 1056 sic
724 1030 756 1055 et
772 1023 951 1064 Parrhas„
978 1021 1073 1066 quod
1090 1033 1152 1065 per
1175 1033 1212 1053 se
1235 1021 1364 1053 bonum
1391 1031 1529 1052 sensum
1559 1019 1678 1061 habet,

162 1071 267 1106 modo
286 1070 484 1104 memineris
507 1069 639 1103 caelum
659 1082 734 1102 esse
752 1076 1022 1113 tempestatem,
1047 1069 1162 1109 cuius,
1188 1074 1294 1111 puto,
1332 1066 1568 1110 navigantium
1596 1066 1680 1110 plu-

162 1119 286 1153 rimum
302 1118 460 1150 interest.
510 1118 585 1150 Hoc
603 1116 761 1161 quidem,
796 1117 826 1149 si
856 1117 899 1149 de
928 1127 1005 1148 meo
1033 1122 1093 1147 aut
1118 1126 1220 1147 sensu
1249 1120 1308 1147 aut
1334 1113 1463 1146 iudicio
1491 1113 1680 1157 quaeritur,

164 1165 379 1211 praeferam3
423 1164 534 1197 habet
567 1164 657 1196 enim
688 1164 932 1196 auctoritatem
960 1163 1140 1201 idoneam3
1178 1168 1232 1194 est
1259 1160 1400 1205 poetica
1431 1160 1591 1193 oratione
1621 1159 1680 1192 di-

165 1224 289 1257 gnum3
314 1211 414 1244 notio
442 1211 535 1244 caeli
554 1217 608 1243 est
627 1211 888 1244 accommodata
907 1209 1138 1253 navigationi3
1172 1220 1272 1241 mare
1300 1215 1336 1240 et
1367 1207 1507 1240 caelum
1536 1206 1681 1240 iunctim

164 1259 351 1292 memorari
371 1257 530 1291 sollenne
555 1263 626 1297 θεῖς
652 1257 710 1302 qui
727 1269 823 1290 mare
842 1257 987 1299 horret,
1014 1256 1137 1289 horret
1156 1266 1295 1299 quoque
1316 1254 1468 1294 caelum,
1494 1253 1580 1286 atris
1612 1266 1681 1286 nu-

165 1306 267 1339 bibus
287 1305 475 1338 obductum
491 1310 527 1336 et
544 1304 655 1337 ventis
677 1304 870 1344 turbatum3
906 1304 978 1336 eius
1011 1303 1197 1348 adspectus
1226 1302 1316 1334 adeo
1349 1313 1424 1333 esse
1458 1307 1577 1344 potest
1603 1308 1681 1334 ter-

166 1352 279 1387 ribilis
301 1358 338 1384 et
354 1350 616 1389 intolerabilis-3
651 1362 735 1395 ergo
768 1363 879 1392 nunc,
911 1349 1041 1396 quibus
1070 1362 1169 1383 mare
1198 1350 1316 1381 visam
1341 1360 1510 1393 asperum
1540 1356 1576 1380 et
1607 1360 1681 1381 non

167 1398 359 1433 tolerabile
376 1398 516 1431 caelum
545 1397 637 1430 omui
663 1398 768 1430 modo
799 1398 986 1430 convenire
1016 1396 1129 1430 videri
1156 1401 1287 1439 potest.
1336 1394 1487 1428 Videtur
1514 1406 1597 1427 sane
1625 1395 1681 1427 le·-

167 1445 256 1479 ctio:
281 1458 434 1486 numen,
460 1443 592 1489 aliquid
611 1444 784 1477 reconditi
802 1444 952 1484 habere;
989 1442 1059 1476 sive
1081 1450 1197 1476 tamen
1229 1454 1362 1475 numen
1395 1443 1509 1474 maris
1533 1441 1578 1473 ad
1604 1443 1683 1474 Ne-

167 1498 313 1538 ptunum
348 1504 388 1524 ac
422 1492 508 1524 deos
533 1491 685 1524 marinos
715 1491 809 1524 trahi
836 1491 944 1532 velis,
985 1490 1059 1523 sive
1086 1501 1219 1523 numen
1245 1489 1289 1521 ad
1314 1489 1410 1530 fata,
1447 1487 1619 1521 vaticiniis
1648 1495 1684 1521 et

169 1539 322 1582 auguriis
344 1544 558 1577 monstrata,
584 1545 620 1570 et
640 1538 684 1571 ad
704 1538 901 1579 fortunam,
934 1544 1082 1578 statum,
1117 1535 1353 1569 conditionem
1386 1547 1451 1578 per
1481 1535 1542 1568 illa
1568 1535 1683 1567 desti—

169 1592 303 1626 natam,
328 1585 460 1617 referas
481 1584 547 1628 (uti
568 1598 597 1618 v.
617 1597 646 1618 c.
666 1586 723 1626 ill,
742 1585 812 1620 363
830 1586 954 1618 cuncti
973 1591 1172 1617 suaserunt
1193 1583 1341 1616 numine
1363 1582 1456 1622 divi,
1484 1582 1550 1614 iam
1569 1588 1684 1614 autem

171 1644 276 1675 supra
294 1632 367 1664 fata
387 1638 571 1673 accusant,
604 1637 777 1676 tamquam
808 1632 893 1664 dura
921 1637 956 1663 et
985 1630 1178 1673 crudelia);
1214 1635 1372 1661 neutrum
1399 1641 1473 1661 cum
1508 1628 1578 1661 loci
1600 1641 1684 1661 seu-

170 1678 280 1712 tentia
303 1685 538 1722 comparatum
569 1678 654 1710 satis
687 1679 853 1710 idoneum
887 1690 982 1719 esse,
1020 1684 1080 1709 aut
1107 1689 1240 1710 namen
1270 1688 1345 1708 non
1375 1674 1566 1708 tolerabile
1593 1676 1684 1708 bene

172 1724 260 1765 dici,
291 1725 495 1768 comperies·
546 1725 709 1765 Numen,
743 1724 927 1767 δαίμονα,
967 1724 1011 1756 de
1042 1724 1183 1755 fortuna
1212 1722 1301 1762 dici,
1339 1722 1513 1754 sententia
1543 1734 1585 1754 eo
1615 1722 1684 1755 du-

172 1778 292 1811 cente,
324 1782 427 1803 nemo
457 1770 613 1811 dubitet5
647 1777 683 1803 at
721 1771 810 1803 enim
837 1783 970 1803 numen
1000 1768 1231 1803 intolerabile
1259 1768 1405 1801 ostendit
1431 1780 1495 1811 per
1523 1781 1580 1808 se;
1614 1776 1685 1801 tum

172 1829 244 1850 non
261 1817 422 1850 convenit
443 1829 517 1850 cum
536 1816 698 1861 reliquis:
724 1816 854 1862 quibas
876 1830 975 1849 mare
1006 1818 1121 1849 visam
1148 1827 1317 1861 asperum
1353 1823 1388 1847 et
1407 1813 1570 1859 fortuna
1606 1817 1686 1848 visa

174 1872 229 1897 est
255 1862 510 1896 intolerabilis.
559 1865 656 1896 Mare
685 1869 720 1896 et
747 1864 887 1896 fortuna
918 1875 987 1895 non
1014 1862 1121 1895 amice
1150 1861 1345 1895 consociari
1374 1861 1551 1894 videntur:
1588 1862 1686 1906 quod

172 1917 307 1943 terrere
324 1916 482 1954 poterat,
512 1917 585 1943 erat
610 1910 807 1943 recordatio
834 1921 1076 1942 aerumnarum
1104 1915 1140 1941 et
1166 1908 1401 1941 discriminum
1434 1910 1546 1941 maris
1571 1909 1686 1942 caeli-

175 1970 243 2002 que
259 1956 553 1989 vicissitudinibus
572 1956 863 2000 provenientium.
911 1957 993 1989 Cum
1023 1956 1142 2000 itaque
1172 1967 1348 1987 versemur
1365 1954 1401 1987 in
1438 1967 1523 1987 voce
1555 1962 1609 1988 tot
1636 1955 1685 1988 li—

174 2003 367 2037 brariorum
386 2003 546 2037 ludibriis
574 2003 743 2044 obnoxia,
770 2016 922 2046 nomen,
953 2015 1104 2043 numen,
1139 2003 1278 2044 lumen,
1311 2002 1473 2044 caelum,
1506 2002 1686 2035 Heinsium

175 2050 338 2083 deserere
365 2050 479 2090 nolui,
524 2062 625 2095 quem
668 2058 703 2082 et
738 2050 883 2083 Brunck.
922 2057 1018 2082 recte
1059 2056 1223 2094 sequutus
1262 2056 1336 2090 est,
1378 2048 1567 2093 reduxique
1596 2050 1685 2082 adeo

175 2109 325 2136 nomen;
349 2097 443 2140 quod
462 2097 552 2129 bene
570 2096 684 2129 sentio
713 2098 757 2130 ad
785 2096 990 2141 dignitatem
1022 2096 1156 2140 epicam
1183 2096 1274 2128 haud
1307 2107 1509 2139 assurgere,
1550 2108 1687 2128 sensum

175 2150 290 2176 tamen
328 2143 437 2176 habet
474 2143 692 2188 expeditum:
740 2155 834 2176 mare
884 2144 1052 2188 adspectu
1088 2143 1251 2186 dictuque
1296 2142 1519 2175 intolerabile
1566 2143 1686 2175 visum.

178 2189 315 2232 (Lectio
345 2190 483 2223 coelum
512 2191 567 2223 vix
597 2190 736 2223 dubites
766 2190 849 2235 quin
880 2202 920 2222 ex
949 2189 1241 2233 interpretatione
1276 2189 1435 2222 vocabuli
1465 2202 1596 2222 numen
1628 2195 1688 2221 aut

177 2236 364 2269 mendosae
384 2236 546 2269 lectionis
567 2237 687 2270 lumen
707 2244 785 2270 orta
804 2237 866 2277 sit;
891 2249 969 2269 nam
989 2249 1092 2280 quum
1122 2242 1366 2280 quaereretur,
1392 2236 1485 2279 quod
1515 2248 1640 2269 numen
1667 2248 1687 2269 a

179 2289 284 2328 poeta
301 2282 573 2326 significaretur,
605 2283 709 2317 facile
737 2283 855 2328 potuit
883 2283 1027 2328 aliquis,
1067 2282 1125 2327 qui
1153 2283 1255 2315 maris
1284 2282 1442 2327 coelique
1477 2282 1687 2316 mentionem

180 2340 246 2361 una
266 2341 371 2374 saepe
396 2329 472 2362 fieri
495 2330 728 2371 meminisset,
762 2330 797 2363 in
829 2342 902 2362 eam
931 2330 1132 2373 opinionem
1159 2329 1336 2370 incidere,
1369 2336 1407 2361 ut
1437 2329 1609 2361 coelum
1637 2329 1687 2361 si·-

180 2375 334 2418 gnificari
353 2383 509 2420 putaret,
532 2377 585 2409 cui
605 2376 657 2409 rei
675 2378 793 2410 favere
814 2377 888 2410 visa
907 2385 983 2409 sunt
1013 2377 1184 2417 fortasse,
1218 2388 1305 2421 quae
1334 2388 1436 2419 supra
1462 2375 1625 2419 leguntur
1653 2376 1688 2408 in

182 2422 301 2454 eadem
328 2434 431 2456 causa
468 2436 517 2457 vs.
551 2425 618 2459 627
649 2436 718 2468 sq.:
762 2424 911 2466 „freta
938 2443 982 2448 —
1009 2423 1245 2467 Sideraque
1282 2425 1477 2455 emensae.“
1524 2424 1600 2455 Nec
1632 2423 1688 2455 le·-

184 2527 374 2555 crescens.
457 2517 707 2555 Crebrescunt
745 2525 906 2567 optatae
965 2518 1072 2555 niani
1091 2517 1209 2554 animi
1242 2516 1444 2554 levitatem
1480 2523 1520 2554 et
1546 2517 1688 2554 incon-—

184 2586 307 2609 aurae
328 2587 413 2624 sup.
436 2574 500 2622 HI,
523 2575 618 2615 530.
679 2574 741 2611 Ad
774 2581 904 2613 totuin

184 2630 315 2667 locum
355 2632 512 2669 confert
544 2631 673 2671 Valer.
718 2631 905 2669 Flaccum

184 2686 249 2724 lib.
267 2687 296 2735 I,
316 2689 399 2728 312
415 2701 498 2738 sqq.
518 2688 769 2739 Pomponius.
792 2688 905 2726 Adde

184 2744 316 2782 locum
336 2743 430 2782 hinc
459 2758 689 2796 expressum
719 2746 832 2782 Statii
865 2746 905 2782 in

187 2801 358 2839 discessu
410 2802 654 2841 Achivorum
709 2802 776 2839 lib.
842 2802 906 2851 lv,

190 2862 240 2900 16
263 2872 318 2908 sq.

244 2919 497 2958 767-769.
538 2917 696 2968 Egregie
736 2917 785 2954 ad
830 2916 908 2954 hu-

964 2575 1170 2612 stantiam!
1202 2575 1248 2611 cs.
1281 2574 1400 2612 eund.
1430 2574 1603 2612 Statium
1635 2577 1688 2616 22

964 2645 1020 2681 sq.
1087 2630 1405 2683 (Ipsae—ipsi,
1447 2631 1527 2670 vid.
1558 2632 1607 2679 Q.
1644 2632 1688 2669 V.

964 2688 1105 2735 XVIII,
1136 2691 1175 2737 2,
1210 2702 1245 2726 ο.
1288 2689 1406 2741 lVr.)
1465 2703 1607 2726 nomen
1643 2696 1689 2727 ut

966 2758 1014 2783 ne
1036 2745 1176 2782 auditu
1196 2745 1356 2795 quidem
1388 2746 1591 2784 tolerabile
1627 2760 1689 2784 es-

967 2809 1037 2840 set.
1101 2801 1320 2852 (ttevocavi
1360 2818 1534 2855 numen,
1586 2804 1625 2842 h.
1665 2804 1689 2842 l.

967 2860 1087 2897 ferei.
1109 2874 1145 2909 q.
1165 2860 1418 2910 violentia1n3
1436 2861 1537 2899 infra
1560 2875 1690 2899 mon-

968 2932 984 2954 s
999 2923 1043 2954 tr
1057 2930 1130 2955 um
1151 2919 1373 2969 appellatur
1391 2932 1499 2957 mare
1519 2933 1575 2957 vs,
1595 2918 1689 2960 849·
